1878 3172
182 154 265 196 504
286 155 311 185 c
650 142 910 187 IOANNIS
950 141 1461 186 SARESBERIENSIS
1593 140 1704 203 [nm.
1722 153 1783 186 111
1847 123 1863 156 ῑ

326 264 617 307 Multitudine
650 265 800 321 itaque
829 264 918 307 tuti
948 266 1054 307 sunt
1087 266 1133 307 et
1162 263 1350 306 artificio
1383 265 1437 306 ut
1469 262 1588 320 ipsos
1615 262 1787 320 possint
1848 263 1851 281 ⁵

326 334 461 377 etiam
481 348 606 391 reges
633 336 679 376 et
704 334 924 391 principes
944 347 1224 391 expugnare3
1255 335 1300 375 et
1318 331 1431 375 miro
1457 331 1586 375 modo
1605 331 1786 375 inermis
1853 370 1865 379 ,,

244 398 249 403 ”
325 403 514 460 populus
538 403 765 460 praeualet
784 403 831 444 in
858 405 1051 445 armatos
1077 405 1122 445 et
1145 402 1330 445 mollitie
1350 415 1462 458 quae
1481 401 1787 445 robustissima
1861 424 1865 433 .

326 474 432 514 sunt
470 464 674 528 potenter
713 473 951 529 expugnat.
1025 470 1339 527 Disposueram
1377 473 1527 514 tamen
1565 471 1693 514 silere
1731 470 1787 513 de
1850 470 1871 515 ,'·

280 545 310 585 d
326 541 532 584 mollibus
558 542 646 598 qui,
671 541 786 584 sicut
811 540 1103 599 ignominiosi,
1130 540 1196 583 ita
1219 543 1325 584 sunt
1351 542 1397 583 et
1422 539 1634 583 uidentur
1662 539 1786 597 igno-
1803 553 1824 589 s
1848 528 1871 580 2‘·

325 610 567 653 minabiles.
626 610 863 654 Silentium
898 610 1055 652 indicit
1092 609 1341 653 reuerentia
1369 624 1555 661 morum,
1584 612 1630 652 et
1663 623 1786 652 uere·
1852 626 1877 659 ;ι.,

324 679 494 723 cundus
518 679 692 723 animus
718 682 880 722 natura
906 679 1101 722 dictante
1127 678 1305 722 illorum
1331 678 1524 722 declinat
1550 681 1786 736 aspectum.
1851 677 1855 739 s
1870 669 1878 700 ¹,

325 748 444 802 Quid
463 749 637 791 multa?

323 839 326 841 ’
529 838 579 881 Si
607 840 770 881 natura
799 840 944 895 negat,
974 837 1084 881 facit
1113 837 1362 895 indignatio
1390 837 1587 880 uerbum.

325 929 458 987 Apud
493 930 601 972 istos
631 944 707 972 ars
742 932 810 972 est
840 920 966 972 suam
999 928 1260 986 pudicitiam
1290 929 1566 986 prostituere,
1598 930 1788 973 alienam
1806 944 1858 970 ιο

324 999 491 1042 uiolare
510 998 582 1040 uel
602 1012 868 1055 oppugnare.
928 997 1021 1040 Nec
1043 997 1220 1054 quidem
1247 997 1505 1055 simpliciter
1531 1013 1668 1049 suam,
1688 1012 1789 1042 cum

324 1067 596 1110 matrimonii
616 1069 888 1108 temerentur
907 1066 1006 1109 iura
1026 1068 1071 1108 et
1090 1066 1288 1123 coniugis
1308 1066 1576 1109 adulterium
1595 1066 1790 1110 coniunx
1824 1073 1827 1074 ’
1846 1061 1850 1082 ”

325 1139 540 1194 procuret.
590 1136 710 1179 Dum
731 1135 957 1193 egreditur
975 1150 1136 1192 sponsa
1156 1135 1210 1178 de
1225 1135 1432 1187 thalamo,
1447 1136 1677 1193 coniugem
1696 1135 1789 1179 noli
1853 1131 1855 1135 ’

325 1205 538 1248 maritum
567 1205 742 1248 credere
775 1204 852 1247 sed
886 1204 1098 1247 lenonem.
1160 1204 1369 1248 Producit
1402 1219 1511 1256 eam,
1541 1204 1788 1247 libidinosis

327 1275 510 1332 exponit
539 1277 595 1325 et,
615 1275 653 1317 si
683 1289 781 1331 spes
810 1274 949 1317 dolosi
973 1274 1143 1316 nummi
1167 1273 1399 1331 refulgeat,
1423 1275 1605 1318 affectus
1628 1273 1787 1317 callida
1805 1290 1846 1327 15

327 1343 608 1386 simulatione
647 1343 890 1400 prostituit.
963 1342 1078 1384 Filia
1116 1357 1306 1399 namque
1350 1342 1584 1394 decentior,
1623 1345 1704 1386 aut
1748 1342 1787 1386 si
1835 1334 1867 1384 .Ϊ

181 1418 263 1460 505
281 1419 311 1448 a
329 1413 435 1469 quid
475 1412 597 1454 aliud
635 1412 683 1454 in
722 1411 893 1454 familia
931 1411 1103 1467 placeat
1141 1410 1303 1461 ditiori,
1336 1411 1520 1468 publica
1550 1425 1676 1454 merx
1710 1412 1810 1462 est,
1834 1410 1851 1454 ἦ·

328 1481 530 1538 exposita
563 1481 741 1537 quidem
775 1480 813 1522 si
848 1483 1089 1536 emptorem
1120 1479 1333 1523 inueniat.
1391 1479 1479 1522 Sed
1508 1479 1612 1523 licet
1644 1480 1789 1523 iustus
1844 1510 1846 1513 .

328 1550 452 1594 dolor
473 1565 544 1593 eos
564 1550 843 1606 aliquatenus
863 1548 1038 1599 cruciet,
1054 1548 1130 1604 qui
1149 1548 1268 1591 thori
1287 1549 1523 1606 participes
1543 1549 1790 1592 admittunt
1842 1550 1861 1602 j

328 1621 409 1661 aut
424 1618 608 1668 faciunt,
635 1617 839 1674 egritudo
860 1620 1012 1660 tamen
1032 1617 1256 1659 utilitatis
1278 1617 1540 1674 compendio
1554 1617 1788 1675 mitigatur
1803 1613 1850 1660 ι’

327 1686 401 1729 uel
421 1687 577 1729 saltem
597 1686 759 1728 doloris
786 1685 1036 1728 dissimulat
1061 1685 1316 1728 cruciatum.
1375 1685 1424 1728 Si
1447 1686 1565 1728 enim
1585 1701 1654 1729 res
1674 1686 1788 1730 serio
1844 1704 1850 1738 5

329 1757 500 1812 agatur,
534 1754 571 1797 si
602 1754 742 1796 libera
776 1754 996 1796 donentur
1029 1753 1198 1796 cunctis
1232 1747 1407 1805 iudicia,
1440 1769 1530 1796 non
1564 1756 1631 1797 est
1665 1754 1790 1798 dolor
1848 1764 1852 1771 “

327 1823 443 1866 sicut
466 1823 591 1866 dolor
615 1823 690 1865 ille
715 1837 802 1879 quo
826 1837 983 1879 corpus
1010 1837 1139 1865 suum
1166 1822 1265 1879 quis
1292 1822 1417 1865 uidet
1441 1823 1586 1866 aliena
1605 1823 1789 1868 libidine
1850 1843 1874 1875 ‘.

326 1892 477 1950 pollui.
536 1891 695 1936 Cetera
714 1897 904 1948 namque
924 1894 1102 1948 peccata
1129 1894 1257 1934 extra
1279 1905 1437 1948 corpus
1456 1896 1586 1945 sunt3
1615 1893 1691 1936 sed
1711 1893 1788 1950 qui

327 1960 584 2012 fornicatur,
623 1961 671 2003 in
710 1975 867 2017 corpus
906 1974 1035 2003 suum
1074 1963 1234 2017 peccat.
1301 1960 1409 2011 Hoc,
1447 1960 1605 2017 inquit,
1644 1976 1693 2005 os
1731 1976 1788 2005 ex
1805 1954 1851 2007 ²5²

329 2030 499 2074 ossibus
528 2030 648 2080 meis,
676 2032 721 2073 et
750 2044 851 2073 caro
881 2030 935 2072 de
965 2044 1095 2072 carne
1124 2043 1233 2080 mea,
1262 2031 1315 2071 ut
1344 2044 1433 2072 non
1463 2029 1552 2072 iam
1581 2030 1669 2073 duo
1698 2030 1790 2074 sint
1851 2028 1854 2034 ’

328 2099 401 2142 uir
420 2103 466 2142 et
492 2099 662 2150 mulier,
682 2099 758 2142 sed
784 2113 874 2141 una
900 2113 1014 2142 caro.
1073 2098 1195 2141 Haec
1222 2098 1376 2154 utique
1403 2098 1498 2141 sine
1524 2099 1672 2142 dolore
1700 2113 1790 2142 non
1846 2104 1849 2114 ³

329 2168 546 2212 scinditur
564 2183 706 2225 neque
726 2168 820 2211 sine
839 2167 1010 2210 inuidia
1028 2167 1386 2210 communicatur.

465 2248 569 2292 Non
597 2249 708 2292 bene
737 2263 837 2292 cum
866 2249 993 2291 sociis
1023 2263 1159 2305 regna
1188 2248 1423 2304 Venusque
1451 2250 1633 2291 manent
1645 2262 1656 2301 ;

284 2331 313 2370 b
331 2331 376 2372 et
395 2329 510 2371 sicut
529 2329 652 2371 nulla
671 2329 780 2371 fides
800 2329 926 2386 regni
941 2328 1079 2378 sociis,
1099 2328 1164 2370 ita
1183 2342 1263 2371 nec
1282 2328 1413 2371 thori.
1462 2327 1592 2372 Certe
1613 2328 1786 2372 facilius
1803 2335 1851 2384 3

334 2429 376 2465 13
395 2426 479 2465 post
493 2420 661 2457 thalamo
678 2423 761 2457 add.
780 2433 843 2457 suo
861 2421 901 2456 M
1014 2429 1055 2466 15
1082 2418 1245 2466 nummi]
1262 2431 1461 2456 numerum
1478 2419 1519 2455 M
1535 2418 1632 2466 cyr-‚¹
1744 2428 1788 2464 17
1844 2436 1860 2466 γ,

329 2478 473 2503 merces
491 2467 531 2502 M
673 2470 719 2505 26
744 2480 823 2505 non
839 2468 911 2504 duo
927 2467 1006 2504 iam
1022 2467 1077 2504 A:
1100 2467 1177 2503 iam
1194 2478 1270 2503 non
1287 2467 1361 2503 duo
1380 2467 1420 2502 M

379 2546 402 2580 9
424 2538 466 2572 Si
496 2543 633 2573 natura
665 2540 761 2575 etc.:
798 2538 875 2574 Iuv.
904 2540 979 2574 Sat.
1009 2536 1034 2574 i.
1064 2546 1120 2583 79.
1290 2538 1459 2573 uerbum:
1496 2548 1642 2572 uersum
1673 2537 1789 2575 habet
1851 2539 1859 2544 ⁰

330 2581 529 2620 Iuvenalis.
698 2595 735 2631 15
763 2587 796 2621 si
811 2598 890 2631 spes
907 2587 1002 2622 ete„
1028 2584 1125 2620 Pers.
1143 2585 1239 2620 Prol.
1261 2594 1312 2619 12.
1483 2585 1524 2619 18
1549 2586 1583 2619 si
1599 2589 1788 2630 emptorem

331 2631 520 2668 inueniat:
545 2643 576 2667 v.
595 2630 684 2668 Sall.
703 2634 782 2678 Iuy.
801 2641 843 2678 35
870 2631 887 2678 §
910 2643 963 2668 10.
1106 2642 1164 2676 22,
1183 2641 1226 2676 23
1251 2642 1325 2666 mm
1347 2635 1397 2666 est
1420 2632 1522 2667 dolor
1542 2633 1634 2667 sicut
1658 2633 1784 2667 dolor:

330 2688 365 2712 v.
381 2675 519 2712 Thren.
536 2677 560 2712 i.
580 2689 634 2723 14.
800 2690 846 2724 24
874 2681 995 2715 Cetera
1021 2679 1117 2714 etc.:
1149 2691 1181 2714 v.
1204 2688 1218 2714 1
1241 2677 1320 2714 Cor.
1343 2676 1391 2714 vi.
1420 2679 1472 2713 18.
1638 2687 1680 2723 25
1707 2679 1786 2714 Ηοσ
1805 2705 1807 2707 .

331 2725 427 2760 etc.:
456 2735 487 2759 v.
513 2723 605 2761 Gen.
630 2725 670 2761 ii.
695 2736 750 2772 23,
770 2737 828 2771 24,
847 2726 958 2762 Matt.
981 2725 1057 2760 xix.
1081 2727 1114 2761 6.
1242 2735 1288 2769 29
1311 2726 1395 2760 Non
1411 2725 1493 2760 bene
1510 2726 1605 2762 ete:
1631 2725 1694 2761 Ov.
1712 2726 1787 2762 Ars
1832 2734 1837 2739 ¹

331 2772 451 2806 Amat.
470 2770 523 2807 iii.
543 2773 622 2818 564.
753 2784 799 2819 30
822 2775 926 2809 nulla
934 2775 1030 2818 fides
1046 2774 1140 2809 etc:
1165 2771 1248 2808 Luc.
1266 2772 1394 2808 Phars.
1413 2771 1437 2807 i.
1462 2782 1519 2818 92.

446 2838 508 2870 218
