1878 3172
26 156 54 167 ”
77 184 176 219 ω.
190 171 242 234 x]
589 170 1023 216 PomcRA'ncvs
1544 171 1636 220 ⁴96
1653 181 1686 212 a

77 307 166 350 quo
183 291 403 350 principes
421 291 642 334 uirtutum
660 290 806 334 titulis
825 293 871 333 et
889 305 1020 334 uerae
1037 290 1141 333 fidei
1164 290 1261 334 luce
1280 289 1533 347 praesignes

76 375 125 405 se
143 361 271 404 diuos
289 361 483 404 audeant
510 360 672 403 nedum
698 359 922 416 gaudeant
946 359 1170 416 appellari,
1189 359 1331 402 ueteri
1354 359 1532 415 quidem

76 429 392 473 consuetudine
420 428 554 472 etiam
582 428 631 471 in
658 428 772 471 uitio
800 431 847 471 et
874 428 1086 471 aduersus
1113 429 1246 471 fidem
1272 428 1532 472 catholicam

77 495 318 543 obtinente.
373 497 424 541 Si
443 501 555 540 uero'
573 496 780 540 ueniatur
805 496 862 538 ad
882 496 1030 548 uerba,
1049 496 1096 538 in
1122 511 1173 539 eo
1199 497 1287 539 iam
1308 496 1534 539 Romanus

41 584 62 619 5
78 566 316 610 Grecorum
333 565 564 623 perfidiam
589 565 821 615 antecedit,
840 565 917 621 qui
943 579 995 608 eo
1021 579 1160 621 usque
1186 565 1396 607 adulandi
1415 564 1532 607 leno-
1550 566 1580 604 b

76 635 243 679 oinium
288 634 449 685 docuit,
486 637 539 677 ut
576 648 605 676 a
645 633 775 676 docili
818 634 981 690 populo
1020 633 1228 677 facillime
1270 636 1534 677 transeatur.

78 703 228 754 Voces,
236 704 396 760 quibus
410 703 651 746 mentimur
669 702 871 752 dominis,
878 702 985 746 dum
1000 703 1355 760 singularitatem
1370 703 1535 744 honore

77 772 380 815 multitudinis
404 771 670 823 decoramus,
689 771 813 814 natio
838 771 945 814 haec
972 771 1144 814 inuenit
1170 775 1216 814 et
1242 771 1300 814 ad
1322 771 1535 814 finitimos

78 844 363 898 posterosque
381 841 451 884 sui
470 840 660 883 nominis
683 840 946 883 auctoritate
972 841 1229 883 transmisit.
1288 840 1337 884 Si
1357 839 1536 897 quando

18 927 64 958 ,ιο
80 910 267 966 quaeris,
284 909 396 952 illud
415 909 499 952 tibi
518 913 692 965 tempus
711 912 923 958 occurrat,
943 924 1030 965 quo
1050 909 1188 952 Gaius
1207 909 1353 959 Cesar,
1368 923 1534 952 exuens

79 978 225 1022 nescio
254 993 312 1021 an
340 978 568 1035 perficiens
597 977 867 1027 dictatorem,
891 978 1039 1020 omnia
1068 978 1214 1021 factus
1239 978 1387 1021 omnia
1410 992 1534 1021 occu-

79 1047 216 1104 pauit.
272 1047 401 1091 Illius
433 1050 550 1090 certe
584 1047 794 1103 temporis
826 1047 961 1090 michi
992 1062 1120 1104 saepe
1154 1048 1344 1091 occurrit
1377 1048 1535 1104 imago,

78 1130 179 1159 cum
198 1116 255 1158 ad
274 1116 535 1173 potentioris
558 1118 717 1158 nutum
747 1115 1041 1159 subiectorum
1062 1117 1210 1159 omnia
1232 1117 1536 1173 disponantur,

80 1187 126 1227 et
153 1184 257 1228 licet
285 1185 432 1227 animo
460 1184 705 1227 reluctante
734 1184 780 1226 in
810 1184 974 1241 seipsos
1003 1185 1148 1241 parati
1178 1189 1283 1228 sunt
1310 1185 1432 1228 exilii
1456 1187 1537 1227 aut

20 1267 64 1303 15
79 1253 235 1296 mortis
253 1253 421 1296 dictare
440 1253 717 1296 sententiam.
768 1253 886 1296 Hinc
906 1254 1067 1310 quippe
1086 1257 1282 1310 potestas
1301 1254 1536 1306 terribilis;

23 1323 28 1330 ’
80 1322 183 1366 hinc
220 1322 424 1380 angentis
463 1325 509 1364 et
541 1322 712 1365 urentis
751 1322 1040 1365 conscientiae
1074 1323 1243 1365 stimuli
1279 1323 1537 1365 meticulosa

16 1420 18 1422 -
78 1390 211 1434 conda
228 1391 486 1434 concutiunt
509 1395 555 1433 et
580 1391 860 1447 praecipuam
887 1391 934 1432 in
961 1391 1164 1434 omnibus
1190 1391 1274 1434 sibi
1298 1391 1535 1434 uendicant
1553 1400 1579 1428 c

79 1459 401 1503 auctoritatem.
482 1459 606 1502 Adeo
640 1459 816 1516 quidem
848 1463 901 1502 ut
938 1460 1183 1503 sacerdotes
1215 1460 1325 1517 legis
1359 1460 1538 1502 diuinae

80 1532 316 1586 praecepta
347 1528 636 1579 dissimulent,
670 1529 932 1585 sapientiam
963 1529 1162 1572 nesciant
1195 1530 1397 1579 seniores,
1427 1529 1537 1572 iuris

19 1609 66 1635 ὀ
82 1598 142 1642 sit
160 1598 296 1640 iudex
318 1597 510 1655 ignarus,
530 1598 755 1654 praelatus
777 1598 1056 1641 auctoritatis
1078 1599 1261 1649 nescius,
1281 1598 1537 1655 disciplinae

15 1659 17 1697 Ϊ
80 1667 314 1717 subiectus,
342 1667 592 1709 libertatem
621 1670 904 1723 contempnat
933 1667 1162 1724 ingenuus,
1192 1671 1314 1710 totus
1347 1667 1536 1723 denique

17 1752 20 1758 ¹
79 1735 268 1792 populus
288 1735 480 1792 quietem
507 1738 552 1778 et
577 1750 762 1793 pacem„
798 1735 917 1778 Dum
944 1737 1061 1778 enim
1080 1751 1230 1779 omnes
1257 1737 1389 1779 unius
1412 1751 1537 1793 prae-

18 1834 25 1845 s
79 1804 264 1847 sidentis
277 1804 508 1847 uoluntate
524 1803 740 1854 feruntur,
755 1805 952 1847 uniuersi
968 1808 1014 1848 et
1028 1805 1191 1862 sing-uli
1206 1820 1286 1848 suo
1300 1805 1537 1862 priuantur

79 1872 277 1917 arbitrio.
335 1872 495 1916 Nonne
514 1873 621 1915 haec
641 1876 737 1915 erat
757 1873 891 1915 facies
910 1874 1120 1930 temporis
1140 1874 1316 1930 quando

11 1966 66 2020 ‘²5
511 1969 660 2011 sedere
688 1972 837 2025 patres
865 1984 1039 2012 censere
1068 1971 1225 2026 parati,

197 2026 235 2068 si
263 2040 461 2083 reg-num,
490 2026 527 2067 si
556 2026 722 2082 templa
749 2029 886 2082 petat,
915 2027 1202 2084 iugulumque
1230 2031 1421 2078 senatus,

199 2097 490 2140 passurasque
517 2083 702 2126 infanda
730 2098 891 2136 nurus;

82 2194 219 2237 eoque
241 2179 334 2222 solo
362 2179 473 2222 bene
501 2194 602 2222 cum
630 2180 802 2223 ciuibus
830 2183 978 2224 actum
1007 2184 1087 2233 est,
1107 2181 1223 2237 quod
1251 2181 1386 2224 Cesar
1408 2181 1537 2238 plura
1551 2185 1581 2225 d

15 2263 18 2265 ·
82 2248 234 2291 iubere
261 2248 440 2290 erubuit
469 2262 601 2304 quam
631 2248 771 2291 Roma
800 2249 928 2305 pati?
997 2249 1156 2291 Nonne
1190 2250 1358 2292 tiranni
1389 2251 1538 2306 opinio

23 2335 68 2371 ³0
83 2317 141 2360 ad
174 2316 411 2360 tirannidis
441 2317 620 2359 transiit
650 2331 926 2367 successores,
960 2317 1067 2359 dum
1100 2319 1389 2375 suspicantur,
1421 2320 1538 2375 quod

14 2386 23 2442 3'
82 2386 199 2443 leges
232 2400 260 2428 a
288 2400 334 2428 se
361 2385 521 2428 maluit
548 2385 646 2428 tolli
675 2401 807 2442 quam
836 2386 893 2428 ab
922 2386 1162 2429 humilibus
1195 2387 1449 2431 obseruari'3
1490 2385 1553 2430 ιιι

83 2469 219 2511 eoque
242 2454 463 2497 libertatis
492 2458 697 2498 seruatur
725 2455 894 2507 umbra,
918 2455 956 2498 si
983 2469 1028 2498 se
1058 2456 1242 2512 quisque
1269 2456 1386 2513 quod
1412 2471 1537 2514 prae-

81 2589 107 2624 4
129 2579 329 2626 optinente
343 2579 378 2615 A
517 2579 575 2622 28,
594 2588 640 2624 29
663 2576 791 2615 iubere
807 2578 917 2625 plura
931 2578 965 2614 A
1058 2589 1107 2625 30
1127 2579 1341 2627 tyrannidis
1357 2580 1397 2616 Μ

133 2705 178 2731 ιο
202 2696 314 2731 Cesar
336 2695 427 2731 eta:
463 2693 512 2730 cf.
539 2691 747 2729 Mommsen
769 2693 987 2746 Staatsrecfftt
1008 2691 1050 2728 ii.
1070 2702 1099 2736 1,
1118 2704 1156 2740 p.
1174 2693 1254 2739 716,
1273 2706 1311 2730 ιι.
1335 2704 1355 2730 2
1384 2694 1457 2742 (ed.
1483 2700 1538 2740 3,

8 2767 9 2774 ,
86 2743 205 2787 1887).
362 2750 405 2786 25
430 2743 548 2776 sedere
565 2741 656 2776 eto:
681 2739 770 2775 Luc.
791 2740 921 2777 Phara
945 2739 1000 2776 iii.
1020 2749 1096 2793 109,
1118 2750 1195 2786 110,
1211 2753 1246 2776 v.
1270 2750 1351 2788 307.
1493 2744 1539 2780 28

8 2800 13 2830 i
83 2744 286 2836 quodfetc:
310 2787 400 2824 Luc.
418 2788 546 2824 Phara.
562 2786 619 2822 ιιι.
641 2796 717 2830 ιιι,
738 2795 817 2823 112.

1365 2868 1429 2901 ²03
