1878 3172
105 183 205 216 cu».
221 169 272 232 v]
626 171 1059 216 PomoRA'novs
1578 181 1666 222 399
1683 171 1714 212 d

105 291 346 349 plurimum
365 292 575 336 laborare.
634 291 715 335 Est
734 291 851 334 enim
871 291 1044 334 inutilis
1070 291 1384 348 importunitas
1410 290 1562 348 depre-

105 361 258 412 cantis,
293 376 381 418 qua
413 361 591 404 inutilia
624 361 932 418 adquiruntur,
964 363 1009 403 et
1043 360 1282 416 quaerendi
1316 360 1461 403 inanis
1495 363 1564 403 est

105 429 348 487 diligentia,
386 444 486 473 cum
525 430 745 473 inuenisse
782 443 873 472 non
917 429 1127 486 proderit.
1208 429 1359 472 Posset
1406 429 1563 485 utique

36 555 41 560 ι
105 501 252 541 motus
271 499 408 541 animi
428 502 474 542 et
493 499 655 541 mentis
669 498 867 556 agitatio,
881 512 993 554 quae
1013 498 1075 540 ibi
1096 496 1266 540 frustra
1285 497 1563 549 distrahitur,

70 585 88 619 5
107 567 238 610 rebus
287 568 579 624 pulcrioribus
616 572 662 610 et
700 567 954 610 melioribus
1002 567 1332 610 accommodari.
1407 566 1563 609 Aleam

107 650 214 679 uero
234 651 262 679 a
281 637 458 694 regione
477 651 648 679 morum
668 636 788 678 illius
811 636 1051 678 auctoritas
1076 649 1255 692 prorsus
1282 635 1564 689 exterminat,
1580 644 1667 684 400
1687 643 1718 672 a

108 704 184 760 qui
214 705 471 748 uniuersum
498 706 647 748 orbem
674 705 832 748 docens
861 705 909 746 in
934 704 1026 747 filio
1050 719 1146 746 eam
1167 704 1403 747 denuntiat
1425 704 1564 746 omni-

109 773 192 816 bus
211 773 479 831 fugiendam.
523 773 595 816 Ab
614 789 666 816 ea
685 773 901 830 siquidem
916 776 1147 815 armantur
1161 772 1219 815 ad
1238 773 1340 815 lites
1354 773 1566 826 homines,

109 842 343 885 incurrunt
381 843 647 895 inimicitias,
686 843 734 884 in
773 842 977 885 miseram
1017 842 1101 884 etsi
1139 856 1229 884 non
1272 841 1567 884 miserabilem

53 926 93 950 10
109 910 312 954 incidunt
345 914 597 968 egestatem.
656 911 704 954 Si
740 910 1087 954 denuntiationis
1126 910 1301 967 quaeris
1332 913 1568 965 auctorem,

110 980 237 1022 illum
266 994 464 1037 agnosce,
495 981 571 1036 qui

282 1074 371 1102 non
400 1060 484 1102 sibi
515 1060 590 1103 sed
620 1060 704 1103 toti
733 1060 933 1116 genitum
964 1074 1010 1102 se
1040 1059 1228 1102 credidit
1256 1059 1364 1102 orbi.

114 1140 194 1183 FAt
224 1143 373 1183 tamen
408 1155 506 1184 cum
542 1141 590 1182 in
629 1141 778 1197 aliqua
808 1140 950 1197 specie
984 1140 1053 1182 sui
1087 1139 1270 1183 licenter
1303 1139 1569 1194 admittitur,

113 1210 151 1253 si
199 1210 363 1266 absque
411 1210 524 1252 uitio
571 1224 776 1253 curarum
825 1210 1030 1266 grauium
1078 1209 1250 1266 pondus
1298 1209 1489 1263 alleuiet,
1525 1211 1571 1251 et

55 1283 97 1327 ¹⁵
114 1278 208 1321 sine
246 1278 429 1321 uirtutis
467 1279 696 1335 dispendio
730 1278 963 1321 iocundam
997 1277 1381 1334 interpolationem
1415 1277 1572 1320 afferat

112 1347 386 1404 gaudiorum.
457 1347 612 1390 Omnis
651 1362 756 1390 uero
794 1347 973 1390 licentia
1011 1346 1324 1389 moderationis
1362 1346 1572 1403 suffragio

114 1416 390 1471 conualescit‚
430 1419 476 1459 et
524 1416 688 1459 solidae
737 1416 921 1458 uirtutis
968 1430 1075 1458 usus
1123 1415 1181 1457 ab
1229 1414 1573 1471 intemperantia

114 1484 399 1528 deformatur.
476 1485 630 1528 Totius
667 1500 774 1527 uero
817 1484 1020 1527 licentiae
1058 1483 1330 1526 moderatrix
1369 1486 1437 1525 est
1475 1482 1571 1537 loci,

114 1554 336 1611 temporis,
370 1553 501 1608 modi,
540 1568 750 1610 personae
790 1557 836 1596 et
873 1568 1029 1596 causae
1069 1553 1309 1610 praemissa
1347 1552 1573 1608 inspectio,

55 1636 98 1660 πο
117 1637 229 1679 quae
262 1623 458 1665 omnium
490 1623 768 1679 negotiorum
805 1621 963 1665 faciem
995 1622 1152 1664 decora
1186 1624 1422 1664 uenustate
1459 1635 1573 1663 com-

116 1691 298 1734 mendat
321 1694 400 1734 aut
425 1691 718 1747 turpitudinis
738 1691 1031 1747 condempnat
1057 1690 1302 1747 obprobrio.
1362 1690 1443 1732 Est
1469 1703 1573 1746 ergo
1590 1695 1619 1732 b

115 1759 164 1802 in
183 1759 370 1816 singulis
389 1759 584 1816 plurium
604 1760 807 1802 habenda
826 1760 941 1802 ratio
960 1774 1259 1816 personarum,
1279 1773 1379 1802 cum
1399 1761 1573 1811 natura,

115 1828 322 1883 conditio,
342 1828 535 1883 fortuna,
555 1829 646 1871 suis
675 1828 874 1884 singulae
902 1828 1125 1870 hominem
1149 1828 1339 1881 induant
1364 1826 1574 1883 personis,

117 1911 174 1939 ex
211 1897 372 1953 quibus
411 1897 519 1953 quid
564 1911 610 1939 se
649 1898 813 1951 deceat,
853 1897 939 1939 erit
976 1897 1322 1952 uniuscuiusque
1359 1895 1575 1951 colligere.

60 1979 101 2012 25
119 1965 336 2008 Decorum
366 1965 583 2020 siquidem
612 1965 789 2007 aliunde
809 1980 898 2008 non
925 1965 1142 2021 prouenit.
1203 1964 1363 2007 Chilon
1390 1963 1575 2005 Lacede-

119 2034 293 2076 monius
316 2033 563 2090 iungendae
583 2033 804 2075 societatis
823 2048 956 2076 causa
980 2033 1140 2075 missus
1160 2032 1424 2075 Corinthum
1445 2031 1576 2073 duces

119 2106 166 2145 et
185 2102 376 2145 seniores
395 2102 546 2158 populi
572 2101 773 2144 ludentes
800 2102 973 2144 inuenit
992 2102 1039 2143 in
1060 2101 1166 2143 alea.
1227 2100 1400 2142 Infecto
1426 2099 1577 2154 itaque

119 2171 297 2229 negotio
316 2185 518 2212 reuersus
539 2173 617 2224 est,
637 2171 785 2212 dicens
805 2185 850 2212 se
870 2170 986 2212 nolle
1005 2170 1192 2227 gloriam
1213 2169 1577 2225 sparthanorum,

121 2254 307 2297 quorum
340 2239 485 2281 uirtus
515 2242 768 2282 constructo
802 2239 1025 2280 Bissantio
1059 2237 1335 2291 clarescebat,
1369 2237 1451 2279 hac
1485 2250 1576 2278 ma-

63 2323 104 2356 30
121 2309 268 2352 culare
297 2308 495 2362 infamia,
522 2311 574 2350 ut
603 2308 853 2350 dicerentur
882 2322 981 2350 cum
1011 2307 1278 2350 aleatoribus
1306 2306 1578 2349 contraxisse

123 2420 155 2456 7,
167 2413 188 2448 8
214 2410 386 2446 omnibus
399 2409 618 2456 fugiendam
631 2408 830 2445 denuntiat
841 2408 874 2444 A
938 2419 978 2444 21
999 2408 1229 2444 condemnat
1242 2406 1267 2443 S
1331 2407 1533 2453 opprobrio
1545 2407 1579 2441 A

124 2467 170 2502 24
193 2457 484 2502 uniuscuiusque
503 2456 574 2493 erit
591 2456 630 2491 M
772 2466 794 2491 2
798 2464 815 2501 5
841 2455 1013 2497 peruenit
1030 2454 1055 2490 S
1207 2456 1253 2491 26
1277 2455 1521 2492 chorinthum
1537 2454 1577 2490 Μ

123 2506 170 2541 28
195 2506 458 2550 spartanorum
473 2503 507 2538 A

172 2599 194 2633 8
209 2599 451 2643 ficyiendam:
476 2596 569 2633 Cato
588 2597 738 2631 Distich.
785 2595 902 2641 rolog.
931 2604 974 2640 37
995 2595 1214 2641 (Baehrens,
1237 2596 1364 2631 Poetae
1387 2596 1468 2630 Lat.
1491 2596 1579 2630 min.

124 2643 288 2683 iii.216).
405 2654 448 2680 12
476 2656 549 2679 mm
563 2645 633 2678 sibi
650 2644 743 2678 etc.:
800 2653 855 2678 uc.
874 2643 1002 2677 Phara.
1015 2641 1054 2678 ii„
1074 2643 1153 2688 383.
1265 2651 1307 2687 25
1338 2643 1468 2678 Chilon
1485 2643 1579 2677 etc.:

127 2691 235 2727 Hanc
265 2690 462 2727 historiam
491 2702 536 2727 ex
565 2689 699 2726 Catulo
728 2688 919 2725 Parmensi
944 2689 1104 2725 testibus
1135 2689 1239 2725 codd.
1276 2687 1333 2723 SP
1361 2691 1579 2734 excerptam

127 2749 173 2774 ex
200 2738 272 2774 hoc
300 2738 384 2774 loco
412 2737 508 2774 citat
534 2737 712 2772 Chaucer.
741 2737 958 2772 Pardoner’s
984 2737 1070 2772 Tale
1093 2736 1236 2782 603-20
1260 2735 1330 2782 (De
1354 2734 1580 2772 latrunculis

128 2785 230 2830 apud
246 2784 462 2821 Corinthios
481 2784 528 2821 cf.
545 2783 677 2830 Eurip.
695 2784 822 2819 Medea
839 2784 911 2829 67).

1428 2858 1470 2895 37
