1878 3172
1864 0 1878 125 *mn-fla

178 134 261 184 476
281 134 311 174 b
655 136 916 181 IOANNIS
957 137 1469 185 SARESBERIENSIS
1620 138 1731 201 [ms.
1747 152 1785 185 11

328 258 374 299 et
407 260 652 315 perturbor,
684 261 802 318 quod
835 275 863 303 a
896 260 1050 317 seipsis
1081 263 1208 304 tanto
1239 262 1475 305 uerborum
1506 262 1712 306 conflictu
1741 262 1787 304 et

326 329 549 373 collisione
564 331 787 374 rationum
802 331 1027 375 dissiliunt
1046 334 1091 375 et
1106 332 1368 375 discordant.
1417 331 1570 375 Unum
1589 330 1787 389 profecto
1866 327 1878 406 ἰ

328 398 428 450 scio,
448 401 670 443 contraria
688 401 819 444 simul
838 415 946 443 uera
965 416 1057 444 esse
1076 417 1165 444 non
1192 416 1328 458 posse.
1388 401 1507 455 Quid
1534 401 1588 444 de
1607 400 1787 443 medicis
1871 413 1878 472 3

326 469 532 525 practicis
571 470 744 514 dicamZ
801 471 934 514 Absit
971 473 1024 513 ut
1062 471 1116 514 de
1156 471 1218 514 eis
1257 471 1490 528 quicquam
1529 484 1786 527 peruersum
1870 491 1878 560 3

325 537 482 594 loquar
494 553 503 591 ;
543 539 590 581 in
619 554 776 582 manus
806 540 923 582 enim
954 555 1104 583 eorum
1135 540 1415 598 exigentibus
1448 539 1638 597 peccatis
1677 539 1786 582 meis
1805 556 1825 590 5
1868 562 1878 586 ,ι

325 607 457 650 nimis
497 607 753 665 frequenter
790 609 945 652 incido.
1021 610 1124 653 Non
1163 613 1270 653 sunt
1308 609 1599 667 exasperandi
1637 609 1786 652 uerbis
1870 587 1878 670 1

325 676 403 719 sed
427 678 576 734 potius
596 678 870 722 demulcendi
891 679 1109 736 obsequio.
1168 679 1284 722 Nolo
1310 694 1381 722 me
1404 681 1597 723 tractent
1620 678 1786 728 durius,
1872 671 1878 725 3

325 760 405 790 nec
445 747 579 790 etiam
618 748 781 791 sentire
819 748 960 791 audeo
999 748 1117 805 quod
1159 763 1310 792 omnes
1347 748 1552 792 clamant.
1630 747 1786 790 Dicam
1875 741 1878 759 ⁴

325 829 429 872 ergo
458 831 558 859 cum
588 820 739 860 sancto
770 817 1002 860 Salomone
1037 818 1141 875 quia
1170 817 1387 861 medicina
1415 833 1443 861 a
1471 817 1661 861 Domino
1691 816 1785 859 Deo
1876 863 1878 874 ¹

324 887 403 936 est,
423 888 469 928 et
497 886 569 927 uir
597 887 771 942 sapiens
799 901 889 930 non
918 890 1200 944 contempnet
1228 902 1336 930 eam.
1395 887 1538 930 Nemo
1567 886 1784 943 siquidem
1806 900 1847 925 10
1876 888 1878 910 f

324 955 466 1011 mag-is
504 956 773 999 necessarius
813 959 880 999 est
919 959 999 999 aut
1037 957 1192 1000 utilior
1229 956 1410 1007 medico,
1449 955 1686 1016 dummodo
1724 955 1784 998 sit

282 1029 309 1062 c
324 1023 467 1066 fidelis
499 1027 543 1067 et
577 1025 782 1081 prudens.
841 1025 951 1078 Quis
982 1026 1100 1068 enim
1131 1026 1363 1082 praeconia
1392 1026 1512 1069 illius
1542 1026 1785 1069 declamare

323 1092 522 1144 sufficiat,
535 1094 611 1150 qui
631 1094 788 1137 salutis
807 1094 974 1137 artifex
993 1097 1251 1151 procurator
1269 1095 1389 1138 uitae
1407 1095 1455 1137 in
1475 1110 1526 1138 eo
1545 1095 1786 1138 Dominum

323 1162 528 1205 imitatur
575 1166 620 1206 et
667 1164 786 1207 uices
835 1164 929 1207 eius
977 1165 1083 1222 agit,
1122 1165 1239 1220 quod
1287 1165 1486 1215 salutem,
1529 1179 1661 1221 quam
1710 1163 1785 1206 ille

323 1235 533 1288 operatur
552 1235 597 1275 et
618 1234 743 1289 quasi
764 1234 967 1276 dominus
987 1236 1032 1276 et
1052 1233 1254 1290 princeps
1274 1234 1420 1284 donat,
1440 1233 1524 1276 iste
1543 1246 1783 1290 yconomus
1805 1248 1844 1282 15
1876 1252 1878 1270 :

324 1303 369 1343 et
403 1301 606 1344 minister
636 1306 845 1358 procurat
878 1305 923 1345 et
954 1303 1209 1359 dispensat'ss
1267 1303 1360 1346 Nec
1393 1303 1451 1345 ad
1485 1317 1578 1345 rem
1610 1302 1784 1352 attinet,
1874 1294 1878 1306 ¹

323 1370 362 1412 si
402 1370 478 1426 qui
517 1371 682 1427 pseudo
721 1372 912 1428 gratiam
952 1372 1164 1423 uendunt,
1196 1374 1242 1414 et
1281 1372 1357 1428 qui
1396 1371 1600 1414 iustiores
1638 1371 1783 1414 uideri
1833 1385 1839 1389 ·
1874 1383 1878 1423 g

322 1439 492 1490 uolunt,
512 1440 619 1482 dum
648 1440 761 1482 nihil
791 1441 1009 1497 accipiant
1037 1444 1274 1497 antequam
1302 1455 1405 1498 eger
1429 1441 1716 1491 conualescat,
1734 1440 1783 1483 in
1875 1427 1878 1438 ⁴

323 1521 374 1550 eo
394 1508 633 1564 iniquiores
655 1512 771 1560 sunt,
792 1510 909 1566 quod
938 1510 1196 1553 beneficium
1223 1510 1434 1566 temporis
1459 1510 1594 1553 immo
1621 1524 1782 1552 munus

323 1576 407 1619 Dei
438 1578 642 1620 manibus
676 1579 768 1621 suis
801 1579 1068 1629 adscribunt,
1102 1593 1201 1622 cum
1235 1579 1310 1621 ille
1340 1593 1470 1635 quem
1499 1578 1620 1621 Deus
1650 1579 1782 1636 erigit
1801 1591 1844 1616 ²0
1871 1564 1878 1626 ’1

324 1648 369 1688 et
398 1646 526 1703 uigor
555 1650 742 1690 naturae
770 1648 1113 1690 conualescentis
1142 1648 1254 1690 citra
1283 1662 1460 1704 operam
1500 1647 1593 1691 eius
1633 1647 1782 1691 fuerat
1875 1646 1878 1653 '

324 1715 568 1771 erigendus.
629 1716 842 1768 Quamuis
868 1717 989 1759 istud
1015 1717 1104 1759 iam
1131 1731 1371 1773 paucorum
1390 1717 1460 1767 sit,
1481 1717 1564 1759 sibi
1591 1717 1782 1760 inuicem

323 1783 610 1826 suadentibus
650 1787 695 1826 et
733 1785 1047 1841 replicantibus
1077 1785 1279 1827 medicis:
1318 1784 1437 1827 Dum
1471 1785 1591 1828 dolet
1624 1785 1781 1841 accipe.
1870 1778 1878 1837 ἓ

324 1852 418 1895 Nec
437 1867 616 1895 moueor
635 1853 673 1895 si
699 1867 832 1910 opera
860 1869 1011 1897 eorum
1040 1854 1087 1896 in
1117 1869 1163 1897 se
1192 1856 1498 1911 compugnent,
1517 1868 1617 1897 cum
1646 1853 1781 1896 sciam
1868 1849 1878 1940 3²

280 1920 311 1960 d
326 1922 645 1965 contrariorum
671 1922 929 1979 plerumque
958 1937 1050 1965 esse
1077 1923 1263 1965 eundem
1290 1923 1505 1966 effectum.
1565 1922 1654 1965 Sed
1679 1937 1779 1966 cum
1799 1934 1840 1971 25
1867 1934 1878 1989 '3

323 1991 442 2033 inter
470 2006 627 2034 manus
657 2006 807 2034 eorum
837 1992 935 2048 quis
965 1992 1012 2034 in
1042 1991 1138 2035 fata
1163 1992 1379 2048 collapsus
1405 1994 1483 2042 est,
1502 1995 1609 2034 tunc
1635 2006 1780 2034 neces-
1871 1994 1878 2026 τ’

322 2060 460 2103 sarias
489 2060 733 2116 producent
761 2061 965 2112 rationes,
986 2062 1145 2118 quibus
1170 2061 1401 2118 apparebit
1426 2061 1543 2117 quod
1565 2062 1662 2104 uita
1686 2061 1780 2105 eius
1870 2056 1878 2111 ξ

321 2144 411 2172 non
450 2128 598 2171 fuerat
636 2129 822 2173 ulterius
861 2131 1172 2187 protendenda.
1247 2130 1306 2173 Et
1346 2131 1415 2187 <ut
1453 2129 1631 2188 dicitur)
1671 2145 1780 2187 quos
1870 2115 1878 2134 ⁵

321 2197 454 2255 longa
473 2198 727 2241 afflixerunt
750 2199 908 2250 inedia,
929 2199 1017 2241 iam
1043 2199 1230 2242 mortuis
1250 2199 1588 2242 sorbitiunculas
1609 2199 1780 2242 faciunt
1872 2249 1878 2262 j

322 2270 368 2310 et
392 2267 524 2310 utiles
551 2269 596 2310 et
626 2267 835 2311 delicatos
865 2271 1131 2325 praeparant
1160 2268 1289 2312 cibos.
1350 2267 1567 2325 Expectas
1591 2267 1778 2311 fortasse
1796 2281 1841 2316 30
1868 2279 1878 2325 ζ

321 2407 344 2441 4
369 2397 439 2443 eis]
463 2397 523 2434 his
549 2397 615 2433 SM
783 2408 827 2435 10
851 2399 1074 2435 contemnet
1099 2397 1123 2434 S
1292 2407 1334 2443 13
1355 2402 1439 2443 post
1462 2396 1600 2434 artifex
1625 2398 1711 2433 add.
1738 2398 1778 2434 et
1870 2407 1878 2442 ξ

319 2443 367 2480 A²
508 2456 555 2491 30
577 2446 676 2482 forte
694 2444 755 2482 CB
1391 2448 1393 2450 ’

320 2524 755 2530 ———-—-
1874 2523 1878 2543 2

368 2576 391 2611 9
427 2567 633 2602 Salomone:
676 2566 804 2611 potius
846 2564 1037 2607 Siracida3
1077 2576 1110 2601 ν.
1151 2563 1268 2600 Eccli.
1309 2562 1461 2598 xxxviii.
1503 2572 1526 2606 4
1565 2563 1778 2598 Altissimus

320 2616 450 2650 creavit
466 2615 507 2649 de
523 2619 621 2648 terra
638 2615 893 2648 medicamenta
910 2617 942 2648 et
957 2613 1014 2647 vir
1024 2613 1186 2657 prudens
1203 2623 1276 2647 non
1292 2611 1489 2646 abhorrebit
1505 2611 1581 2645 illa.
1730 2619 1750 2645 2
1753 2619 1775 2654 3

322 2663 420 2696 Dum
432 2662 535 2705 dolet,
549 2662 666 2705 accipe
681 2673 689 2697 :
717 2660 764 2696 cf.
782 2661 949 2705 Reyimen
965 2660 1145 2695 Sanitatis
1166 2660 1438 2694 Salernitanum
1454 2657 1510 2693 ed.
1529 2656 1773 2701 Daremberg,

320 2707 435 2751 Paris,
459 2709 558 2751 1861,
584 2719 622 2753 p.
647 2716 737 2752 2523
765 2707 821 2744 ed.
846 2706 979 2751 Croke,
1004 2706 1124 2741 Oxon.
1154 2707 1251 2752 1830,
1277 2717 1313 2752 p.
1339 2705 1410 2750 46;
1435 2715 1526 2750 quos
1551 2703 1650 2740 locos
1679 2702 1775 2739 mihi

319 2754 503 2791 indicavit
518 2754 575 2790 vir
591 2754 723 2790 doctus
740 2754 768 2791 Ι.
786 2754 826 2791 F.
843 2753 984 2800 Payne,
1003 2752 1102 2789 M.D.
1866 2779 1878 2819 ‚¹

431 2834 492 2868 168
