<?xml version="1.0" encoding="UTF-8"?>
<!DOCTYPE html PUBLIC "-//W3C//DTD XHTML 1.0 Transitional//EN"
    "http://www.w3.org/TR/xhtml1/DTD/xhtml1-transitional.dtd">
<html xmlns="http://www.w3.org/1999/xhtml" xml:lang="en" lang="en">
 <head>
  <title>
</title>
<meta http-equiv="Content-Type" content="text/html;charset=utf-8" />
  <meta name='ocr-system' content='tesseract 3.04.00' />
  <meta name='ocr-capabilities' content='ocr_page ocr_carea ocr_par ocr_line ocrx_word'/>
</head>
<body>
  <div class='ocr_page' id='page_1' title='image "./ioannissaresberi01johnuoft_0113.png"; bbox 0 0 1878 3172; ppageno 0'>
   <div class='ocr_carea' id='block_1_1' title="bbox 102 153 1705 216">
    <p class='ocr_par' dir='ltr' id='par_1_1' title="bbox 102 153 1705 216">
     <span class='ocr_line' id='line_1_1' title="bbox 102 153 1705 216; baseline -0.001 -17"><span class='ocrx_word' id='word_1_1' title='bbox 102 167 203 202; x_wconf 65' lang='grc' dir='ltr'><strong>οη.</strong></span> <span class='ocrx_word' id='word_1_2' title='bbox 215 153 327 216; x_wconf 86' lang='lat' dir='ltr'><strong>xm]</strong></span> <span class='ocrx_word' id='word_1_3' title='bbox 619 155 1020 201; x_wconf 86' lang='lat' dir='ltr'><strong>POLICRATICV</strong></span> <span class='ocrx_word' id='word_1_4' title='bbox 1022 155 1055 200; x_wconf 89' lang='lat' dir='ltr'>S</span> <span class='ocrx_word' id='word_1_5' title='bbox 1578 168 1657 207; x_wconf 82' lang='lat'><strong>4¹0</strong></span> <span class='ocrx_word' id='word_1_6' title='bbox 1674 157 1705 197; x_wconf 88' lang='lat' dir='ltr'><strong>d</strong></span> 
     </span>
    </p>
   </div>
   <div class='ocr_carea' id='block_1_2' title="bbox 30 274 1690 2122">
    <p class='ocr_par' dir='ltr' id='par_1_2' title="bbox 99 274 1637 539">
     <span class='ocr_line' id='line_1_2' title="bbox 100 274 1561 332; baseline -0.001 -13"><span class='ocrx_word' id='word_1_7' title='bbox 100 274 222 320; x_wconf 88' lang='lat' dir='ltr'><strong>tione</strong></span> <span class='ocrx_word' id='word_1_8' title='bbox 255 275 352 318; x_wconf 86' lang='lat' dir='ltr'><strong>ueri</strong></span> <span class='ocrx_word' id='word_1_9' title='bbox 385 274 509 318; x_wconf 84' lang='lat' dir='ltr'><strong>nulla</strong></span> <span class='ocrx_word' id='word_1_10' title='bbox 542 275 767 332; x_wconf 90' lang='lat' dir='ltr'><strong>potentior</strong></span> <span class='ocrx_word' id='word_1_11' title='bbox 797 279 877 318; x_wconf 90' lang='lat' dir='ltr'><strong>est.</strong></span> <span class='ocrx_word' id='word_1_12' title='bbox 934 274 1118 319; x_wconf 88' lang='lat' dir='ltr'><strong>Cunctis</strong></span> <span class='ocrx_word' id='word_1_13' title='bbox 1151 274 1368 331; x_wconf 90' lang='lat' dir='ltr'><strong>siquidem</strong></span> <span class='ocrx_word' id='word_1_14' title='bbox 1402 274 1561 318; x_wconf 89' lang='lat' dir='ltr'><strong>auibus</strong></span> 
     </span>
     <span class='ocr_line' id='line_1_3' title="bbox 100 336 1637 401; baseline 0 -14"><span class='ocrx_word' id='word_1_15' title='bbox 100 344 388 387; x_wconf 86' lang='lat' dir='ltr'><strong>excellentius</strong></span> <span class='ocrx_word' id='word_1_16' title='bbox 416 344 540 387; x_wconf 90' lang='lat' dir='ltr'><strong>uolat</strong></span> <span class='ocrx_word' id='word_1_17' title='bbox 574 347 620 387; x_wconf 92' lang='lat' dir='ltr'><strong>et</strong></span> <span class='ocrx_word' id='word_1_18' title='bbox 652 345 710 387; x_wconf 89' lang='lat' dir='ltr'><strong>ab</strong></span> <span class='ocrx_word' id='word_1_19' title='bbox 749 344 889 401; x_wconf 90' lang='lat' dir='ltr'><strong>ipsius</strong></span> <span class='ocrx_word' id='word_1_20' title='bbox 927 344 1049 387; x_wconf 90' lang='lat' dir='ltr'><strong>Iouis</strong></span> <span class='ocrx_word' id='word_1_21' title='bbox 1088 344 1279 387; x_wconf 89' lang='lat' dir='ltr'><strong>archano</strong></span> <span class='ocrx_word' id='word_1_22' title='bbox 1318 359 1561 401; x_wconf 77' lang='lat' dir='ltr'><strong>numquam</strong></span> <span class='ocrx_word' id='word_1_23' title='bbox 1631 336 1637 341; x_wconf 61' lang='grc'><strong>’</strong></span> 
     </span>
     <span class='ocr_line' id='line_1_4' title="bbox 99 412 1561 470; baseline 0.001 -15"><span class='ocrx_word' id='word_1_24' title='bbox 99 413 361 456; x_wconf 78' lang='lat' dir='ltr'><strong>excluditur.</strong></span> <span class='ocrx_word' id='word_1_25' title='bbox 422 412 621 470; x_wconf 81' lang='lat' dir='ltr'>Cumque</span> <span class='ocrx_word' id='word_1_26' title='bbox 652 416 779 456; x_wconf 90' lang='lat' dir='ltr'><strong>tanto</strong></span> <span class='ocrx_word' id='word_1_27' title='bbox 811 413 934 456; x_wconf 84' lang='lat' dir='ltr'><strong>uisus</strong></span> <span class='ocrx_word' id='word_1_28' title='bbox 963 412 1164 456; x_wconf 76' lang='lat' dir='ltr'>acumine</span> <span class='ocrx_word' id='word_1_29' title='bbox 1191 413 1343 470; x_wconf 88' lang='lat' dir='ltr'><strong>uigere</strong></span> <span class='ocrx_word' id='word_1_30' title='bbox 1375 413 1561 465; x_wconf 87' lang='lat' dir='ltr'><strong>dicatur,</strong></span> 
     </span>
     <span class='ocr_line' id='line_1_5' title="bbox 99 481 1560 539; baseline 0.001 -15"><span class='ocrx_word' id='word_1_31' title='bbox 99 484 153 524; x_wconf 93' lang='lat' dir='ltr'><strong>ut</strong></span> <span class='ocrx_word' id='word_1_32' title='bbox 183 482 240 524; x_wconf 90' lang='lat' dir='ltr'><strong>ab</strong></span> <span class='ocrx_word' id='word_1_33' title='bbox 271 482 420 525; x_wconf 89' lang='lat' dir='ltr'><strong>ethere</strong></span> <span class='ocrx_word' id='word_1_34' title='bbox 446 496 617 525; x_wconf 93' lang='lat' dir='ltr'><strong>summo</strong></span> <span class='ocrx_word' id='word_1_35' title='bbox 644 482 874 539; x_wconf 82' lang='lat' dir='ltr'>pisciculos</span> <span class='ocrx_word' id='word_1_36' title='bbox 897 482 944 524; x_wconf 91' lang='lat' dir='ltr'><strong>in</strong></span> <span class='ocrx_word' id='word_1_37' title='bbox 965 481 1104 524; x_wconf 79' lang='lat' dir='ltr'><strong>fundo</strong></span> <span class='ocrx_word' id='word_1_38' title='bbox 1123 482 1258 525; x_wconf 91' lang='lat' dir='ltr'><strong>maris</strong></span> <span class='ocrx_word' id='word_1_39' title='bbox 1287 485 1560 533; x_wconf 74' lang='lat' dir='ltr'><strong>contueatur,</strong></span> 
     </span>
    </p>

    <p class='ocr_par' dir='ltr' id='par_1_3' title="bbox 30 550 1562 884">
     <span class='ocr_line' id='line_1_6' title="bbox 30 550 1562 608; baseline 0.001 -15"><span class='ocrx_word' id='word_1_40' title='bbox 30 572 35 576; x_wconf 93' lang='lat'>·</span> <span class='ocrx_word' id='word_1_41' title='bbox 61 568 80 601; x_wconf 82' lang='lat'><strong>5</strong></span> <span class='ocrx_word' id='word_1_42' title='bbox 100 553 146 593; x_wconf 90' lang='lat' dir='ltr'><strong>et</strong></span> <span class='ocrx_word' id='word_1_43' title='bbox 184 550 231 592; x_wconf 91' lang='lat' dir='ltr'><strong>in</strong></span> <span class='ocrx_word' id='word_1_44' title='bbox 271 551 415 607; x_wconf 90' lang='lat' dir='ltr'><strong>ipsum</strong></span> <span class='ocrx_word' id='word_1_45' title='bbox 455 551 603 602; x_wconf 90' lang='lat' dir='ltr'><strong>solem,</strong></span> <span class='ocrx_word' id='word_1_46' title='bbox 644 550 761 607; x_wconf 90' lang='lat' dir='ltr'><strong>quod</strong></span> <span class='ocrx_word' id='word_1_47' title='bbox 799 550 911 592; x_wconf 92' lang='lat' dir='ltr'><strong>nulli</strong></span> <span class='ocrx_word' id='word_1_48' title='bbox 956 550 1252 593; x_wconf 90' lang='lat' dir='ltr'><strong>animantium</strong></span> <span class='ocrx_word' id='word_1_49' title='bbox 1295 550 1411 603; x_wconf 88' lang='lat' dir='ltr'><strong>licet,</strong></span> <span class='ocrx_word' id='word_1_50' title='bbox 1450 551 1562 608; x_wconf 86' lang='lat' dir='ltr'><strong>figat</strong></span> 
     </span>
     <span class='ocr_line' id='line_1_7' title="bbox 99 619 1560 677; baseline 0.001 -15"><span class='ocrx_word' id='word_1_51' title='bbox 99 619 319 670; x_wconf 90' lang='lat' dir='ltr'><strong>obtutum,</strong></span> <span class='ocrx_word' id='word_1_52' title='bbox 338 634 545 662; x_wconf 90' lang='lat' dir='ltr'><strong>sensuum</strong></span> <span class='ocrx_word' id='word_1_53' title='bbox 575 619 752 676; x_wconf 90' lang='lat' dir='ltr'><strong>quidem</strong></span> <span class='ocrx_word' id='word_1_54' title='bbox 782 619 1030 663; x_wconf 82' lang='lat' dir='ltr'><strong>subtilitate</strong></span> <span class='ocrx_word' id='word_1_55' title='bbox 1059 619 1113 662; x_wconf 90' lang='lat' dir='ltr'><strong>de</strong></span> <span class='ocrx_word' id='word_1_56' title='bbox 1143 619 1265 662; x_wconf 89' lang='lat' dir='ltr'><strong>Iouis</strong></span> <span class='ocrx_word' id='word_1_57' title='bbox 1290 620 1438 677; x_wconf 87' lang='lat' dir='ltr'><strong>gratia</strong></span> <span class='ocrx_word' id='word_1_58' title='bbox 1459 634 1560 663; x_wconf 89' lang='lat' dir='ltr'><strong>con·</strong></span> 
     </span>
     <span class='ocr_line' id='line_1_8' title="bbox 98 687 1561 745; baseline 0.001 -15"><span class='ocrx_word' id='word_1_59' title='bbox 98 687 327 731; x_wconf 84' lang='lat' dir='ltr'><strong>scientiam</strong></span> <span class='ocrx_word' id='word_1_60' title='bbox 367 687 572 731; x_wconf 87' lang='lat' dir='ltr'><strong>ueritatis</strong></span> <span class='ocrx_word' id='word_1_61' title='bbox 611 702 844 744; x_wconf 87' lang='lat' dir='ltr'><strong>rerumque</strong></span> <span class='ocrx_word' id='word_1_62' title='bbox 882 689 1097 745; x_wconf 88' lang='lat' dir='ltr'><strong>mysteria</strong></span> <span class='ocrx_word' id='word_1_63' title='bbox 1135 691 1378 732; x_wconf 89' lang='lat' dir='ltr'><strong>mutuatur.</strong></span> <span class='ocrx_word' id='word_1_64' title='bbox 1450 688 1561 742; x_wconf 82' lang='lat' dir='ltr'><strong>Quis</strong></span> 
     </span>
     <span class='ocr_line' id='line_1_9' title="bbox 100 757 1560 814; baseline 0.001 -15"><span class='ocrx_word' id='word_1_65' title='bbox 100 757 217 800; x_wconf 94' lang='lat' dir='ltr'><strong>enim</strong></span> <span class='ocrx_word' id='word_1_66' title='bbox 256 757 419 800; x_wconf 83' lang='lat' dir='ltr'><strong>falsum</strong></span> <span class='ocrx_word' id='word_1_67' title='bbox 459 757 746 814; x_wconf 82' lang='lat' dir='ltr'><strong>interpretem</strong></span> <span class='ocrx_word' id='word_1_68' title='bbox 785 757 915 808; x_wconf 91' lang='lat' dir='ltr'><strong>dicat,</strong></span> <span class='ocrx_word' id='word_1_69' title='bbox 947 772 1077 814; x_wconf 92' lang='lat' dir='ltr'><strong>quem</strong></span> <span class='ocrx_word' id='word_1_70' title='bbox 1116 757 1398 801; x_wconf 81' lang='lat' dir='ltr'><strong>consiliorum</strong></span> <span class='ocrx_word' id='word_1_71' title='bbox 1438 757 1560 801; x_wconf 89' lang='lat' dir='ltr'><strong>Iouis</strong></span> 
     </span>
     <span class='ocr_line' id='line_1_10' title="bbox 99 826 1559 884; baseline 0.001 -16"><span class='ocrx_word' id='word_1_72' title='bbox 99 826 227 869; x_wconf 91' lang='lat' dir='ltr'><strong>nouit</strong></span> <span class='ocrx_word' id='word_1_73' title='bbox 275 841 367 869; x_wconf 89' lang='lat' dir='ltr'><strong>esse</strong></span> <span class='ocrx_word' id='word_1_74' title='bbox 421 826 714 884; x_wconf 59' lang='lat' dir='ltr'><strong>participem?</strong></span> <span class='ocrx_word' id='word_1_75' title='bbox 791 826 940 869; x_wconf 91' lang='lat' dir='ltr'><strong>Locris</strong></span> <span class='ocrx_word' id='word_1_76' title='bbox 988 826 1201 869; x_wconf 90' lang='lat' dir='ltr'><strong>aduersus</strong></span> <span class='ocrx_word' id='word_1_77' title='bbox 1249 826 1559 870; x_wconf 82' lang='lat' dir='ltr'><strong>Crotonienses</strong></span> 
     </span>
    </p>

    <p class='ocr_par' dir='ltr' id='par_1_4' title="bbox 41 895 1690 1228">
     <span class='ocr_line' id='line_1_11' title="bbox 41 895 1690 954; baseline 0.001 -19"><span class='ocrx_word' id='word_1_78' title='bbox 41 911 83 935; x_wconf 87' lang='lat'><strong>10</strong></span> <span class='ocrx_word' id='word_1_79' title='bbox 99 895 423 946; x_wconf 79' lang='lat' dir='ltr'><strong>dimicantibus,</strong></span> <span class='ocrx_word' id='word_1_80' title='bbox 462 895 611 952; x_wconf 91' lang='lat' dir='ltr'><strong>aquila</strong></span> <span class='ocrx_word' id='word_1_81' title='bbox 654 895 761 937; x_wconf 88' lang='lat' dir='ltr'><strong>dum</strong></span> <span class='ocrx_word' id='word_1_82' title='bbox 809 896 1093 954; x_wconf 86' lang='lat' dir='ltr'><strong>pugnabatur</strong></span> <span class='ocrx_word' id='word_1_83' title='bbox 1135 896 1422 952; x_wconf 90' lang='lat' dir='ltr'><strong>superuolans</strong></span> <span class='ocrx_word' id='word_1_84' title='bbox 1467 896 1557 939; x_wconf 86' lang='lat' dir='ltr'><strong>uic-</strong></span> <span class='ocrx_word' id='word_1_85' title='bbox 1573 908 1639 948; x_wconf 80' lang='lat'><strong>411</strong></span> <span class='ocrx_word' id='word_1_86' title='bbox 1659 908 1690 937; x_wconf 90' lang='lat' dir='ltr'><strong>a</strong></span> 
     </span>
     <span class='ocr_line' id='line_1_12' title="bbox 99 963 1559 1021; baseline 0 -14"><span class='ocrx_word' id='word_1_87' title='bbox 99 963 260 1007; x_wconf 88' lang='lat' dir='ltr'><strong>toriam</strong></span> <span class='ocrx_word' id='word_1_88' title='bbox 299 964 462 1007; x_wconf 90' lang='lat' dir='ltr'><strong>dicitur</strong></span> <span class='ocrx_word' id='word_1_89' title='bbox 499 964 746 1015; x_wconf 84' lang='lat' dir='ltr'><strong>contulisse,</strong></span> <span class='ocrx_word' id='word_1_90' title='bbox 785 979 885 1008; x_wconf 88' lang='lat' dir='ltr'><strong>cum</strong></span> <span class='ocrx_word' id='word_1_91' title='bbox 924 965 1054 1021; x_wconf 91' lang='lat' dir='ltr'><strong>pauci</strong></span> <span class='ocrx_word' id='word_1_92' title='bbox 1092 979 1275 1008; x_wconf 91' lang='lat' dir='ltr'><strong>numero</strong></span> <span class='ocrx_word' id='word_1_93' title='bbox 1313 964 1559 1008; x_wconf 89' lang='lat' dir='ltr'><strong>deleuerint</strong></span> 
     </span>
     <span class='ocr_line' id='line_1_13' title="bbox 99 1033 1558 1091; baseline 0.001 -16"><span class='ocrx_word' id='word_1_94' title='bbox 99 1033 325 1075; x_wconf 89' lang='lat' dir='ltr'><strong>infinitos.</strong></span> <span class='ocrx_word' id='word_1_95' title='bbox 367 1033 464 1076; x_wconf 90' lang='lat' dir='ltr'><strong>Hoc</strong></span> <span class='ocrx_word' id='word_1_96' title='bbox 493 1036 643 1076; x_wconf 93' lang='lat' dir='ltr'><strong>tamen</strong></span> <span class='ocrx_word' id='word_1_97' title='bbox 672 1033 878 1076; x_wconf 87' lang='lat' dir='ltr'><strong>ualidiori</strong></span> <span class='ocrx_word' id='word_1_98' title='bbox 904 1034 1030 1091; x_wconf 90' lang='lat' dir='ltr'><strong>signo</strong></span> <span class='ocrx_word' id='word_1_99' title='bbox 1057 1034 1266 1077; x_wconf 82' lang='lat' dir='ltr'><strong>scribitur</strong></span> <span class='ocrx_word' id='word_1_100' title='bbox 1291 1033 1558 1084; x_wconf 87' lang='lat' dir='ltr'><strong>roboratum,</strong></span> 
     </span>
     <span class='ocr_line' id='line_1_14' title="bbox 99 1101 1560 1160; baseline 0 -15"><span class='ocrx_word' id='word_1_101' title='bbox 99 1115 151 1145; x_wconf 90' lang='lat' dir='ltr'><strong>eo</strong></span> <span class='ocrx_word' id='word_1_102' title='bbox 200 1101 317 1158; x_wconf 90' lang='lat' dir='ltr'><strong>quod</strong></span> <span class='ocrx_word' id='word_1_103' title='bbox 366 1101 454 1144; x_wconf 92' lang='lat' dir='ltr'><strong>duo</strong></span> <span class='ocrx_word' id='word_1_104' title='bbox 503 1101 685 1144; x_wconf 87' lang='lat' dir='ltr'><strong>iuuenes</strong></span> <span class='ocrx_word' id='word_1_105' title='bbox 728 1102 986 1159; x_wconf 87' lang='lat' dir='ltr'><strong>procerioris</strong></span> <span class='ocrx_word' id='word_1_106' title='bbox 1030 1106 1239 1153; x_wconf 80' lang='lat' dir='ltr'><strong>staturae,</strong></span> <span class='ocrx_word' id='word_1_107' title='bbox 1278 1102 1560 1160; x_wconf 86' lang='lat' dir='ltr'><strong>elegantioris</strong></span> 
     </span>
     <span class='ocr_line' id='line_1_15' title="bbox 98 1169 1562 1228; baseline 0.001 -16"><span class='ocrx_word' id='word_1_108' title='bbox 98 1169 279 1223; x_wconf 81' lang='lat' dir='ltr'><strong>formae,</strong></span> <span class='ocrx_word' id='word_1_109' title='bbox 299 1170 347 1213; x_wconf 92' lang='lat' dir='ltr'><strong>in</strong></span> <span class='ocrx_word' id='word_1_110' title='bbox 376 1170 563 1214; x_wconf 88' lang='lat' dir='ltr'><strong>candido</strong></span> <span class='ocrx_word' id='word_1_111' title='bbox 591 1171 759 1221; x_wconf 90' lang='lat' dir='ltr'><strong>habitu,</strong></span> <span class='ocrx_word' id='word_1_112' title='bbox 779 1171 837 1214; x_wconf 92' lang='lat' dir='ltr'><strong>ab</strong></span> <span class='ocrx_word' id='word_1_113' title='bbox 864 1175 1052 1228; x_wconf 91' lang='lat' dir='ltr'><strong>utroque</strong></span> <span class='ocrx_word' id='word_1_114' title='bbox 1081 1172 1219 1214; x_wconf 89' lang='lat' dir='ltr'><strong>latere</strong></span> <span class='ocrx_word' id='word_1_115' title='bbox 1249 1171 1408 1215; x_wconf 89' lang='lat' dir='ltr'><strong>Locros</strong></span> <span class='ocrx_word' id='word_1_116' title='bbox 1433 1185 1562 1228; x_wconf 88' lang='lat' dir='ltr'><strong>prae-</strong></span> 
     </span>
    </p>

    <p class='ocr_par' dir='ltr' id='par_1_5' title="bbox 40 1239 1572 1573">
     <span class='ocr_line' id='line_1_16' title="bbox 40 1239 1558 1297; baseline 0.001 -15"><span class='ocrx_word' id='word_1_117' title='bbox 40 1257 80 1291; x_wconf 81' lang='lat'><strong>15</strong></span> <span class='ocrx_word' id='word_1_118' title='bbox 99 1239 332 1292; x_wconf 84' lang='lat' dir='ltr'><strong>cesserint3</strong></span> <span class='ocrx_word' id='word_1_119' title='bbox 380 1240 557 1292; x_wconf 88' lang='lat' dir='ltr'><strong>scilicet,</strong></span> <span class='ocrx_word' id='word_1_120' title='bbox 596 1243 649 1283; x_wconf 93' lang='lat' dir='ltr'><strong>ut</strong></span> <span class='ocrx_word' id='word_1_121' title='bbox 688 1243 784 1283; x_wconf 87' lang='lat' dir='ltr'><strong>erat</strong></span> <span class='ocrx_word' id='word_1_122' title='bbox 830 1241 1073 1284; x_wconf 89' lang='lat' dir='ltr'><strong>communis</strong></span> <span class='ocrx_word' id='word_1_123' title='bbox 1111 1241 1273 1297; x_wconf 89' lang='lat' dir='ltr'><strong>opinio,</strong></span> <span class='ocrx_word' id='word_1_124' title='bbox 1312 1239 1471 1284; x_wconf 87' lang='lat' dir='ltr'><strong>Castor</strong></span> <span class='ocrx_word' id='word_1_125' title='bbox 1513 1244 1558 1283; x_wconf 91' lang='lat' dir='ltr'><strong>et</strong></span> 
     </span>
     <span class='ocr_line' id='line_1_17' title="bbox 99 1308 1572 1366; baseline 0.001 -16"><span class='ocrx_word' id='word_1_126' title='bbox 99 1308 268 1351; x_wconf 88' lang='lat' dir='ltr'><strong>Pollux.</strong></span> <span class='ocrx_word' id='word_1_127' title='bbox 317 1308 480 1351; x_wconf 89' lang='lat' dir='ltr'><strong>Omina</strong></span> <span class='ocrx_word' id='word_1_128' title='bbox 493 1322 600 1351; x_wconf 93' lang='lat' dir='ltr'><strong>uero</strong></span> <span class='ocrx_word' id='word_1_129' title='bbox 614 1309 866 1352; x_wconf 88' lang='lat' dir='ltr'><strong>huiusmodi</strong></span> <span class='ocrx_word' id='word_1_130' title='bbox 886 1324 984 1352; x_wconf 90' lang='lat' dir='ltr'><strong>cum</strong></span> <span class='ocrx_word' id='word_1_131' title='bbox 1006 1310 1291 1366; x_wconf 90' lang='lat' dir='ltr'><strong>geminantur</strong></span> <span class='ocrx_word' id='word_1_132' title='bbox 1308 1309 1572 1366; x_wconf 88' lang='lat' dir='ltr'><strong>potentiora-</strong></span> 
     </span>
     <span class='ocr_line' id='line_1_18' title="bbox 98 1377 1560 1435; baseline 0.001 -16"><span class='ocrx_word' id='word_1_133' title='bbox 98 1380 214 1420; x_wconf 89' lang='lat' dir='ltr'><strong>sunt.</strong></span> <span class='ocrx_word' id='word_1_134' title='bbox 273 1377 392 1419; x_wconf 91' lang='lat' dir='ltr'><strong>Dum</strong></span> <span class='ocrx_word' id='word_1_135' title='bbox 413 1377 562 1428; x_wconf 89' lang='lat' dir='ltr'><strong>Hiero,</strong></span> <span class='ocrx_word' id='word_1_136' title='bbox 583 1377 637 1420; x_wconf 92' lang='lat' dir='ltr'><strong>de</strong></span> <span class='ocrx_word' id='word_1_137' title='bbox 657 1392 744 1434; x_wconf 93' lang='lat' dir='ltr'><strong>quo</strong></span> <span class='ocrx_word' id='word_1_138' title='bbox 770 1392 916 1435; x_wconf 90' lang='lat' dir='ltr'><strong>supra,</strong></span> <span class='ocrx_word' id='word_1_139' title='bbox 934 1378 1079 1434; x_wconf 86' lang='lat' dir='ltr'><strong>prima</strong></span> <span class='ocrx_word' id='word_1_140' title='bbox 1104 1379 1220 1421; x_wconf 89' lang='lat' dir='ltr'><strong>bella</strong></span> <span class='ocrx_word' id='word_1_141' title='bbox 1245 1378 1390 1429; x_wconf 89' lang='lat' dir='ltr'><strong>iniret,</strong></span> <span class='ocrx_word' id='word_1_142' title='bbox 1409 1378 1560 1434; x_wconf 88' lang='lat' dir='ltr'><strong>aquila</strong></span> 
     </span>
     <span class='ocr_line' id='line_1_19' title="bbox 99 1445 1559 1504; baseline 0 -16"><span class='ocrx_word' id='word_1_143' title='bbox 99 1460 156 1488; x_wconf 86' lang='lat' dir='ltr'><strong>ex</strong></span> <span class='ocrx_word' id='word_1_144' title='bbox 174 1445 412 1502; x_wconf 81' lang='lat' dir='ltr'><strong>improuiso</strong></span> <span class='ocrx_word' id='word_1_145' title='bbox 428 1446 589 1489; x_wconf 87' lang='lat' dir='ltr'><strong>resedit</strong></span> <span class='ocrx_word' id='word_1_146' title='bbox 601 1447 648 1488; x_wconf 93' lang='lat' dir='ltr'><strong>in</strong></span> <span class='ocrx_word' id='word_1_147' title='bbox 660 1446 798 1504; x_wconf 91' lang='lat' dir='ltr'><strong>clipeo</strong></span> <span class='ocrx_word' id='word_1_148' title='bbox 810 1447 1142 1504; x_wconf 83' lang='lat' dir='ltr'><strong>progredientis,</strong></span> <span class='ocrx_word' id='word_1_149' title='bbox 1157 1462 1293 1490; x_wconf 88' lang='lat' dir='ltr'><strong>manu</strong></span> <span class='ocrx_word' id='word_1_150' title='bbox 1303 1450 1559 1504; x_wconf 90' lang='lat' dir='ltr'><strong>promptum</strong></span> 
     </span>
     <span class='ocr_line' id='line_1_20' title="bbox 99 1514 1558 1573; baseline 0.001 -16"><span class='ocrx_word' id='word_1_151' title='bbox 99 1529 333 1571; x_wconf 89' lang='lat' dir='ltr'><strong>regemque</strong></span> <span class='ocrx_word' id='word_1_152' title='bbox 372 1514 577 1557; x_wconf 86' lang='lat' dir='ltr'><strong>futurum</strong></span> <span class='ocrx_word' id='word_1_153' title='bbox 615 1515 878 1572; x_wconf 84' lang='lat' dir='ltr'><strong>significans.</strong></span> <span class='ocrx_word' id='word_1_154' title='bbox 958 1516 1024 1558; x_wconf 92' lang='lat' dir='ltr'><strong>Ea</strong></span> <span class='ocrx_word' id='word_1_155' title='bbox 1067 1516 1139 1559; x_wconf 92' lang='lat' dir='ltr'><strong>die</strong></span> <span class='ocrx_word' id='word_1_156' title='bbox 1185 1531 1273 1573; x_wconf 89' lang='lat' dir='ltr'><strong>qua</strong></span> <span class='ocrx_word' id='word_1_157' title='bbox 1317 1519 1450 1558; x_wconf 89' lang='lat' dir='ltr'><strong>natus</strong></span> <span class='ocrx_word' id='word_1_158' title='bbox 1489 1522 1558 1558; x_wconf 87' lang='lat' dir='ltr'><strong>est</strong></span> 
     </span>
    </p>

    <p class='ocr_par' dir='ltr' id='par_1_6' title="bbox 40 1582 1600 1917">
     <span class='ocr_line' id='line_1_21' title="bbox 40 1582 1556 1642; baseline -0.001 -15"><span class='ocrx_word' id='word_1_159' title='bbox 40 1603 84 1627; x_wconf 63' lang='grc' dir='ltr'><strong>πο</strong></span> <span class='ocrx_word' id='word_1_160' title='bbox 100 1582 365 1635; x_wconf 85' lang='lat' dir='ltr'><strong>Alexander,</strong></span> <span class='ocrx_word' id='word_1_161' title='bbox 400 1583 513 1626; x_wconf 89' lang='lat' dir='ltr'><strong>duae</strong></span> <span class='ocrx_word' id='word_1_162' title='bbox 542 1584 715 1640; x_wconf 88' lang='lat' dir='ltr'><strong>aquilae</strong></span> <span class='ocrx_word' id='word_1_163' title='bbox 741 1588 838 1627; x_wconf 88' lang='lat' dir='ltr'><strong>tota</strong></span> <span class='ocrx_word' id='word_1_164' title='bbox 863 1585 934 1627; x_wconf 90' lang='lat' dir='ltr'><strong>die</strong></span> <span class='ocrx_word' id='word_1_165' title='bbox 958 1600 1037 1642; x_wconf 89' lang='lat' dir='ltr'><strong>per</strong></span> <span class='ocrx_word' id='word_1_166' title='bbox 1065 1585 1197 1642; x_wconf 84' lang='lat' dir='ltr'><strong>pedes</strong></span> <span class='ocrx_word' id='word_1_167' title='bbox 1219 1599 1354 1642; x_wconf 89' lang='lat' dir='ltr'><strong>supra</strong></span> <span class='ocrx_word' id='word_1_168' title='bbox 1382 1585 1556 1627; x_wconf 89' lang='lat' dir='ltr'><strong>culmen</strong></span> 
     </span>
     <span class='ocr_line' id='line_1_22' title="bbox 100 1651 1555 1711; baseline 0.001 -17"><span class='ocrx_word' id='word_1_169' title='bbox 100 1651 256 1695; x_wconf 90' lang='lat' dir='ltr'><strong>domus</strong></span> <span class='ocrx_word' id='word_1_170' title='bbox 280 1652 421 1709; x_wconf 91' lang='lat' dir='ltr'><strong>patris</strong></span> <span class='ocrx_word' id='word_1_171' title='bbox 447 1652 541 1695; x_wconf 91' lang='lat' dir='ltr'><strong>eius</strong></span> <span class='ocrx_word' id='word_1_172' title='bbox 560 1653 779 1705; x_wconf 89' lang='lat' dir='ltr'><strong>sederunt,</strong></span> <span class='ocrx_word' id='word_1_173' title='bbox 800 1669 927 1696; x_wconf 90' lang='lat' dir='ltr'><strong>omen</strong></span> <span class='ocrx_word' id='word_1_174' title='bbox 948 1654 1135 1711; x_wconf 90' lang='lat' dir='ltr'><strong>duplicis</strong></span> <span class='ocrx_word' id='word_1_175' title='bbox 1159 1654 1332 1711; x_wconf 92' lang='lat' dir='ltr'><strong>imperii</strong></span> <span class='ocrx_word' id='word_1_176' title='bbox 1354 1653 1555 1710; x_wconf 91' lang='lat' dir='ltr'><strong>Europae</strong></span> 
     </span>
     <span class='ocr_line' id='line_1_23' title="bbox 97 1721 1555 1779; baseline 0.001 -16"><span class='ocrx_word' id='word_1_177' title='bbox 97 1721 315 1778; x_wconf 88' lang='lat' dir='ltr'><strong>Asiaeque</strong></span> <span class='ocrx_word' id='word_1_178' title='bbox 362 1721 670 1778; x_wconf 87' lang='lat' dir='ltr'><strong>praeferentes.</strong></span> <span class='ocrx_word' id='word_1_179' title='bbox 748 1723 959 1766; x_wconf 89' lang='lat' dir='ltr'><strong>Vultures</strong></span> <span class='ocrx_word' id='word_1_180' title='bbox 1008 1723 1312 1766; x_wconf 86' lang='lat' dir='ltr'><strong>difficultatem</strong></span> <span class='ocrx_word' id='word_1_181' title='bbox 1359 1726 1555 1779; x_wconf 87' lang='lat' dir='ltr'><strong>portant,</strong></span> 
     </span>
     <span class='ocr_line' id='line_1_24' title="bbox 98 1790 1600 1848; baseline 0.001 -15"><span class='ocrx_word' id='word_1_182' title='bbox 98 1790 323 1842; x_wconf 90' lang='lat' dir='ltr'><strong>duritiam,</strong></span> <span class='ocrx_word' id='word_1_183' title='bbox 358 1790 659 1847; x_wconf 88' lang='lat' dir='ltr'><strong>rapacitatem,</strong></span> <span class='ocrx_word' id='word_1_184' title='bbox 692 1792 806 1834; x_wconf 90' lang='lat' dir='ltr'><strong>sicut</strong></span> <span class='ocrx_word' id='word_1_185' title='bbox 844 1792 980 1834; x_wconf 88' lang='lat' dir='ltr'><strong>habes</strong></span> <span class='ocrx_word' id='word_1_186' title='bbox 1014 1792 1061 1834; x_wconf 94' lang='lat' dir='ltr'><strong>in</strong></span> <span class='ocrx_word' id='word_1_187' title='bbox 1093 1792 1263 1848; x_wconf 88' lang='lat' dir='ltr'><strong>origine</strong></span> <span class='ocrx_word' id='word_1_188' title='bbox 1292 1792 1415 1834; x_wconf 90' lang='lat' dir='ltr'><strong>urbis</strong></span> <span class='ocrx_word' id='word_1_189' title='bbox 1453 1806 1553 1834; x_wconf 91' lang='lat' dir='ltr'><strong>con·</strong></span> <span class='ocrx_word' id='word_1_190' title='bbox 1571 1797 1600 1835; x_wconf 89' lang='lat' dir='ltr'><strong>b</strong></span> 
     </span>
     <span class='ocr_line' id='line_1_25' title="bbox 97 1857 1555 1917; baseline 0.001 -16"><span class='ocrx_word' id='word_1_191' title='bbox 97 1857 277 1902; x_wconf 87' lang='lat' dir='ltr'><strong>dendae.</strong></span> <span class='ocrx_word' id='word_1_192' title='bbox 337 1859 479 1901; x_wconf 89' lang='lat' dir='ltr'><strong>Fenix</strong></span> <span class='ocrx_word' id='word_1_193' title='bbox 515 1859 752 1916; x_wconf 90' lang='lat' dir='ltr'><strong>singularis</strong></span> <span class='ocrx_word' id='word_1_194' title='bbox 790 1859 1017 1903; x_wconf 83' lang='lat' dir='ltr'><strong>felicitatis</strong></span> <span class='ocrx_word' id='word_1_195' title='bbox 1051 1875 1272 1903; x_wconf 90' lang='lat' dir='ltr'><strong>successus</strong></span> <span class='ocrx_word' id='word_1_196' title='bbox 1310 1860 1555 1917; x_wconf 89' lang='lat' dir='ltr'><strong>pollicetur,</strong></span> 
     </span>
    </p>

    <p class='ocr_par' dir='ltr' id='par_1_7' title="bbox 40 1927 1556 2122">
     <span class='ocr_line' id='line_1_26' title="bbox 40 1927 1556 1985; baseline -0.001 -13"><span class='ocrx_word' id='word_1_197' title='bbox 40 1948 80 1982; x_wconf 86' lang='lat'><strong>²5</strong></span> <span class='ocrx_word' id='word_1_198' title='bbox 100 1927 228 1983; x_wconf 91' lang='lat' dir='ltr'><strong>quale</strong></span> <span class='ocrx_word' id='word_1_199' title='bbox 254 1930 322 1970; x_wconf 89' lang='lat' dir='ltr'><strong>est</strong></span> <span class='ocrx_word' id='word_1_200' title='bbox 348 1927 464 1983; x_wconf 90' lang='lat' dir='ltr'><strong>quod</strong></span> <span class='ocrx_word' id='word_1_201' title='bbox 489 1942 606 1970; x_wconf 89' lang='lat' dir='ltr'><strong>noua</strong></span> <span class='ocrx_word' id='word_1_202' title='bbox 630 1929 771 1971; x_wconf 81' lang='lat' dir='ltr'><strong>Roma</strong></span> <span class='ocrx_word' id='word_1_203' title='bbox 794 1929 890 1971; x_wconf 89' lang='lat' dir='ltr'><strong>uiso</strong></span> <span class='ocrx_word' id='word_1_204' title='bbox 915 1928 1056 1972; x_wconf 85' lang='lat' dir='ltr'><strong>fenice</strong></span> <span class='ocrx_word' id='word_1_205' title='bbox 1076 1929 1328 1971; x_wconf 89' lang='lat' dir='ltr'><strong>melioribus</strong></span> <span class='ocrx_word' id='word_1_206' title='bbox 1349 1928 1556 1985; x_wconf 85' lang='lat' dir='ltr'><strong>auspiciis</strong></span> 
     </span>
     <span class='ocr_line' id='line_1_27' title="bbox 97 1996 1555 2053; baseline -0.001 -14"><span class='ocrx_word' id='word_1_207' title='bbox 97 1996 275 2040; x_wconf 76' lang='lat' dir='ltr'><strong>condita</strong></span> <span class='ocrx_word' id='word_1_208' title='bbox 304 1999 382 2038; x_wconf 90' lang='lat' dir='ltr'><strong>est.</strong></span> <span class='ocrx_word' id='word_1_209' title='bbox 441 1996 552 2038; x_wconf 89' lang='lat' dir='ltr'><strong>Auis</strong></span> <span class='ocrx_word' id='word_1_210' title='bbox 580 1997 700 2053; x_wconf 88' lang='lat' dir='ltr'><strong>picta</strong></span> <span class='ocrx_word' id='word_1_211' title='bbox 728 1997 829 2039; x_wconf 89' lang='lat' dir='ltr'><strong>urbi</strong></span> <span class='ocrx_word' id='word_1_212' title='bbox 859 1997 1140 2039; x_wconf 90' lang='lat' dir='ltr'><strong>Pictauorum</strong></span> <span class='ocrx_word' id='word_1_213' title='bbox 1169 1997 1359 2040; x_wconf 89' lang='lat' dir='ltr'><strong>contulit</strong></span> <span class='ocrx_word' id='word_1_214' title='bbox 1382 2011 1555 2047; x_wconf 92' lang='lat' dir='ltr'><strong>nomen,</strong></span> 
     </span>
     <span class='ocr_line' id='line_1_28' title="bbox 97 2064 1553 2122; baseline 0.001 -16"><span class='ocrx_word' id='word_1_215' title='bbox 97 2064 325 2107; x_wconf 88' lang='lat' dir='ltr'><strong>leuitatem</strong></span> <span class='ocrx_word' id='word_1_216' title='bbox 345 2064 491 2121; x_wconf 90' lang='lat' dir='ltr'><strong>gentis</strong></span> <span class='ocrx_word' id='word_1_217' title='bbox 509 2065 651 2107; x_wconf 91' lang='lat' dir='ltr'><strong>colore</strong></span> <span class='ocrx_word' id='word_1_218' title='bbox 670 2068 715 2108; x_wconf 92' lang='lat' dir='ltr'><strong>et</strong></span> <span class='ocrx_word' id='word_1_219' title='bbox 738 2080 844 2108; x_wconf 93' lang='lat' dir='ltr'><strong>uoce</strong></span> <span class='ocrx_word' id='word_1_220' title='bbox 867 2066 1179 2122; x_wconf 88' lang='lat' dir='ltr'><strong>praefigurans.</strong></span> <span class='ocrx_word' id='word_1_221' title='bbox 1239 2066 1386 2107; x_wconf 90' lang='lat' dir='ltr'><strong>Ardea</strong></span> <span class='ocrx_word' id='word_1_222' title='bbox 1405 2079 1553 2107; x_wconf 90' lang='lat' dir='ltr'><strong>rerum</strong></span> 
     </span>
    </p>
   </div>
   <div class='ocr_carea' id='block_1_3' title="bbox 97 2160 1553 2254">
    <p class='ocr_par' dir='ltr' id='par_1_8' title="bbox 97 2160 1553 2254">
     <span class='ocr_line' id='line_1_29' title="bbox 97 2160 1553 2208; baseline 0 -11"><span class='ocrx_word' id='word_1_223' title='bbox 97 2162 121 2197; x_wconf 92' lang='lat'><strong>6</strong></span> <span class='ocrx_word' id='word_1_224' title='bbox 145 2161 338 2197; x_wconf 90' lang='lat' dir='ltr'><strong>obtuitum</strong></span> <span class='ocrx_word' id='word_1_225' title='bbox 356 2160 402 2196; x_wconf 80' lang='lat' dir='ltr'><strong>S:</strong></span> <span class='ocrx_word' id='word_1_226' title='bbox 423 2163 599 2208; x_wconf 90' lang='lat' dir='ltr'><strong>optutum</strong></span> <span class='ocrx_word' id='word_1_227' title='bbox 616 2161 650 2196; x_wconf 90' lang='lat' dir='ltr'>A</span> <span class='ocrx_word' id='word_1_228' title='bbox 790 2171 810 2206; x_wconf 91' lang='lat'>7</span> <span class='ocrx_word' id='word_1_229' title='bbox 835 2161 1007 2198; x_wconf 85' lang='lat' dir='ltr'><strong>misteria</strong></span> <span class='ocrx_word' id='word_1_230' title='bbox 1022 2161 1081 2196; x_wconf 84' lang='lat' dir='ltr'><strong>AS</strong></span> <span class='ocrx_word' id='word_1_231' title='bbox 1234 2172 1281 2197; x_wconf 90' lang='lat'><strong>20</strong></span> <span class='ocrx_word' id='word_1_232' title='bbox 1303 2160 1386 2207; x_wconf 85' lang='lat' dir='ltr'><strong>per]</strong></span> <span class='ocrx_word' id='word_1_233' title='bbox 1404 2172 1494 2207; x_wconf 80' lang='lat' dir='ltr'><strong>prae</strong></span> <span class='ocrx_word' id='word_1_234' title='bbox 1512 2160 1553 2197; x_wconf 82' lang='lat' dir='ltr'><strong>M</strong></span> 
     </span>
     <span class='ocr_line' id='line_1_30' title="bbox 98 2207 399 2254; baseline -0.003 -10"><span class='ocrx_word' id='word_1_235' title='bbox 98 2219 139 2244; x_wconf 92' lang='lat'><strong>21</strong></span> <span class='ocrx_word' id='word_1_236' title='bbox 167 2207 357 2254; x_wconf 79' lang='lat' dir='ltr'><strong>dupplicis</strong></span> <span class='ocrx_word' id='word_1_237' title='bbox 374 2207 399 2243; x_wconf 84' lang='lat' dir='ltr'>S</span> 
     </span>
    </p>
   </div>
   <div class='ocr_carea' id='block_1_4' title="bbox 95 2293 1555 2810">
    <p class='ocr_par' dir='ltr' id='par_1_9' title="bbox 95 2293 1555 2810">
     <span class='ocr_line' id='line_1_31' title="bbox 144 2293 1551 2341; baseline -0.001 -10"><span class='ocrx_word' id='word_1_238' title='bbox 144 2306 166 2340; x_wconf 86' lang='lat'>3</span> <span class='ocrx_word' id='word_1_239' title='bbox 194 2297 349 2341; x_wconf 75' lang='lat' dir='ltr'><strong>Cumque</strong></span> <span class='ocrx_word' id='word_1_240' title='bbox 365 2301 463 2331; x_wconf 80' lang='lat' dir='ltr'><strong>tanto</strong></span> <span class='ocrx_word' id='word_1_241' title='bbox 480 2298 575 2332; x_wconf 86' lang='lat' dir='ltr'><strong>etc.:</strong></span> <span class='ocrx_word' id='word_1_242' title='bbox 600 2307 632 2329; x_wconf 86' lang='lat' dir='ltr'><strong>v.</strong></span> <span class='ocrx_word' id='word_1_243' title='bbox 652 2294 739 2330; x_wconf 84' lang='lat' dir='ltr'><strong>Isid.</strong></span> <span class='ocrx_word' id='word_1_244' title='bbox 761 2296 854 2339; x_wconf 72' lang='lat' dir='ltr'><strong>Oriy.</strong></span> <span class='ocrx_word' id='word_1_245' title='bbox 870 2293 934 2330; x_wconf 83' lang='lat' dir='ltr'><strong>xii.</strong></span> <span class='ocrx_word' id='word_1_246' title='bbox 952 2303 971 2338; x_wconf 94' lang='lat'><em>7</em></span> <span class='ocrx_word' id='word_1_247' title='bbox 987 2293 1029 2340; x_wconf 59' lang='grc' dir='ltr'><strong>ἕξ</strong></span> <span class='ocrx_word' id='word_1_248' title='bbox 1048 2305 1102 2337; x_wconf 84' lang='grc' dir='ltr'><strong>ιο,</strong></span> <span class='ocrx_word' id='word_1_249' title='bbox 1119 2304 1172 2330; x_wconf 83' lang='lat'><strong>11.</strong></span> <span class='ocrx_word' id='word_1_250' title='bbox 1270 2305 1292 2340; x_wconf 94' lang='lat'><strong>9</strong></span> <span class='ocrx_word' id='word_1_251' title='bbox 1315 2295 1440 2330; x_wconf 72' lang='lat' dir='ltr'><strong>Locm’s</strong></span> <span class='ocrx_word' id='word_1_252' title='bbox 1456 2296 1551 2330; x_wconf 65' lang='lat' dir='ltr'><strong>etc:</strong></span> 
     </span>
     <span class='ocr_line' id='line_1_32' title="bbox 96 2340 1555 2387; baseline -0.001 -10"><span class='ocrx_word' id='word_1_253' title='bbox 96 2354 130 2378; x_wconf 79' lang='lat' dir='ltr'><strong>v.</strong></span> <span class='ocrx_word' id='word_1_254' title='bbox 148 2341 281 2378; x_wconf 81' lang='lat' dir='ltr'><strong>Iustin.</strong></span> <span class='ocrx_word' id='word_1_255' title='bbox 299 2354 361 2378; x_wconf 88' lang='lat' dir='ltr'><strong>xx.</strong></span> <span class='ocrx_word' id='word_1_256' title='bbox 379 2353 411 2387; x_wconf 92' lang='lat'><strong>3.</strong></span> <span class='ocrx_word' id='word_1_257' title='bbox 522 2352 563 2386; x_wconf 93' lang='lat'><strong>17</strong></span> <span class='ocrx_word' id='word_1_258' title='bbox 588 2343 686 2377; x_wconf 85' lang='lat' dir='ltr'><strong>Dum</strong></span> <span class='ocrx_word' id='word_1_259' title='bbox 702 2343 814 2377; x_wconf 83' lang='lat' dir='ltr'><strong>Hiero</strong></span> <span class='ocrx_word' id='word_1_260' title='bbox 831 2343 901 2377; x_wconf 88' lang='lat' dir='ltr'><strong>etc.</strong></span> <span class='ocrx_word' id='word_1_261' title='bbox 916 2352 924 2376; x_wconf 91' lang='lat'>:</span> <span class='ocrx_word' id='word_1_262' title='bbox 953 2340 1084 2377; x_wconf 87' lang='lat' dir='ltr'><strong>Iustin.</strong></span> <span class='ocrx_word' id='word_1_263' title='bbox 1102 2340 1206 2376; x_wconf 85' lang='lat' dir='ltr'><strong>xxiii.</strong></span> <span class='ocrx_word' id='word_1_264' title='bbox 1221 2351 1255 2385; x_wconf 87' lang='lat'><strong>4.</strong></span> <span class='ocrx_word' id='word_1_265' title='bbox 1354 2351 1397 2386; x_wconf 93' lang='lat'><strong>19</strong></span> <span class='ocrx_word' id='word_1_266' title='bbox 1420 2342 1479 2376; x_wconf 84' lang='lat' dir='ltr'><strong>Ea</strong></span> <span class='ocrx_word' id='word_1_267' title='bbox 1496 2343 1555 2376; x_wconf 78' lang='lat' dir='ltr'><strong>die</strong></span> 
     </span>
     <span class='ocr_line' id='line_1_33' title="bbox 97 2387 1555 2433; baseline -0.002 -7"><span class='ocrx_word' id='word_1_268' title='bbox 97 2391 191 2426; x_wconf 55' lang='lat' dir='ltr'><strong>eta:</strong></span> <span class='ocrx_word' id='word_1_269' title='bbox 219 2389 352 2425; x_wconf 83' lang='lat' dir='ltr'><strong>Iustin.</strong></span> <span class='ocrx_word' id='word_1_270' title='bbox 370 2389 435 2424; x_wconf 85' lang='lat' dir='ltr'><strong>xii.</strong></span> <span class='ocrx_word' id='word_1_271' title='bbox 458 2391 511 2425; x_wconf 90' lang='lat'><strong>16.</strong></span> <span class='ocrx_word' id='word_1_272' title='bbox 608 2399 653 2433; x_wconf 86' lang='lat'><strong>24</strong></span> <span class='ocrx_word' id='word_1_273' title='bbox 679 2390 798 2424; x_wconf 81' lang='lat' dir='ltr'><strong>Fem&#39;x</strong></span> <span class='ocrx_word' id='word_1_274' title='bbox 809 2391 905 2424; x_wconf 83' lang='lat' dir='ltr'><strong>etc.:</strong></span> <span class='ocrx_word' id='word_1_275' title='bbox 931 2387 1555 2433; x_wconf 83' lang='lat' dir='ltr'><strong>PhoenicemaCOnstantinopolis</strong></span> 
     </span>
     <span class='ocr_line' id='line_1_34' title="bbox 98 2435 1552 2481; baseline -0.001 -9"><span class='ocrx_word' id='word_1_276' title='bbox 98 2435 292 2472; x_wconf 79' lang='lat' dir='ltr'><strong>conditore</strong></span> <span class='ocrx_word' id='word_1_277' title='bbox 319 2436 437 2472; x_wconf 88' lang='lat' dir='ltr'><strong>visum</strong></span> <span class='ocrx_word' id='word_1_278' title='bbox 463 2447 538 2473; x_wconf 87' lang='lat' dir='ltr'><strong>esse</strong></span> <span class='ocrx_word' id='word_1_279' title='bbox 562 2447 672 2472; x_wconf 91' lang='lat' dir='ltr'><strong>nemo</strong></span> <span class='ocrx_word' id='word_1_280' title='bbox 700 2437 849 2481; x_wconf 82' lang='lat' dir='ltr'><strong>praeter</strong></span> <span class='ocrx_word' id='word_1_281' title='bbox 880 2435 1061 2471; x_wconf 89' lang='lat' dir='ltr'><strong>Ioannem</strong></span> <span class='ocrx_word' id='word_1_282' title='bbox 1084 2437 1261 2477; x_wconf 87' lang='lat' dir='ltr'><strong>nostrum,</strong></span> <span class='ocrx_word' id='word_1_283' title='bbox 1293 2435 1391 2480; x_wconf 89' lang='lat' dir='ltr'><strong>quod</strong></span> <span class='ocrx_word' id='word_1_284' title='bbox 1423 2435 1552 2481; x_wconf 83' lang='lat' dir='ltr'><strong>scia-m,</strong></span> 
     </span>
     <span class='ocr_line' id='line_1_35' title="bbox 97 2482 1551 2529; baseline -0.001 -11"><span class='ocrx_word' id='word_1_285' title='bbox 97 2485 246 2525; x_wconf 83' lang='lat' dir='ltr'><strong>narrat3</strong></span> <span class='ocrx_word' id='word_1_286' title='bbox 292 2484 487 2529; x_wconf 83' lang='lat' dir='ltr'><strong>phoenicis</strong></span> <span class='ocrx_word' id='word_1_287' title='bbox 526 2486 656 2519; x_wconf 86' lang='lat' dir='ltr'><strong>tamen</strong></span> <span class='ocrx_word' id='word_1_288' title='bbox 697 2482 858 2528; x_wconf 84' lang='lat' dir='ltr'><strong>effigiem</strong></span> <span class='ocrx_word' id='word_1_289' title='bbox 898 2493 984 2517; x_wconf 90' lang='lat' dir='ltr'><strong>cum</strong></span> <span class='ocrx_word' id='word_1_290' title='bbox 1024 2482 1094 2517; x_wconf 78' lang='lat' dir='ltr'><strong>hac</strong></span> <span class='ocrx_word' id='word_1_291' title='bbox 1137 2482 1383 2527; x_wconf 86' lang='lat' dir='ltr'><strong>inscriptione</strong></span> <span class='ocrx_word' id='word_1_292' title='bbox 1423 2491 1551 2517; x_wconf 71' lang='lat' dir='ltr'>FELIX</span> 
     </span>
     <span class='ocr_line' id='line_1_36' title="bbox 99 2528 1552 2566; baseline 0.001 -2"><span class='ocrx_word' id='word_1_293' title='bbox 99 2538 331 2566; x_wconf 68' lang='lat' dir='ltr'><strong>murorum</strong></span> <span class='ocrx_word' id='word_1_294' title='bbox 362 2539 602 2566; x_wconf 70' lang='lat' dir='ltr'><strong>REPABA&#39;mo</strong></span> <span class='ocrx_word' id='word_1_295' title='bbox 630 2530 670 2564; x_wconf 90' lang='lat' dir='ltr'><strong>in</strong></span> <span class='ocrx_word' id='word_1_296' title='bbox 699 2530 864 2564; x_wconf 85' lang='lat' dir='ltr'><strong>nummis</strong></span> <span class='ocrx_word' id='word_1_297' title='bbox 888 2528 1099 2564; x_wconf 82' lang='lat' dir='ltr'><strong>exhibuisse</strong></span> <span class='ocrx_word' id='word_1_298' title='bbox 1124 2528 1369 2565; x_wconf 83' lang='lat' dir='ltr'><strong>Constantem</strong></span> <span class='ocrx_word' id='word_1_299' title='bbox 1395 2531 1432 2565; x_wconf 86' lang='lat' dir='ltr'><strong>et</strong></span> <span class='ocrx_word' id='word_1_300' title='bbox 1460 2529 1552 2565; x_wconf 86' lang='lat' dir='ltr'><strong>Con·</strong></span> 
     </span>
     <span class='ocr_line' id='line_1_37' title="bbox 98 2575 1550 2623; baseline -0.001 -11"><span class='ocrx_word' id='word_1_301' title='bbox 98 2577 310 2612; x_wconf 81' lang='lat' dir='ltr'><strong>stantinum</strong></span> <span class='ocrx_word' id='word_1_302' title='bbox 343 2578 391 2621; x_wconf 89' lang='grc' dir='ltr'><strong>ΙΙ,</strong></span> <span class='ocrx_word' id='word_1_303' title='bbox 426 2578 684 2623; x_wconf 84' lang='lat' dir='ltr'><strong>imperatores,</strong></span> <span class='ocrx_word' id='word_1_304' title='bbox 717 2576 955 2611; x_wconf 83' lang='lat' dir='ltr'><strong>Constantini</strong></span> <span class='ocrx_word' id='word_1_305' title='bbox 988 2575 1120 2622; x_wconf 84' lang='lat' dir='ltr'><strong>Magni</strong></span> <span class='ocrx_word' id='word_1_306' title='bbox 1160 2575 1265 2618; x_wconf 85' lang='lat' dir='ltr'><strong>filios,</strong></span> <span class='ocrx_word' id='word_1_307' title='bbox 1301 2587 1360 2612; x_wconf 91' lang='lat' dir='ltr'><strong>me</strong></span> <span class='ocrx_word' id='word_1_308' title='bbox 1398 2576 1454 2611; x_wconf 87' lang='lat' dir='ltr'><strong>vir</strong></span> <span class='ocrx_word' id='word_1_309' title='bbox 1494 2576 1550 2612; x_wconf 85' lang='lat' dir='ltr'><strong>rei</strong></span> 
     </span>
     <span class='ocr_line' id='line_1_38' title="bbox 98 2622 1546 2670; baseline 0.001 -12"><span class='ocrx_word' id='word_1_310' title='bbox 98 2623 385 2660; x_wconf 86' lang='lat' dir='ltr'><strong>numismaticae</strong></span> <span class='ocrx_word' id='word_1_311' title='bbox 409 2624 654 2670; x_wconf 87' lang='lat' dir='ltr'><strong>peritissimus</strong></span> <span class='ocrx_word' id='word_1_312' title='bbox 679 2623 832 2659; x_wconf 87' lang='lat' dir='ltr'><strong>Carolus</strong></span> <span class='ocrx_word' id='word_1_313' title='bbox 857 2623 977 2658; x_wconf 85' lang='lat' dir='ltr'><strong>Oman</strong></span> <span class='ocrx_word' id='word_1_314' title='bbox 1005 2623 1204 2659; x_wconf 88' lang='lat' dir='ltr'><strong>certiorem</strong></span> <span class='ocrx_word' id='word_1_315' title='bbox 1231 2622 1347 2667; x_wconf 86' lang='lat' dir='ltr'><strong>fecit;</strong></span> <span class='ocrx_word' id='word_1_316' title='bbox 1383 2623 1430 2659; x_wconf 88' lang='lat' dir='ltr'><strong>cf.</strong></span> <span class='ocrx_word' id='word_1_317' title='bbox 1459 2623 1546 2659; x_wconf 89' lang='lat' dir='ltr'><strong>Cod.</strong></span> 
     </span>
     <span class='ocr_line' id='line_1_39' title="bbox 99 2669 1550 2718; baseline 0 -13"><span class='ocrx_word' id='word_1_318' title='bbox 99 2669 295 2706; x_wconf 84' lang='lat' dir='ltr'><strong>Iustinian.</strong></span> <span class='ocrx_word' id='word_1_319' title='bbox 317 2671 345 2706; x_wconf 94' lang='lat' dir='ltr'><strong>I.</strong></span> <span class='ocrx_word' id='word_1_320' title='bbox 368 2681 409 2715; x_wconf 93' lang='lat'><strong>17</strong></span> <span class='ocrx_word' id='word_1_321' title='bbox 427 2670 446 2718; x_wconf 84' lang='lat'><strong>§</strong></span> <span class='ocrx_word' id='word_1_322' title='bbox 466 2682 510 2707; x_wconf 89' lang='lat'><strong>10</strong></span> <span class='ocrx_word' id='word_1_323' title='bbox 528 2674 537 2689; x_wconf 79' lang='lat'><em>⁴</em></span> <span class='ocrx_word' id='word_1_324' title='bbox 550 2671 693 2717; x_wconf 85' lang='lat' dir='ltr'><strong>regiam</strong></span> <span class='ocrx_word' id='word_1_325' title='bbox 711 2672 876 2706; x_wconf 86' lang='lat' dir='ltr'><strong>nostram</strong></span> <span class='ocrx_word' id='word_1_326' title='bbox 895 2681 990 2714; x_wconf 83' lang='lat' dir='ltr'><strong>quae</strong></span> <span class='ocrx_word' id='word_1_327' title='bbox 1008 2669 1086 2706; x_wconf 90' lang='lat' dir='ltr'><strong>Deo</strong></span> <span class='ocrx_word' id='word_1_328' title='bbox 1104 2669 1269 2716; x_wconf 87' lang='lat' dir='ltr'><strong>propitio</strong></span> <span class='ocrx_word' id='word_1_329' title='bbox 1287 2682 1372 2706; x_wconf 86' lang='lat' dir='ltr'><strong>cum</strong></span> <span class='ocrx_word' id='word_1_330' title='bbox 1389 2670 1550 2706; x_wconf 84' lang='lat' dir='ltr'><strong>meliori-</strong></span> 
     </span>
     <span class='ocr_line' id='line_1_40' title="bbox 95 2716 1554 2764; baseline 0.001 -12"><span class='ocrx_word' id='word_1_331' title='bbox 95 2716 166 2752; x_wconf 86' lang='lat' dir='ltr'><strong>bus</strong></span> <span class='ocrx_word' id='word_1_332' title='bbox 193 2718 346 2754; x_wconf 85' lang='lat' dir='ltr'><strong>condita</strong></span> <span class='ocrx_word' id='word_1_333' title='bbox 374 2720 431 2755; x_wconf 89' lang='lat' dir='ltr'><strong>est</strong></span> <span class='ocrx_word' id='word_1_334' title='bbox 459 2718 647 2764; x_wconf 65' lang='lat' dir='ltr'><strong>auguriis!</strong></span> <span class='ocrx_word' id='word_1_335' title='bbox 766 2719 811 2752; x_wconf 85' lang='lat'><strong>26</strong></span> <span class='ocrx_word' id='word_1_336' title='bbox 837 2718 931 2752; x_wconf 71' lang='lat' dir='ltr'><strong>Auis</strong></span> <span class='ocrx_word' id='word_1_337' title='bbox 953 2719 1073 2761; x_wconf 79' lang='lat' dir='ltr'><strong>picta:</strong></span> <span class='ocrx_word' id='word_1_338' title='bbox 1100 2717 1146 2752; x_wconf 88' lang='lat' dir='ltr'><strong>de</strong></span> <span class='ocrx_word' id='word_1_339' title='bbox 1170 2717 1276 2762; x_wconf 82' lang='lat' dir='ltr'><strong>picae</strong></span> <span class='ocrx_word' id='word_1_340' title='bbox 1301 2716 1425 2753; x_wconf 88' lang='lat' dir='ltr'><strong>cultus</strong></span> <span class='ocrx_word' id='word_1_341' title='bbox 1448 2718 1554 2764; x_wconf 83' lang='lat' dir='ltr'><strong>apud</strong></span> 
     </span>
     <span class='ocr_line' id='line_1_41' title="bbox 95 2763 1205 2810; baseline -0.001 -9"><span class='ocrx_word' id='word_1_342' title='bbox 95 2763 266 2801; x_wconf 84' lang='lat' dir='ltr'><strong>Pictavos</strong></span> <span class='ocrx_word' id='word_1_343' title='bbox 282 2764 451 2810; x_wconf 86' lang='lat' dir='ltr'><strong>reliquiis</strong></span> <span class='ocrx_word' id='word_1_344' title='bbox 467 2766 550 2801; x_wconf 87' lang='lat' dir='ltr'><strong>vide</strong></span> <span class='ocrx_word' id='word_1_345' title='bbox 568 2764 724 2808; x_wconf 87' lang='lat' dir='ltr'><strong>Grimm,</strong></span> <span class='ocrx_word' id='word_1_346' title='bbox 744 2766 915 2799; x_wconf 80' lang='lat' dir='ltr'><strong>Deutsche</strong></span> <span class='ocrx_word' id='word_1_347' title='bbox 930 2765 1077 2810; x_wconf 76' lang='lat' dir='ltr'><strong>Mythol.</strong></span> <span class='ocrx_word' id='word_1_348' title='bbox 1095 2776 1125 2800; x_wconf 86' lang='lat' dir='ltr'><strong>c.</strong></span> <span class='ocrx_word' id='word_1_349' title='bbox 1146 2775 1205 2800; x_wconf 87' lang='lat'><strong>21.</strong></span> 
     </span>
    </p>
   </div>
   <div class='ocr_carea' id='block_1_5' title="bbox 153 2833 1439 2869">
    <p class='ocr_par' dir='ltr' id='par_1_10' title="bbox 153 2833 1439 2869">
     <span class='ocr_line' id='line_1_42' title="bbox 153 2833 1439 2869; baseline -0.002 -8"><span class='ocrx_word' id='word_1_350' title='bbox 153 2843 234 2861; x_wconf 63' lang='lat' dir='ltr'><strong>wass</strong></span> <span class='ocrx_word' id='word_1_351' title='bbox 785 2833 802 2859; x_wconf 96' lang='lat'>1</span> <span class='ocrx_word' id='word_1_352' title='bbox 1398 2834 1439 2869; x_wconf 77' lang='lat'><strong>57</strong></span> 
     </span>
    </p>
   </div>
  </div>
 </body>
</html>
