1878 3172
172 213 263 266 ¹569
281 211 312 252 d
657 210 918 255 IOANNIS
947 210 1460 256 SARESBERIENSIS
1629 213 1741 270 [Lm.
1754 223 1787 258 v

325 330 488 374 similia
506 343 563 373 ex
582 330 799 374 similibus
818 334 1114 388 procreentur.
1172 330 1391 384 Ceterum,
1411 332 1516 389 quia
1535 331 1788 389 praesidum

325 403 382 460 et¹
409 399 595 443 aliorum
635 400 830 443 iudicum
867 415 1142 444 communem
1176 416 1268 444 esse
1307 402 1620 459 inspectionem
1659 416 1786 459 prae-

325 469 536 519 misimus,
557 469 795 526 aequitatis
822 472 868 512 et
896 470 1096 527 publicae
1126 470 1287 527 quietis
1315 471 1509 515 ministri
1539 474 1655 522 sunt,
1677 485 1786 528 quos

326 541 454 581 tanto
485 538 885 595 circumspectiores
914 541 960 581 et
990 539 1207 582 cautiores
1236 542 1411 596 oportet
1439 554 1531 583 esse
1560 539 1788 598 magisque

327 607 547 658 sollicitos,
582 622 669 664 quo
702 607 822 650 illius
851 611 1136 651 reseruantur
1164 609 1369 660 examini,
1398 609 1524 652 cuius
1552 608 1790 666 prudentia
1806 623 1826 658 5
1856 624 1861 665 ᾗ,

327 676 636 719 circumueniri
666 691 756 720 non
789 680 936 734 potest
970 680 1048 720 aut
1085 677 1259 720 iustitia
1287 678 1530 736 corrumpi3
1570 678 1646 721 illo
1675 677 1788 734 opti·
1859 671 1861 674 ⁴

327 748 472 796 nente,
501 748 553 788 ut
584 746 631 788 in
661 761 748 803 quo
777 746 939 790 iudicio
968 747 1274 798 iudicauerint,
1304 747 1566 798 iudicentur,
1594 750 1640 790 et
1669 761 1791 789 men-

327 829 476 857 suram
495 815 656 858 bonam
677 818 722 858 et
737 814 981 859 confertam
997 818 1042 859 et
1057 817 1325 873 coagitatam
1345 819 1390 860 et
1409 816 1791 874 supereffluentem

328 883 375 925 in
394 883 517 926 sinus
536 899 638 927 suos
656 899 683 927 a
702 884 846 928 iudice
866 885 983 928 iusto
1003 885 1230 942 recipiant.

182 1017 262 1057 570
282 1016 312 1046 a
329 997 434 1055 Cap.
460 1012 523 1043 12.
571 999 636 1042 De
664 1003 942 1043 sacrmento
970 999 1198 1054 iudam,
1219 1003 1259 1043 et
1288 999 1517 1045 collatione
1546 999 1792 1056 Pitayorae
1810 1018 1853 1044 10

444 1071 483 1111 et
522 1068 793 1120 Alexandri,
825 1072 864 1112 et
895 1069 950 1112 i‘n
984 1068 1148 1126 quibus
1182 1068 1312 1112 ‘rebus
1343 1070 1546 1126 yratiam
1578 1065 1793 1126 partibus
1864 1086 1866 1098 ¹

439 1137 578 1194 possit
594 1138 748 1194 facere
776 1137 928 1191 iudea),
958 1141 997 1181 et
1025 1138 1080 1181 de
1110 1138 1443 1195 quaestionibus
1471 1137 1688 1195 captiosis.
1866 1126 1878 1246 ἓ

388 1222 447 1265 Et
476 1222 654 1278 quidem
683 1222 850 1266 iudices
879 1225 1152 1266 sacramento
1178 1223 1350 1280 legibus
1377 1223 1620 1280 alligantur
1644 1221 1793 1274 iurati,
1818 1247 1878 1309 i

330 1291 435 1348 quia
460 1291 580 1334 omni
607 1291 737 1334 modo
763 1291 974 1335 iudicium
1001 1306 1101 1335 cum
1128 1292 1318 1335 ueritate
1344 1294 1390 1335 et
1415 1291 1563 1349 legum
1589 1291 1793 1335 0bserua-
1867 1312 1878 1355 :5

329 1360 450 1403 tione
482 1360 726 1417 disponent
800 1360 989 1417 Ipsoque
1029 1360 1124 1403 iure
1163 1363 1343 1404 cautum
1380 1367 1448 1404 est
1484 1363 1537 1403 ut
1569 1374 1792 1404 sacrorum
1812 1383 1852 1418 15
1862 1359 1878 1507 i

331 1429 675 1486 Euangeliorum
705 1429 950 1486 scripturae
978 1429 1198 1472 terribiles
1227 1432 1332 1472 ante
1361 1429 1508 1472 sedem
1541 1428 1794 1472 iudicialem
1860 1459 1862 1461 »

329 1497 609 1554 deponantur
642 1498 792 1554 ibique
825 1498 882 1540 ab
921 1497 1050 1540 initio
1084 1498 1232 1540 litium
1266 1498 1324 1540 ad
1356 1498 1489 1541 finem
1523 1512 1663 1554 usque
1696 1511 1794 1554 per·
1864 1546 1878 1551 ⁷.

329 1569 539 1608 maneant
558 1581 637 1608 nec
658 1569 949 1608 amoueantur
969 1566 1055 1609 nisi
1075 1566 1297 1609 sententia
1322 1566 1519 1618 recitata,
1540 1580 1627 1623 quo
1654 1565 1794 1610 totius
1867 1564 1878 1626 J]

330 1634 577 1678 consistorii
606 1634 797 1677 latitudo
827 1634 910 1676 Dei
944 1634 1083 1691 ipsius
1116 1635 1286 1692 repleta
1310 1635 1560 1692 praesentia
1589 1634 1794 1678 omnibus

331 1703 389 1746 ad
419 1706 716 1747 sacrosanctas
742 1703 982 1759 scripturas
1011 1706 1179 1746 metum
1208 1703 1398 1747 incutiat
1426 1706 1471 1746 et
1499 1703 1793 1747 reuerentiam
1812 1726 1878 1758 207

332 1775 378 1815 et
411 1772 469 1814 ab
503 1771 788 1828 inquisitione
827 1772 1031 1815 ueritatis
1069 1772 1211 1815 omnis
1249 1772 1462 1829 iniquitas
1501 1772 1794 1830 propulsetur.

285 1848 314 1886 b
334 1840 496 1883 Omnes
526 1855 698 1897 quoque
728 1840 872 1883 carnis
901 1843 946 1884 et
980 1841 1208 1898 sanguinis
1242 1841 1398 1899 religio
1431 1840 1662 1884 iudiciaria
1695 1855 1794 1898 pro-

331 1909 458 1967 pellit
476 1910 658 1952 affectus
677 1924 895 1955 euacuans
914 1909 1026 1952 iram
1042 1913 1087 1952 et
1106 1910 1268 1962 odium,
1279 1915 1447 1954 metum
1468 1913 1514 1954 et
1533 1910 1796 1962 amicitiam;

332 1979 448 2036 quia,
467 1981 520 2022 ut
540 1978 604 2021 ait
631 1979 773 2021 Iulius
798 1978 943 2030 Cesar,
963 1979 1083 2022 haud
1110 1979 1240 2023 facile
1266 1980 1440 2023 animus
1466 1994 1622 2022 uerum
1647 1979 1794 2037 proui-
1838 2024 1858 2033 „

332 2047 423 2099 det,
443 2047 520 2089 ubi
541 2047 628 2089 ista
647 2047 894 2104 proficiunt.
956 2048 1073 2091 Hinc
1094 2051 1161 2091 est
1181 2048 1292 2091 illud
1315 2047 1599 2105 prouerbium
1618 2050 1795 2091 auctore
1814 2071 1830 2095 2
1836 2070 1866 2105 5·

333 2116 542 2161 Cicerone
577 2117 695 2173 apud
735 2116 941 2173 antiquos
980 2117 1337 2160 celeberrimum:
1387 2117 1527 2160 Exuit
1564 2131 1796 2174 personam

332 2186 490 2229 iudicis
518 2186 716 2243 quisquis
743 2185 933 2230 amicum
960 2186 1118 2232 induit.
1177 2187 1392 2243 Aequitas
1415 2187 1545 2242 enim,
1565 2186 1635 2230 cui
1661 2185 1797 2228 iudex

332 2255 590 2312 obsequium
640 2255 781 2306 debet,
819 2255 910 2298 odii
959 2255 1184 2299 sinistram
1234 2258 1314 2299 aut
1358 2256 1520 2298 amoris
1568 2255 1797 2298 dexteram

332 2325 503 2376 nescit;
552 2339 656 2366 nam
701 2339 728 2366 a
767 2323 957 2368 ueritate
997 2339 1085 2367 non
1124 2325 1227 2368 licet
1261 2324 1309 2366 in
1351 2324 1524 2367 iudiciis
1562 2323 1796 2366 declinare.
1844 2360 1864 2365 ,.

333 2392 397 2435 Vt
424 2407 530 2436 uero
559 2392 799 2449 plurimum
830 2392 1115 2450 indulgeatur
1148 2392 1380 2448 amicitiae,
1407 2392 1547 2436 amico
1573 2392 1797 2435 interdum
1815 2412 1858 2446 30

336 2500 381 2526 10
404 2490 606 2536 pithagore
625 2490 649 2526 S
666 2491 707 2525 in
724 2491 840 2526 indice
1007 2490 1050 2527 16
1075 2488 1389 2536 euuangeliorum
1405 2487 1466 2525 AS
1633 2499 1680 2534 24
1701 2489 1798 2527 haut

333 2536 454 2573 CBAS
597 2538 642 2573 28
667 2537 839 2573 dextram
858 2536 898 2572 M

382 2636 402 2671 7
428 2629 470 2662 in
508 2639 554 2663 uo
570 2629 704 2665 iudicio
722 2630 811 2665 eta:
837 2640 870 2664 v.
883 2627 995 2665 Matt.
1009 2627 1071 2664 vii.
1083 2638 1117 2673 2,
1127 2627 1215 2664 Luc.
1231 2626 1278 2664 vi.
1292 2628 1350 2673 38.
1485 2636 1526 2673 13
1550 2631 1794 2665 sacramento.

333 2686 366 2712 v.
384 2674 470 2710 Cod.
510 2675 621 2710 ustin.
640 2675 695 2711 iii.
717 2687 745 2711 1.
768 2685 819 2720 14.
972 2678 1016 2712 16
1039 2677 1240 2721 scripturae
1258 2676 1352 2711 etc.:
1378 2686 1409 2711 v.
1427 2673 1520 2710 ibid.
1537 2673 1559 2728 §
1575 2684 1608 2720 3.
1750 2685 1797 2719 24

334 2722 457 2757 Iulius
473 2722 602 2758 Cesar.
632 2721 713 2758 Hoc
730 2722 896 2759 Caesaris
914 2723 1057 2759 dictum
1075 2726 1153 2759 non
1171 2733 1335 2776 reppen;
1361 2721 1409 2757 cf.
1427 2720 1580 2757 Catonis
1606 2722 1700 2757 Dist.
1717 2720 1756 2756 ii.
1772 2731 1796 2766 4

336 2768 543 2814 (Baehrens
565 2770 659 2806 Poet.
676 2771 757 2806 Lat.
774 2771 868 2807 Min.
887 2771 911 2806 i.
929 2781 1022 2815 223,
1052 2769 1101 2806 cf.
1124 2769 1226 2805 infra
1250 2767 1327 2804 viii.
1354 2776 1388 2813 7.
1411 2769 1433 2805 6
1437 2768 1534 2815 51A)
1558 2769 1719 2822 Impedit
1737 2770 1797 2804 im

333 2817 500 2851 animum
515 2827 561 2851 ne
571 2818 686 2861 possit
703 2828 840 2852 cernere
856 2828 993 2853 uerum.
1137 2817 1183 2853 26
1206 2817 1324 2851 Exuit
1339 2816 1431 2851 0130.·
1437 2776 1532 2852 ⁵Cic.
1545 2816 1588 2852 de
1603 2814 1690 2860 Off.
1679 2813 1733 2851 u’i.
1753 2825 1797 2852 10

336 2861 356 2909 ξ
374 2872 421 2909 43
438 2861 576 2899 habet.
596 2866 703 2909 ponit
714 2875 909 2910 personam
924 2865 1033 2900 amici
1048 2875 1130 2900 cum
1145 2864 1268 2900 induit
1283 2863 1425 2899 iudicis.

447 2925 511 2959 334
