1878 3172
13 175 22 243 j
81 191 180 224 m.
198 177 272 239 xx]
587 175 1021 221 PomoRATIovs
1546 182 1632 223 497
1650 173 1681 212 b

14 285 22 339 f'
79 298 251 342 inuidia
261 312 348 355 quo
359 297 541 347 feratur,
553 296 748 339 subiecta
762 294 1050 355 interrogatio
1062 292 1287 350 patefacit.
1322 292 1534 349 Sequitur

10 395 16 402 ι
79 368 224 411 enim:
267 366 391 410 Licet
418 380 595 409 censum
621 364 726 406 dare
755 363 906 407 Cesari
934 377 993 404 an
1021 362 1143 405 non'l
1213 362 1323 405 Ecce
1351 362 1534 418 laqueus

9 426 15 481 ᾗ
70 438 263 492 ‚param
272 435 457 492 pedibus
467 432 722 482 innocentis,
737 436 783 474 et
793 431 850 473 ad
865 431 1192 473 subuersionem
1205 430 1299 472 eius
1310 430 1533 486 decipulas

79 518 182 548 suas
210 503 378 547 frustra
405 502 596 546 tetendit
623 500 845 557 iniquitas.
905 499 954 542 Si
985 499 1102 541 enim
1131 513 1310 542 censum
1336 498 1530 540 dandum

7 581 14 601 ²
36 592 64 626 ,5
79 587 172 616 esse
190 571 418 622 censuerit,
436 571 699 628 peculiarem
718 569 928 626 populum
948 568 1139 618 Domini,
1159 582 1307 610 semen
1329 567 1529 619 liberum,
1548 584 1574 613 c

6 651 18 702 ³⁴
78 641 346 698 praeclaram
385 640 674 682 hereditatem
713 637 891 680 Domini
936 637 1115 680 decimis
1159 639 1204 679 et
1242 636 1451 693 primitiis
1486 639 1531 679 et

6 707 19 768 ζ
78 709 292 767 legalibus
325 709 571 752 cerimoniis
608 710 784 750 tantum
818 706 1053 749 obnoxiam
1094 705 1279 748 subiciet
1312 705 1531 748 seruituti.

0 731 15 828 {1
79 778 129 822 Si
163 793 269 822 uero
302 778 473 821 tributa
503 776 706 834 neganda
746 775 1020 832 responderit
1057 775 1127 817 his
1161 775 1237 831 qui
1275 789 1356 831 pro
1389 774 1532 817 salute

0 829 15 887 i
79 850 126 890 et
159 847 305 904 quiete
343 847 539 890 omnium
572 845 836 894 militabant,
867 844 992 900 quasi
1031 843 1258 886 seditionis
1295 846 1449 886 auctor
1486 846 1533 886 et

0 901 65 966 ξω
80 930 181 958 reus
218 915 524 972 imperatoriae
566 914 809 956 maiestatis
854 927 882 954 a
919 912 1164 969 publicanis
1208 912 1323 954 iuste
1368 913 1532 969 poterit

0 970 19 1033 ἶ
80 984 398 1041 comprehendi.
455 982 621 1026 Verum
641 982 745 1039 quia
764 981 932 1024 frustm
957 981 1118 1025 iacitur
1141 984 1234 1023 rete
1257 983 1361 1023 ante
1384 981 1531 1024 oculos

0 1055 22 1118 ᾗ
78 1055 382 1110 pennatorum,
416 1052 554 1095 totius
587 1051 860 1107 calumpniae
893 1050 1038 1107 laquei
1076 1050 1389 1100 dissoluuntur,
1424 1050 1530 1092 dum

0 1126 20 1174 i>
79 1122 252 1179 prolato
273 1121 582 1164 nummismate
608 1134 762 1164 census
788 1134 913 1162 suam
932 1119 1088 1175 cuique
1107 1119 1278 1162 censuit
1297 1119 1530 1161 restituen-

0 1192 18 1227 ὴὲ
80 1185 183 1233 dam
225 1205 318 1233 esse
358 1190 620 1247 imaginem;
660 1192 707 1232 et
744 1189 810 1232 ita
854 1203 966 1244 quae
1005 1187 1178 1231 Cesaris
1224 1191 1339 1237 sunt,
1380 1187 1531 1231 Cesari

23 1281 64 1316 15
80 1259 363 1310 restituenda,
382 1261 435 1301 ut
462 1273 542 1301 suo
567 1259 663 1300 iure
692 1257 813 1300 Deus
841 1272 930 1299 non
958 1257 1257 1299 defraudetur.
1316 1257 1531 1313 Equidem

0 1233 30 1382 ἒ·
79 1342 169 1370 non
191 1327 394 1370 omnibus
421 1327 575 1369 datum
602 1330 679 1377 est,
706 1330 758 1369 ut
787 1326 1103 1369 blanditiarum
1131 1326 1309 1382 laqueos
1337 1326 1399 1368 sic
1428 1341 1529 1368 eua-

0 1389 19 1443 {⁵ss
79 1396 200 1446 dant,
224 1410 324 1439 cum
353 1410 426 1438 eos
453 1395 567 1438 alius
594 1410 683 1438 non
711 1395 979 1452 praeuideat,
1002 1395 1116 1436 alius
1145 1395 1278 1437 etiam
1307 1395 1531 1452 praeuisos

0 1445 22 1523 Ξ
79 1467 269 1521 nequeat
287 1464 515 1507 declinare.
572 1465 720 1506 Vnum
747 1467 896 1506 tamen
922 1467 1090 1506 certum
1115 1466 1193 1514 est,
1213 1463 1300 1505 illis
1326 1464 1401 1519 qui
1427 1464 1530 1507 huic

0 1527 23 1590 Ξ
80 1533 194 1576 uitio
221 1533 360 1575 dediti
388 1535 494 1576 sunt
531 1548 621 1576 non
650 1533 790 1589 magis
818 1532 987 1589 placere
1017 1532 1242 1583 uirtutem,
1271 1546 1403 1588 quam
1433 1533 1531 1575 illos
1548 1531 1577 1571 d

0 1594 66 1648 ἒζει»
81 1602 192 1645 bene
210 1601 326 1645 olere
345 1602 421 1658 qui
443 1602 492 1644 in
510 1602 657 1645 culina
675 1602 891 1644 habitant.

81 1735 188 1793 Cap.
210 1749 275 1779 11.
304 1736 764 1780 Devmunusculanis
792 1741 832 1780 et
853 1736 1182 1793 promissariiS‚
1211 1741 1249 1780 et
1279 1737 1398 1794 quod
1422 1752 1531 1794 pro-

368 1805 543 1848 mittere
573 1820 668 1848 non
696 1805 898 1861 empediat
927 1807 988 1848 ad
1018 1806 1244 1849 virtutem.

137 1895 196 1938 In
219 1909 269 1938 eo
298 1898 447 1937 autem
476 1895 748 1938 adulatoriae
773 1896 843 1938 uis
871 1911 1034 1952 magna
1062 1897 1274 1947 consistit,
1294 1898 1332 1940 si
1362 1898 1533 1940 omissis

80 1963 270 2021 propriis
288 1963 431 2006 aliena
456 1963 681 2006 commoda
706 1978 859 2006 curare
884 1965 1087 2015 uidearis‚
1107 1965 1161 2007 de
1187 1968 1266 2007 tuo
1291 1981 1534 2022 numquam

22 2042 66 2078 ³5
82 2034 163 2074 aut
180 2045 292 2083 raro,
304 2045 474 2088 semper
492 2035 572 2074 aut
591 2046 719 2089 saepe
738 2032 919 2089 loquens
939 2033 994 2075 de
1014 2033 1133 2075 illius
1153 2048 1283 2090 quem
1302 2036 1534 2090 aucuparis

82 2099 385 2143 emolumento.
443 2099 674 2141 Praeterea
699 2114 878 2142 manum
905 2102 1090 2150 contine,
1110 2116 1177 2153 ne,
1198 2102 1236 2144 si
1265 2103 1372 2158 quid
1399 2103 1533 2145 etiam

81 2168 225 2211 inuito
253 2168 494 2225 ingeratur,
517 2168 716 2224 accipias,
743 2169 849 2211 dum
878 2170 1037 2212 influat
1062 2170 1264 2212 Iordanis
1292 2171 1339 2212 in
1365 2185 1413 2213 os
1440 2172 1534 2214 eius

13 2231 19 2255 ³
81 2237 172 2293 qui,
205 2236 311 2278 dum
344 2235 492 2278 omnia
520 2236 655 2292 cupit,
686 2236 770 2278 sibi
804 2251 976 2293 quoque
1009 2238 1157 2280 omnia
1190 2238 1244 2280 de
1279 2239 1374 2281 iure
1405 2243 1537 2296 putat

19 2301 29 2364 ᾗ
81 2308 337 2362 competere.
385 2304 592 2347 Esuriens
606 2304 712 2361 gula
726 2305 1043 2347 insatiabilium
1059 2307 1349 2362 quorumdam
1369 2309 1534 2351 anima-

45 2383 68 2408 0
82 2373 203 2424 lium,
222 2373 358 2416 donec
399 2373 596 2425 satietur,
630 2387 903 2416 communem
933 2374 1031 2416 aliis
1069 2375 1242 2418 inuidet
1275 2376 1447 2428 cibum;
1490 2380 1535 2420 et

82 2441 130 2484 in
167 2456 254 2499 quo
291 2442 478 2484 aliorum
516 2441 778 2484 subuenitur
815 2442 998 2498 inopiae,
1038 2457 1084 2485 se
1122 2443 1324 2486 fraudem
1362 2446 1533 2502 perpeti

24 2519 25 2522 ’
82 2510 338 2566 suspicatur.
398 2510 471 2552 Sic
505 2509 758 2552 fortunatus
792 2510 876 2552 sibi
910 2511 1132 2553 interdum
1161 2513 1363 2555 subtrahi
1392 2518 1534 2570 putat,
1550 2515 1634 2565 498
1654 2526 1684 2554 a

12 2621 35 2650 3
86 2658 104 2686 1
130 2648 311 2695 patefecit
325 2648 359 2685 A
498 2660 545 2695 30
568 2660 762 2686 comunem
780 2648 804 2685 S

135 2782 174 2809 11
192 2774 339 2818 fimet-a
356 2774 451 2809 etc:
475 2773 579 2810 Prov.
595 2772 621 2808 i.
641 2782 695 2817 17.
790 2782 833 2817 ²7
858 2775 990 2818 influat
1007 2776 1100 2812 etc:
1126 2775 1194 2813 Iob
1209 2775 1261 2814 xl.
1282 2778 1335 2814 18.

1359 2875 1423 2909 ²05
