1878 3172
78 217 178 252 oar.
191 205 244 267 x]
590 204 1023 250 POLICRATICVS
1543 205 1629 254 564
1648 213 1679 244 a

0 315 2 353 ᾗ
80 324 144 367 ei:
172 325 431 377 Talentum3
470 325 533 368 At
561 339 653 383 ego,
680 325 827 382 inquit
859 323 1154 375 Demostenes,
1173 322 1273 381 plus
1301 323 1446 381 accepi
1475 326 1529 366 ut

67 395 278 436 tacerem.
350 393 679 437 Causidicorum
713 393 927 450 siquidem
959 396 1026 436 est
1063 393 1216 450 lingua
1254 392 1528 449 dampnifica,
1543 391 1572 430 b

79 462 166 505 nisi
204 477 312 513 eam,
342 465 396 505 ut
428 462 514 506 dici
553 462 673 513 solet,
711 461 893 504 funibus
930 462 1150 519 argenteis
1183 461 1362 504 uincias.
1434 461 1529 505 Nec

78 544 229 583 unum,
247 531 334 574 nisi
353 530 468 574 forte
486 531 815 588 potentissimus
834 530 904 580 sit,
923 530 1097 586 proficit
1122 529 1358 586 illaqueare
1377 544 1528 572 mune-

39 618 60 651 5
78 598 212 649 ribus,
246 599 351 655 quia
382 599 430 641 in
463 614 550 657 quo
588 599 720 643 unius
752 599 836 642 tibi
865 598 1124 642 conciliatur
1152 598 1308 656 gratia,
1341 598 1528 641 aliorum

78 667 325 710 concitatur
351 667 530 710 inuidia.
600 667 695 710 Sibi
725 681 914 723 namque
942 670 1223 724 praereptum
1253 667 1530 709 arbitrantur

79 735 197 791 quod
222 736 322 779 aliis
347 739 563 794 erogatur.
622 736 718 780 Hoc
747 739 894 779 autem
924 751 951 778 a
976 736 1181 778 maximis
1206 736 1447 793 pertransit
1471 736 1529 778 ad

78 804 283 847 minimos
327 805 414 862 qui,
462 806 548 848 nisi
595 805 870 849 mulceantur
916 805 1134 862 obsequiis
1181 808 1228 847 et
1274 805 1529 848 reficiantur

78 873 344 924 muneribus,
374 874 459 916 sibi
487 874 583 917 fieri
612 874 818 916 iniuriam
847 874 1134 930 suspicantur.

19 960 64 986 10
165 947 361 990 Maxima
389 962 585 1004 quaeque
613 948 769 992 domus
796 948 935 992 seruis
963 950 1031 990 est
1058 948 1189 1004 plena
1217 948 1442 1005 superbis3

81 1023 126 1064 et
163 1022 314 1064 eadem
352 1022 522 1079 cupidis
561 1023 691 1079 plena
728 1026 794 1065 est
828 1025 873 1065 et
906 1013 1063 1065 auaris.
1137 1022 1211 1064 Illi
1245 1026 1394 1065 tamen
1432 1037 1530 1080 per-

79 1089 286 1133 niciosius
324 1094 482 1134 nocent
520 1091 637 1134 inter
674 1106 824 1134 omnes
862 1091 1008 1134 curiae
1046 1094 1294 1148 nugatores,
1332 1091 1408 1147 qui
1447 1091 1531 1134 sub

78 1161 314 1215 praetextu
342 1159 584 1203 honestatis
613 1163 659 1203 et
692 1159 970 1202 liberalitatis
1008 1160 1208 1202 miseriae
1246 1174 1351 1202 suae
1388 1160 1531 1202 solent

23 1269 34 1277 ,
79 1226 269 1284 ineptias
295 1227 498 1279 colorare,
527 1228 603 1285 qui
632 1228 859 1271 nitidiores
897 1228 1117 1279 incedunt,
1146 1228 1221 1284 qui
1260 1228 1530 1285 splendidius
1546 1243 1572 1274 c

27 1295 32 1299 ’
43 1314 63 1348 5
80 1295 327 1352 epulantur,
365 1297 441 1353 qui
478 1297 700 1354 propriam
742 1297 799 1339 ad
836 1311 1028 1339 mensam
1078 1297 1252 1353 saepius
1299 1300 1531 1340 extraneos

80 1364 347 1421 compellunt
384 1365 596 1415 accedere,
625 1365 903 1408 humaniores
941 1365 1071 1416 domi,
1100 1365 1209 1408 foris
1242 1365 1531 1423 benigniores,

79 1433 341 1476 affabiliores
369 1433 417 1475 in
445 1448 653 1484 sermone,
680 1434 904 1477 liberiores
942 1434 989 1475 in
1028 1434 1269 1484 sententiis,
1297 1434 1345 1476 in
1382 1435 1530 1491 proxi-

80 1515 252 1544 morum
297 1501 420 1545 cultu
458 1502 653 1546 munifici
698 1505 743 1545 et
790 1503 986 1545 omnium
1024 1503 1243 1545 uirtutum
1283 1503 1530 1546 imitatione

81 1569 303 1626 praeclari.
362 1569 424 1612 Vt
457 1570 573 1613 enim
604 1571 670 1613 ait
703 1571 894 1614 ethicus:
943 1571 1098 1614 Totius
1130 1571 1375 1614 iniustitiae
1407 1571 1532 1614 nulla

82 1640 150 1680 est
181 1638 410 1695 capitalior
445 1654 576 1695 quam
621 1654 771 1683 eorum
810 1640 897 1696 qui,
927 1654 1027 1685 cum
1065 1640 1258 1683 maxime
1295 1640 1532 1697 decipiunt,

82 1706 129 1749 id
147 1709 288 1764 agunt
312 1709 365 1749 ut
390 1707 494 1750 boni
519 1708 607 1750 uiri
635 1723 726 1751 esse
752 1708 998 1751 uideantur.
1058 1708 1143 1751 His
1169 1709 1323 1765 utique
1349 1709 1532 1752 uirtutis

81 1775 239 1818 umbra
275 1775 496 1818 licentiam
538 1776 668 1828 facit3
708 1779 754 1819 et
790 1777 908 1820 unde
947 1777 1028 1819 uix
1076 1780 1331 1834 oportuerat
1364 1778 1531 1834 sperari

80 1843 267 1894 ueniam,
300 1843 485 1900 gloriam
524 1849 827 1902 assequuntur.
897 1845 1086 1888 Possunt
1124 1846 1302 1902 impune
1341 1847 1532 1903 plurima

83 1914 342 1968 extorquere
367 1913 442 1968 qui
469 1927 607 1969 paruo
633 1929 722 1956 non
748 1916 942 1970 possunt,
961 1914 1095 1956 immo
1118 1914 1415 1971 dedignantur
1440 1930 1533 1958 esse

47 2005 67 2039 5
83 1979 290 2024 contenti.
350 1980 518 2023 Notum
539 1981 715 2037 quidem
735 1984 803 2024 est
821 1985 866 2024 et
884 1982 1086 2038 generale
1108 1983 1390 2038 prouerbium
1410 1984 1515 2039 quia

326 2054 489 2096 seruiet
518 2058 716 2096 eternum
747 2055 822 2111 qui
850 2069 989 2111 paruo
1017 2055 1181 2098 nesciet
1209 2056 1290 2100 uti.

83 2127 153 2170 Ne
186 2131 335 2170 tamen
368 2142 467 2171 cum
498 2129 568 2171 his
600 2143 670 2170 me
703 2128 866 2171 bellum
903 2128 1172 2170 inexorabile
1204 2144 1355 2186 gerere
1392 2132 1532 2186 putes,
1546 2135 1576 2175 d

82 2210 266 2239 munera
293 2196 477 2239 curiales
514 2197 696 2239 licenter
723 2196 950 2252 accipiant,
979 2196 1084 2238 dum
1113 2211 1202 2239 non
1241 2201 1532 2254 extorqueant

83 2263 373 2321 impudenter.
431 2264 578 2306 Pudor
600 2267 749 2306 autem
768 2264 958 2307 abicitur
982 2264 1111 2306 simul
1138 2279 1188 2307 ac
1207 2265 1264 2306 ad
1284 2266 1532 2309 exactiones

0 2351 11 2367 τ’
83 2335 268 2375 uentum
306 2335 385 2375 est.
465 2332 670 2382 Verbum,
709 2332 866 2388 inquit,
903 2332 1198 2374 uerecundum
1247 2334 1432 2389 supplici
1481 2349 1532 2378 ac

11 2418 14 2443 ς
84 2400 300 2443 submissa
327 2415 433 2444 uoce
461 2400 693 2443 dicendum
722 2400 845 2458 Rogo
857 2414 868 2452 ;
907 2415 987 2443 nec
1020 2401 1160 2457 gratis
1188 2401 1294 2443 tulit
1323 2402 1398 2457 qui
1432 2417 1532 2445 cum

12 2487 14 2507 ³
86 2509 130 2545 17
154 2501 322 2538 affabiles
337 2502 377 2537 M
519 2512 563 2547 23
588 2503 806 2537 assecuntur
822 2500 846 2537 S
977 2511 1022 2546 24
1040 2507 1123 2548 post
1139 2500 1254 2539 immo
1270 2504 1352 2539 add.
1370 2514 1447 2540 non
1464 2503 1531 2540 SM

84 2547 291 2594 dignantur
305 2548 331 2584 S
516 2559 558 2594 31
586 2548 780 2585 summissa
790 2549 824 2583 A

132 2635 154 2670 8
177 2637 274 2679 rafica
270 2637 408 2671 ’κακίαν
436 2635 485 2671 cf
507 2636 683 2680 rqfresher
704 2634 803 2680 apud
827 2646 896 2671 nos
920 2635 966 2671 de
992 2635 1154 2681 pecunia
1178 2635 1365 2672 advocatis
1390 2636 1529 2674 iterum

85 2680 175 2717 data
194 2681 304 2728 vulgo
329 2681 495 2724 dietum
521 2681 567 2718 cf.
594 2684 723 2717 notam
748 2682 796 2717 ad
820 2693 894 2717 voc.
919 2684 1106 2728 refriyerio
1131 2694 1243 2738 supra
1263 2682 1317 2719 ιιι.
1336 2693 1356 2727 7
1377 2685 1460 2729 (488
1472 2692 1528 2722 A).

88 2737 133 2763 10
155 2728 489 2782 Maximaqmeque
505 2730 599 2766 etc.:
625 2728 702 2763 Iuv.
719 2730 794 2764 Sat.
812 2740 844 2764 v.
861 2730 917 2764 66.
1016 2738 1058 2773 19
1085 2730 1164 2764 Tota·
1150 2741 1236 2764 tuus
1223 2731 1421 2766 iniustitiae
1437 2733 1529 2767 etc.:

87 2773 163 2810 eie.
178 2775 222 2810 de
240 2776 308 2819 Off.
326 2775 351 2812 i.
372 2785 412 2820 13
432 2775 525 2822 §41.
648 2776 694 2811 26
716 2776 847 2810 seruiet
864 2780 1023 2811 eternum
1040 2777 1134 2812 etc..
1160 2775 1251 2813 Hor.
1267 2777 1338 2823 Ep.
1354 2777 1379 2813 i.
1401 2788 1454 2816 10.
1471 2789 1529 2823 41.

87 2830 136 2866 30
162 2785 423 2859 verbumst&
448 2820 947 2868 vUSendeBenefiiL2§1.

1357 2902 1426 2937 3²5
