<?xml version="1.0" encoding="UTF-8"?>
<!DOCTYPE html PUBLIC "-//W3C//DTD XHTML 1.0 Transitional//EN"
    "http://www.w3.org/TR/xhtml1/DTD/xhtml1-transitional.dtd">
<html xmlns="http://www.w3.org/1999/xhtml" xml:lang="en" lang="en">
 <head>
  <title>
</title>
<meta http-equiv="Content-Type" content="text/html;charset=utf-8" />
  <meta name='ocr-system' content='tesseract 3.04.00' />
  <meta name='ocr-capabilities' content='ocr_page ocr_carea ocr_par ocr_line ocrx_word'/>
</head>
<body>
  <div class='ocr_page' id='page_1' title='image "./ioannissaresberi01johnuoft_0176.png"; bbox 0 0 1878 3172; ppageno 0'>
   <div class='ocr_carea' id='block_1_1' title="bbox 162 141 1769 203">
    <p class='ocr_par' dir='ltr' id='par_1_1' title="bbox 162 141 1769 203">
     <span class='ocr_line' id='line_1_1' title="bbox 162 141 1769 203; baseline 0 -15"><span class='ocrx_word' id='word_1_1' title='bbox 162 157 246 198; x_wconf 75' lang='lat'><strong>447</strong></span> <span class='ocrx_word' id='word_1_2' title='bbox 266 157 291 187; x_wconf 83' lang='lat' dir='ltr'><strong>c</strong></span> <span class='ocrx_word' id='word_1_3' title='bbox 635 143 894 188; x_wconf 75' lang='lat' dir='ltr'><strong>IoANNis</strong></span> <span class='ocrx_word' id='word_1_4' title='bbox 935 142 1447 187; x_wconf 82' lang='lat' dir='ltr'>SARESBERIENSIS</span> <span class='ocrx_word' id='word_1_5' title='bbox 1603 141 1712 203; x_wconf 72' lang='lat' dir='ltr'><strong>[mn.</strong></span> <span class='ocrx_word' id='word_1_6' title='bbox 1729 155 1769 188; x_wconf 91' lang='lat'><strong>11</strong></span> 
     </span>
    </p>
   </div>
   <div class='ocr_carea' id='block_1_2' title="bbox 159 262 1878 2597">
    <p class='ocr_par' dir='ltr' id='par_1_2' title="bbox 262 262 1878 1424">
     <span class='ocr_line' id='line_1_2' title="bbox 307 262 1768 321; baseline 0 -13"><span class='ocrx_word' id='word_1_7' title='bbox 307 267 585 321; x_wconf 72' lang='lat' dir='ltr'><strong>coaequatur.</strong></span> <span class='ocrx_word' id='word_1_8' title='bbox 646 263 772 307; x_wconf 85' lang='lat' dir='ltr'><strong>Sicut</strong></span> <span class='ocrx_word' id='word_1_9' title='bbox 795 264 912 307; x_wconf 92' lang='lat' dir='ltr'><strong>enim</strong></span> <span class='ocrx_word' id='word_1_10' title='bbox 933 263 1050 320; x_wconf 93' lang='lat' dir='ltr'><strong>quod</strong></span> <span class='ocrx_word' id='word_1_11' title='bbox 1076 263 1207 306; x_wconf 92' lang='lat' dir='ltr'><strong>uideo</strong></span> <span class='ocrx_word' id='word_1_12' title='bbox 1233 263 1473 316; x_wconf 90' lang='lat' dir='ltr'><strong>imminere,</strong></span> <span class='ocrx_word' id='word_1_13' title='bbox 1492 262 1615 306; x_wconf 84' lang='lat' dir='ltr'><strong>nulla</strong></span> <span class='ocrx_word' id='word_1_14' title='bbox 1634 278 1691 307; x_wconf 84' lang='lat' dir='ltr'><strong>ex</strong></span> <span class='ocrx_word' id='word_1_15' title='bbox 1717 278 1768 308; x_wconf 91' lang='lat' dir='ltr'><strong>eo</strong></span> 
     </span>
     <span class='ocr_line' id='line_1_3' title="bbox 306 331 1769 391; baseline 0 -16"><span class='ocrx_word' id='word_1_16' title='bbox 306 334 412 391; x_wconf 90' lang='lat' dir='ltr'><strong>quia</strong></span> <span class='ocrx_word' id='word_1_17' title='bbox 434 333 614 376; x_wconf 87' lang='lat' dir='ltr'><strong>uidetur</strong></span> <span class='ocrx_word' id='word_1_18' title='bbox 639 333 898 376; x_wconf 70' lang='lat' dir='ltr'><strong>necessitate</strong></span> <span class='ocrx_word' id='word_1_19' title='bbox 918 332 1159 390; x_wconf 91' lang='lat' dir='ltr'><strong>proueniet,</strong></span> <span class='ocrx_word' id='word_1_20' title='bbox 1179 332 1241 376; x_wconf 87' lang='lat' dir='ltr'><strong>sic</strong></span> <span class='ocrx_word' id='word_1_21' title='bbox 1268 335 1313 375; x_wconf 92' lang='lat' dir='ltr'><strong>et</strong></span> <span class='ocrx_word' id='word_1_22' title='bbox 1340 332 1456 388; x_wconf 89' lang='lat' dir='ltr'><strong>quod</strong></span> <span class='ocrx_word' id='word_1_23' title='bbox 1479 332 1599 375; x_wconf 92' lang='lat' dir='ltr'><strong>illius</strong></span> <span class='ocrx_word' id='word_1_24' title='bbox 1618 331 1769 375; x_wconf 88' lang='lat' dir='ltr'><strong>oculus</strong></span> 
     </span>
     <span class='ocr_line' id='line_1_4' title="bbox 305 400 1769 459; baseline -0.002 -13"><span class='ocrx_word' id='word_1_25' title='bbox 305 402 631 459; x_wconf 86' lang='lat' dir='ltr'><strong>contemplatur</strong></span> <span class='ocrx_word' id='word_1_26' title='bbox 661 417 750 445; x_wconf 93' lang='lat' dir='ltr'><strong>non</strong></span> <span class='ocrx_word' id='word_1_27' title='bbox 778 405 846 444; x_wconf 91' lang='lat' dir='ltr'><strong>est</strong></span> <span class='ocrx_word' id='word_1_28' title='bbox 870 401 1162 445; x_wconf 88' lang='lat' dir='ltr'><strong>necessarium</strong></span> <span class='ocrx_word' id='word_1_29' title='bbox 1190 401 1378 446; x_wconf 89' lang='lat' dir='ltr'><strong>euenire.</strong></span> <span class='ocrx_word' id='word_1_30' title='bbox 1437 401 1538 444; x_wconf 85' lang='lat' dir='ltr'><strong>Scio</strong></span> <span class='ocrx_word' id='word_1_31' title='bbox 1567 400 1769 457; x_wconf 87' lang='lat' dir='ltr'><strong>equidem</strong></span> 
     </span>
     <span class='ocr_line' id='line_1_5' title="bbox 305 470 1770 528; baseline -0.001 -15"><span class='ocrx_word' id='word_1_32' title='bbox 305 471 499 528; x_wconf 85' lang='lat' dir='ltr'><strong>lapidem</strong></span> <span class='ocrx_word' id='word_1_33' title='bbox 547 471 620 514; x_wconf 93' lang='lat' dir='ltr'><strong>uel</strong></span> <span class='ocrx_word' id='word_1_34' title='bbox 668 471 890 528; x_wconf 82' lang='lat' dir='ltr'><strong>sagittam,</strong></span> <span class='ocrx_word' id='word_1_35' title='bbox 939 485 1071 527; x_wconf 90' lang='lat' dir='ltr'><strong>quam</strong></span> <span class='ocrx_word' id='word_1_36' title='bbox 1119 470 1167 512; x_wconf 91' lang='lat' dir='ltr'><strong>in</strong></span> <span class='ocrx_word' id='word_1_37' title='bbox 1209 470 1349 514; x_wconf 89' lang='lat' dir='ltr'><strong>nubes</strong></span> <span class='ocrx_word' id='word_1_38' title='bbox 1394 470 1611 514; x_wconf 89' lang='lat' dir='ltr'><strong>iaculatus</strong></span> <span class='ocrx_word' id='word_1_39' title='bbox 1658 483 1770 524; x_wconf 90' lang='lat' dir='ltr'><strong>sum,</strong></span> 
     </span>
     <span class='ocr_line' id='line_1_6' title="bbox 262 539 1808 598; baseline -0.001 -15"><span class='ocrx_word' id='word_1_40' title='bbox 262 544 291 583; x_wconf 89' lang='lat' dir='ltr'><strong>d</strong></span> <span class='ocrx_word' id='word_1_41' title='bbox 306 541 514 598; x_wconf 85' lang='lat' dir='ltr'><strong>exigente</strong></span> <span class='ocrx_word' id='word_1_42' title='bbox 547 543 709 583; x_wconf 89' lang='lat' dir='ltr'><strong>natura</strong></span> <span class='ocrx_word' id='word_1_43' title='bbox 741 553 989 583; x_wconf 80' lang='lat' dir='ltr'><strong>recasuram</strong></span> <span class='ocrx_word' id='word_1_44' title='bbox 1023 540 1071 581; x_wconf 94' lang='lat' dir='ltr'><strong>in</strong></span> <span class='ocrx_word' id='word_1_45' title='bbox 1106 543 1282 591; x_wconf 88' lang='lat' dir='ltr'><strong>terram,</strong></span> <span class='ocrx_word' id='word_1_46' title='bbox 1313 540 1361 582; x_wconf 90' lang='lat' dir='ltr'><strong>in</strong></span> <span class='ocrx_word' id='word_1_47' title='bbox 1396 552 1528 596; x_wconf 89' lang='lat' dir='ltr'><strong>quam</strong></span> <span class='ocrx_word' id='word_1_48' title='bbox 1562 539 1770 582; x_wconf 84' lang='lat' dir='ltr'><strong>feruntur</strong></span> <span class='ocrx_word' id='word_1_49' title='bbox 1788 553 1808 587; x_wconf 84' lang='lat'><strong>5</strong></span> 
     </span>
     <span class='ocr_line' id='line_1_7' title="bbox 307 607 1770 666; baseline -0.002 -13"><span class='ocrx_word' id='word_1_50' title='bbox 307 610 455 653; x_wconf 88' lang='lat' dir='ltr'><strong>omnia</strong></span> <span class='ocrx_word' id='word_1_51' title='bbox 485 613 601 653; x_wconf 92' lang='lat' dir='ltr'><strong>nutu</strong></span> <span class='ocrx_word' id='word_1_52' title='bbox 640 623 719 653; x_wconf 92' lang='lat' dir='ltr'><strong>suo</strong></span> <span class='ocrx_word' id='word_1_53' title='bbox 751 609 957 666; x_wconf 90' lang='lat' dir='ltr'><strong>pondera,</strong></span> <span class='ocrx_word' id='word_1_54' title='bbox 989 624 1068 652; x_wconf 88' lang='lat' dir='ltr'><strong>nee</strong></span> <span class='ocrx_word' id='word_1_55' title='bbox 1102 611 1252 652; x_wconf 90' lang='lat' dir='ltr'><strong>tamen</strong></span> <span class='ocrx_word' id='word_1_56' title='bbox 1283 609 1541 666; x_wconf 88' lang='lat' dir='ltr'><strong>simpliciter</strong></span> <span class='ocrx_word' id='word_1_57' title='bbox 1578 607 1770 652; x_wconf 83' lang='lat' dir='ltr'><strong>recidere</strong></span> 
     </span>
     <span class='ocr_line' id='line_1_8' title="bbox 305 667 1878 737; baseline -0.001 -15"><span class='ocrx_word' id='word_1_58' title='bbox 305 680 353 722; x_wconf 92' lang='lat' dir='ltr'><strong>in</strong></span> <span class='ocrx_word' id='word_1_59' title='bbox 374 683 538 722; x_wconf 88' lang='lat' dir='ltr'><strong>terram</strong></span> <span class='ocrx_word' id='word_1_60' title='bbox 559 682 648 730; x_wconf 88' lang='lat' dir='ltr'><strong>aut,</strong></span> <span class='ocrx_word' id='word_1_61' title='bbox 670 679 774 735; x_wconf 86' lang='lat' dir='ltr'><strong>quia</strong></span> <span class='ocrx_word' id='word_1_62' title='bbox 793 675 911 729; x_wconf 84' lang='lat' dir='ltr'><strong>noui,</strong></span> <span class='ocrx_word' id='word_1_63' title='bbox 931 678 1122 722; x_wconf 87' lang='lat' dir='ltr'><strong>recidere</strong></span> <span class='ocrx_word' id='word_1_64' title='bbox 1147 693 1321 722; x_wconf 87' lang='lat' dir='ltr'><strong>necesse</strong></span> <span class='ocrx_word' id='word_1_65' title='bbox 1344 680 1421 722; x_wconf 89' lang='lat' dir='ltr'><strong>est.</strong></span> <span class='ocrx_word' id='word_1_66' title='bbox 1482 678 1634 721; x_wconf 91' lang='lat' dir='ltr'><strong>Potest</strong></span> <span class='ocrx_word' id='word_1_67' title='bbox 1652 677 1770 721; x_wconf 89' lang='lat' dir='ltr'><strong>enim</strong></span> <span class='ocrx_word' id='word_1_68' title='bbox 1871 667 1878 737; x_wconf 58' lang='lat'><strong>,⁷</strong></span> 
     </span>
     <span class='ocr_line' id='line_1_9' title="bbox 305 746 1769 799; baseline -0.001 -9"><span class='ocrx_word' id='word_1_69' title='bbox 305 748 497 791; x_wconf 86' lang='lat' dir='ltr'><strong>recidere</strong></span> <span class='ocrx_word' id='word_1_70' title='bbox 527 751 572 790; x_wconf 93' lang='lat' dir='ltr'><strong>et</strong></span> <span class='ocrx_word' id='word_1_71' title='bbox 600 763 690 790; x_wconf 93' lang='lat' dir='ltr'><strong>non</strong></span> <span class='ocrx_word' id='word_1_72' title='bbox 719 747 933 799; x_wconf 82' lang='lat' dir='ltr'><strong>recidere3</strong></span> <span class='ocrx_word' id='word_1_73' title='bbox 970 747 1160 789; x_wconf 86' lang='lat' dir='ltr'><strong>alterum</strong></span> <span class='ocrx_word' id='word_1_74' title='bbox 1194 749 1356 798; x_wconf 88' lang='lat' dir='ltr'><strong>tamen,</strong></span> <span class='ocrx_word' id='word_1_75' title='bbox 1388 746 1472 790; x_wconf 88' lang='lat' dir='ltr'><strong>etsi</strong></span> <span class='ocrx_word' id='word_1_76' title='bbox 1506 761 1596 789; x_wconf 92' lang='lat' dir='ltr'><strong>non</strong></span> <span class='ocrx_word' id='word_1_77' title='bbox 1624 759 1769 789; x_wconf 87' lang='lat' dir='ltr'><strong>neces-</strong></span> 
     </span>
     <span class='ocr_line' id='line_1_10' title="bbox 306 815 1767 872; baseline -0.001 -12"><span class='ocrx_word' id='word_1_78' title='bbox 306 818 432 868; x_wconf 89' lang='lat' dir='ltr'><strong>sario,</strong></span> <span class='ocrx_word' id='word_1_79' title='bbox 461 827 617 860; x_wconf 84' lang='lat' dir='ltr'><strong>uerum</strong></span> <span class='ocrx_word' id='word_1_80' title='bbox 649 820 799 859; x_wconf 89' lang='lat' dir='ltr'><strong>tamen</strong></span> <span class='ocrx_word' id='word_1_81' title='bbox 833 819 923 868; x_wconf 90' lang='lat' dir='ltr'><strong>est;</strong></span> <span class='ocrx_word' id='word_1_82' title='bbox 962 816 1073 858; x_wconf 91' lang='lat' dir='ltr'><strong>illud</strong></span> <span class='ocrx_word' id='word_1_83' title='bbox 1102 815 1257 872; x_wconf 90' lang='lat' dir='ltr'><strong>utique</strong></span> <span class='ocrx_word' id='word_1_84' title='bbox 1287 816 1405 872; x_wconf 93' lang='lat' dir='ltr'><strong>quod</strong></span> <span class='ocrx_word' id='word_1_85' title='bbox 1433 816 1522 859; x_wconf 87' lang='lat' dir='ltr'><strong>scio</strong></span> <span class='ocrx_word' id='word_1_86' title='bbox 1553 815 1767 859; x_wconf 78' lang='lat' dir='ltr'><strong>futurum.</strong></span> 
     </span>
     <span class='ocr_line' id='line_1_11' title="bbox 307 883 1830 942; baseline 0.001 -14"><span class='ocrx_word' id='word_1_87' title='bbox 307 885 356 928; x_wconf 89' lang='lat' dir='ltr'><strong>Si</strong></span> <span class='ocrx_word' id='word_1_88' title='bbox 390 885 506 927; x_wconf 89' lang='lat' dir='ltr'><strong>enim</strong></span> <span class='ocrx_word' id='word_1_89' title='bbox 541 885 744 928; x_wconf 84' lang='lat' dir='ltr'><strong>futurum</strong></span> <span class='ocrx_word' id='word_1_90' title='bbox 779 900 868 928; x_wconf 92' lang='lat' dir='ltr'><strong>non</strong></span> <span class='ocrx_word' id='word_1_91' title='bbox 902 888 982 936; x_wconf 91' lang='lat' dir='ltr'><strong>est,</strong></span> <span class='ocrx_word' id='word_1_92' title='bbox 1017 885 1100 928; x_wconf 89' lang='lat' dir='ltr'><strong>etsi</strong></span> <span class='ocrx_word' id='word_1_93' title='bbox 1139 883 1234 928; x_wconf 88' lang='lat' dir='ltr'><strong>fore</strong></span> <span class='ocrx_word' id='word_1_94' title='bbox 1273 887 1468 942; x_wconf 87' lang='lat' dir='ltr'><strong>putetur,</strong></span> <span class='ocrx_word' id='word_1_95' title='bbox 1503 898 1592 927; x_wconf 93' lang='lat' dir='ltr'><strong>non</strong></span> <span class='ocrx_word' id='word_1_96' title='bbox 1631 884 1770 927; x_wconf 88' lang='lat' dir='ltr'><strong>scitur</strong></span> <span class='ocrx_word' id='word_1_97' title='bbox 1789 905 1830 929; x_wconf 91' lang='lat'><strong>10</strong></span> 
     </span>
     <span class='ocr_line' id='line_1_12' title="bbox 305 952 1770 1011; baseline -0.002 -14"><span class='ocrx_word' id='word_1_98' title='bbox 305 958 467 1007; x_wconf 86' lang='lat' dir='ltr'><strong>tamen,</strong></span> <span class='ocrx_word' id='word_1_99' title='bbox 488 954 695 1011; x_wconf 90' lang='lat' dir='ltr'><strong>quoniam</strong></span> <span class='ocrx_word' id='word_1_100' title='bbox 715 954 834 996; x_wconf 93' lang='lat' dir='ltr'><strong>illius</strong></span> <span class='ocrx_word' id='word_1_101' title='bbox 854 953 972 1010; x_wconf 92' lang='lat' dir='ltr'><strong>quod</strong></span> <span class='ocrx_word' id='word_1_102' title='bbox 991 968 1080 996; x_wconf 92' lang='lat' dir='ltr'><strong>non</strong></span> <span class='ocrx_word' id='word_1_103' title='bbox 1104 956 1182 1004; x_wconf 83' lang='lat' dir='ltr'><strong>est,</strong></span> <span class='ocrx_word' id='word_1_104' title='bbox 1202 967 1292 996; x_wconf 92' lang='lat' dir='ltr'><strong>non</strong></span> <span class='ocrx_word' id='word_1_105' title='bbox 1315 953 1499 996; x_wconf 88' lang='lat' dir='ltr'><strong>scientia</strong></span> <span class='ocrx_word' id='word_1_106' title='bbox 1525 952 1601 996; x_wconf 90' lang='lat' dir='ltr'><strong>sed</strong></span> <span class='ocrx_word' id='word_1_107' title='bbox 1620 952 1770 1009; x_wconf 91' lang='lat' dir='ltr'><strong>opinio</strong></span> 
     </span>
     <span class='ocr_line' id='line_1_13' title="bbox 306 1022 1770 1080; baseline -0.001 -14"><span class='ocrx_word' id='word_1_108' title='bbox 306 1027 383 1066; x_wconf 90' lang='lat' dir='ltr'><strong>est.</strong></span> <span class='ocrx_word' id='word_1_109' title='bbox 459 1023 667 1067; x_wconf 85' lang='lat' dir='ltr'><strong>Ceterum</strong></span> <span class='ocrx_word' id='word_1_110' title='bbox 707 1023 789 1065; x_wconf 91' lang='lat' dir='ltr'><strong>etsi</strong></span> <span class='ocrx_word' id='word_1_111' title='bbox 829 1037 918 1065; x_wconf 90' lang='lat' dir='ltr'><strong>non</strong></span> <span class='ocrx_word' id='word_1_112' title='bbox 957 1037 1050 1066; x_wconf 96' lang='lat' dir='ltr'><strong>esse</strong></span> <span class='ocrx_word' id='word_1_113' title='bbox 1089 1022 1238 1079; x_wconf 88' lang='lat' dir='ltr'><strong>possit,</strong></span> <span class='ocrx_word' id='word_1_114' title='bbox 1277 1023 1414 1066; x_wconf 87' lang='lat' dir='ltr'><strong>nichil</strong></span> <span class='ocrx_word' id='word_1_115' title='bbox 1451 1022 1638 1080; x_wconf 84' lang='lat' dir='ltr'><strong>impedit</strong></span> <span class='ocrx_word' id='word_1_116' title='bbox 1676 1036 1770 1065; x_wconf 88' lang='lat' dir='ltr'><strong>esse</strong></span> 
     </span>
     <span class='ocr_line' id='line_1_14' title="bbox 306 1091 1769 1148; baseline -0.001 -14"><span class='ocrx_word' id='word_1_117' title='bbox 306 1091 546 1142; x_wconf 89' lang='lat' dir='ltr'><strong>scientiam,</strong></span> <span class='ocrx_word' id='word_1_118' title='bbox 581 1106 693 1148; x_wconf 91' lang='lat' dir='ltr'><strong>quae</strong></span> <span class='ocrx_word' id='word_1_119' title='bbox 726 1106 815 1134; x_wconf 92' lang='lat' dir='ltr'><strong>non</strong></span> <span class='ocrx_word' id='word_1_120' title='bbox 849 1091 1192 1134; x_wconf 87' lang='lat' dir='ltr'><strong>necessariorum</strong></span> <span class='ocrx_word' id='word_1_121' title='bbox 1231 1093 1408 1134; x_wconf 89' lang='lat' dir='ltr'><strong>tantum</strong></span> <span class='ocrx_word' id='word_1_122' title='bbox 1448 1091 1525 1134; x_wconf 90' lang='lat' dir='ltr'><strong>sed</strong></span> <span class='ocrx_word' id='word_1_123' title='bbox 1563 1105 1769 1148; x_wconf 88' lang='lat' dir='ltr'><strong>quorum-</strong></span> 
     </span>
     <span class='ocr_line' id='line_1_15' title="bbox 305 1160 1771 1212; baseline 0 -9"><span class='ocrx_word' id='word_1_124' title='bbox 305 1161 415 1203; x_wconf 91' lang='lat' dir='ltr'><strong>libet</strong></span> <span class='ocrx_word' id='word_1_125' title='bbox 435 1161 722 1203; x_wconf 89' lang='lat' dir='ltr'><strong>existentium</strong></span> <span class='ocrx_word' id='word_1_126' title='bbox 742 1163 820 1212; x_wconf 91' lang='lat' dir='ltr'><strong>est,</strong></span> <span class='ocrx_word' id='word_1_127' title='bbox 839 1161 926 1203; x_wconf 94' lang='lat' dir='ltr'><strong>nisi</strong></span> <span class='ocrx_word' id='word_1_128' title='bbox 953 1160 1070 1203; x_wconf 87' lang='lat' dir='ltr'><strong>forte</strong></span> <span class='ocrx_word' id='word_1_129' title='bbox 1090 1163 1135 1203; x_wconf 92' lang='lat' dir='ltr'><strong>et</strong></span> <span class='ocrx_word' id='word_1_130' title='bbox 1158 1163 1209 1203; x_wconf 89' lang='lat' dir='ltr'><strong>tu</strong></span> <span class='ocrx_word' id='word_1_131' title='bbox 1233 1175 1332 1203; x_wconf 92' lang='lat' dir='ltr'><strong>cum</strong></span> <span class='ocrx_word' id='word_1_132' title='bbox 1353 1160 1513 1204; x_wconf 88' lang='lat' dir='ltr'><strong>Stoicis</strong></span> <span class='ocrx_word' id='word_1_133' title='bbox 1533 1160 1771 1204; x_wconf 88' lang='lat' dir='ltr'><strong>existentia</strong></span> 
     </span>
     <span class='ocr_line' id='line_1_16' title="bbox 304 1229 1829 1287; baseline 0.001 -14"><span class='ocrx_word' id='word_1_134' title='bbox 304 1245 481 1273; x_wconf 88' lang='lat' dir='ltr'><strong>censeas</strong></span> <span class='ocrx_word' id='word_1_135' title='bbox 500 1230 754 1273; x_wconf 87' lang='lat' dir='ltr'><strong>necessariis</strong></span> <span class='ocrx_word' id='word_1_136' title='bbox 773 1229 1078 1286; x_wconf 88' lang='lat' dir='ltr'><strong>comparanda.</strong></span> <span class='ocrx_word' id='word_1_137' title='bbox 1137 1229 1211 1273; x_wconf 87' lang='lat' dir='ltr'><strong>Sic</strong></span> <span class='ocrx_word' id='word_1_138' title='bbox 1231 1232 1276 1272; x_wconf 94' lang='lat' dir='ltr'><strong>et</strong></span> <span class='ocrx_word' id='word_1_139' title='bbox 1295 1244 1407 1286; x_wconf 89' lang='lat' dir='ltr'><strong>quae</strong></span> <span class='ocrx_word' id='word_1_140' title='bbox 1431 1230 1505 1272; x_wconf 90' lang='lat' dir='ltr'><strong>ille</strong></span> <span class='ocrx_word' id='word_1_141' title='bbox 1525 1230 1769 1287; x_wconf 88' lang='lat' dir='ltr'><strong>praenouit,</strong></span> <span class='ocrx_word' id='word_1_142' title='bbox 1791 1251 1829 1285; x_wconf 86' lang='lat'><strong>15</strong></span> 
     </span>
     <span class='ocr_line' id='line_1_17' title="bbox 306 1297 1770 1355; baseline 0.001 -15"><span class='ocrx_word' id='word_1_143' title='bbox 306 1299 455 1341; x_wconf 89' lang='lat' dir='ltr'><strong>omnia</strong></span> <span class='ocrx_word' id='word_1_144' title='bbox 469 1298 757 1355; x_wconf 86' lang='lat' dir='ltr'><strong>proculdubio</strong></span> <span class='ocrx_word' id='word_1_145' title='bbox 769 1298 1082 1355; x_wconf 89' lang='lat' dir='ltr'><strong>implebuntur.</strong></span> <span class='ocrx_word' id='word_1_146' title='bbox 1127 1297 1443 1355; x_wconf 86' lang='lat' dir='ltr'><strong>Contingentia</strong></span> <span class='ocrx_word' id='word_1_147' title='bbox 1457 1302 1606 1341; x_wconf 88' lang='lat' dir='ltr'><strong>tamen</strong></span> <span class='ocrx_word' id='word_1_148' title='bbox 1621 1299 1770 1342; x_wconf 78' lang='lat' dir='ltr'><strong>omnia</strong></span> 
     </span>
     <span class='ocr_line' id='line_1_18' title="bbox 308 1367 1767 1424; baseline 0.001 -13"><span class='ocrx_word' id='word_1_149' title='bbox 308 1371 354 1411; x_wconf 91' lang='lat' dir='ltr'><strong>et</strong></span> <span class='ocrx_word' id='word_1_150' title='bbox 385 1383 474 1410; x_wconf 94' lang='lat' dir='ltr'><strong>non</strong></span> <span class='ocrx_word' id='word_1_151' title='bbox 503 1367 680 1410; x_wconf 89' lang='lat' dir='ltr'><strong>euenire</strong></span> <span class='ocrx_word' id='word_1_152' title='bbox 706 1367 912 1423; x_wconf 90' lang='lat' dir='ltr'><strong>possibile</strong></span> <span class='ocrx_word' id='word_1_153' title='bbox 937 1370 1015 1410; x_wconf 88' lang='lat' dir='ltr'><strong>est.</strong></span> <span class='ocrx_word' id='word_1_154' title='bbox 1073 1367 1197 1410; x_wconf 91' lang='lat' dir='ltr'><strong>Adeo</strong></span> <span class='ocrx_word' id='word_1_155' title='bbox 1217 1368 1394 1424; x_wconf 84' lang='lat' dir='ltr'><strong>quidem</strong></span> <span class='ocrx_word' id='word_1_156' title='bbox 1414 1371 1466 1411; x_wconf 90' lang='lat' dir='ltr'><strong>ut</strong></span> <span class='ocrx_word' id='word_1_157' title='bbox 1487 1368 1544 1411; x_wconf 91' lang='lat' dir='ltr'><strong>ad</strong></span> <span class='ocrx_word' id='word_1_158' title='bbox 1564 1369 1767 1412; x_wconf 84' lang='lat' dir='ltr'><strong>euenien-</strong></span> 
     </span>
    </p>

    <p class='ocr_par' dir='ltr' id='par_1_3' title="bbox 159 1420 1878 2391">
     <span class='ocr_line' id='line_1_19' title="bbox 159 1420 1878 1495; baseline 0.001 -15"><span class='ocrx_word' id='word_1_159' title='bbox 159 1445 241 1493; x_wconf 90' lang='lat'><strong>448</strong></span> <span class='ocrx_word' id='word_1_160' title='bbox 261 1456 291 1484; x_wconf 88' lang='lat' dir='ltr'><strong>a</strong></span> <span class='ocrx_word' id='word_1_161' title='bbox 308 1437 414 1481; x_wconf 89' lang='lat' dir='ltr'><strong>dum</strong></span> <span class='ocrx_word' id='word_1_162' title='bbox 446 1452 527 1487; x_wconf 92' lang='lat' dir='ltr'><strong>res,</strong></span> <span class='ocrx_word' id='word_1_163' title='bbox 555 1451 664 1493; x_wconf 90' lang='lat' dir='ltr'><strong>quas</strong></span> <span class='ocrx_word' id='word_1_164' title='bbox 698 1449 798 1479; x_wconf 89' lang='lat' dir='ltr'><strong>cum</strong></span> <span class='ocrx_word' id='word_1_165' title='bbox 838 1450 889 1479; x_wconf 90' lang='lat' dir='ltr'><strong>eo</strong></span> <span class='ocrx_word' id='word_1_166' title='bbox 928 1435 1104 1479; x_wconf 82' lang='lat' dir='ltr'><strong>futuras</strong></span> <span class='ocrx_word' id='word_1_167' title='bbox 1142 1437 1465 1493; x_wconf 87' lang='lat' dir='ltr'><strong>praenouimus,</strong></span> <span class='ocrx_word' id='word_1_168' title='bbox 1499 1452 1588 1480; x_wconf 92' lang='lat' dir='ltr'><strong>non</strong></span> <span class='ocrx_word' id='word_1_169' title='bbox 1626 1439 1769 1495; x_wconf 87' lang='lat' dir='ltr'><strong>magis</strong></span> <span class='ocrx_word' id='word_1_170' title='bbox 1857 1420 1878 1485; x_wconf 53' lang='lat' dir='ltr'><strong>l</strong></span> 
     </span>
     <span class='ocr_line' id='line_1_20' title="bbox 306 1486 1878 1580; baseline 0.001 -32"><span class='ocrx_word' id='word_1_171' title='bbox 306 1506 446 1562; x_wconf 90' lang='lat' dir='ltr'><strong>ipsius</strong></span> <span class='ocrx_word' id='word_1_172' title='bbox 485 1520 618 1561; x_wconf 86' lang='lat' dir='ltr'><strong>quam</strong></span> <span class='ocrx_word' id='word_1_173' title='bbox 656 1507 807 1547; x_wconf 92' lang='lat' dir='ltr'><strong>noster</strong></span> <span class='ocrx_word' id='word_1_174' title='bbox 849 1505 972 1548; x_wconf 85' lang='lat' dir='ltr'><strong>uisus</strong></span> <span class='ocrx_word' id='word_1_175' title='bbox 1010 1505 1240 1562; x_wconf 73' lang='lat' dir='ltr'><strong>astringat,</strong></span> <span class='ocrx_word' id='word_1_176' title='bbox 1278 1506 1381 1549; x_wconf 86' lang='lat' dir='ltr'><strong>licet</strong></span> <span class='ocrx_word' id='word_1_177' title='bbox 1419 1506 1477 1549; x_wconf 88' lang='lat' dir='ltr'><strong>ab</strong></span> <span class='ocrx_word' id='word_1_178' title='bbox 1519 1506 1639 1549; x_wconf 93' lang='lat' dir='ltr'><strong>illius</strong></span> <span class='ocrx_word' id='word_1_179' title='bbox 1678 1506 1766 1550; x_wconf 86' lang='lat' dir='ltr'><strong>dis·</strong></span> <span class='ocrx_word' id='word_1_180' title='bbox 1847 1486 1878 1580; x_wconf 51' lang='lat' dir='ltr'><strong>l</strong></span> 
     </span>
     <span class='ocr_line' id='line_1_21' title="bbox 305 1572 1878 1632; baseline 0.003 -16"><span class='ocrx_word' id='word_1_181' title='bbox 305 1574 522 1631; x_wconf 90' lang='lat' dir='ltr'><strong>positione</strong></span> <span class='ocrx_word' id='word_1_182' title='bbox 556 1573 824 1615; x_wconf 89' lang='lat' dir='ltr'><strong>subsistendi</strong></span> <span class='ocrx_word' id='word_1_183' title='bbox 858 1572 1046 1616; x_wconf 86' lang='lat' dir='ltr'><strong>formam</strong></span> <span class='ocrx_word' id='word_1_184' title='bbox 1080 1574 1228 1616; x_wconf 89' lang='lat' dir='ltr'><strong>omnia</strong></span> <span class='ocrx_word' id='word_1_185' title='bbox 1261 1575 1517 1628; x_wconf 82' lang='lat' dir='ltr'><strong>sortiantur,</strong></span> <span class='ocrx_word' id='word_1_186' title='bbox 1547 1578 1766 1632; x_wconf 85' lang='lat' dir='ltr'><strong>quatenus</strong></span> <span class='ocrx_word' id='word_1_187' title='bbox 1788 1595 1831 1620; x_wconf 83' lang='lat'><strong>20</strong></span> <span class='ocrx_word' id='word_1_188' title='bbox 1866 1581 1878 1631; x_wconf 53' lang='grc' dir='ltr'><strong>»ξ</strong></span> 
     </span>
     <span class='ocr_line' id='line_1_22' title="bbox 306 1635 1878 1702; baseline 0.001 -16"><span class='ocrx_word' id='word_1_189' title='bbox 306 1644 422 1686; x_wconf 89' lang='lat' dir='ltr'><strong>bona</strong></span> <span class='ocrx_word' id='word_1_190' title='bbox 452 1645 569 1685; x_wconf 90' lang='lat' dir='ltr'><strong>sunt.</strong></span> <span class='ocrx_word' id='word_1_191' title='bbox 627 1642 751 1684; x_wconf 88' lang='lat' dir='ltr'><strong>Alias</strong></span> <span class='ocrx_word' id='word_1_192' title='bbox 781 1645 930 1685; x_wconf 90' lang='lat' dir='ltr'><strong>autem</strong></span> <span class='ocrx_word' id='word_1_193' title='bbox 964 1657 1053 1684; x_wconf 88' lang='lat' dir='ltr'><strong>non</strong></span> <span class='ocrx_word' id='word_1_194' title='bbox 1083 1642 1251 1686; x_wconf 80' lang='lat' dir='ltr'><strong>formae</strong></span> <span class='ocrx_word' id='word_1_195' title='bbox 1281 1644 1499 1686; x_wconf 87' lang='lat' dir='ltr'><strong>existendi</strong></span> <span class='ocrx_word' id='word_1_196' title='bbox 1529 1645 1766 1702; x_wconf 84' lang='lat' dir='ltr'><strong>imaginem</strong></span> <span class='ocrx_word' id='word_1_197' title='bbox 1870 1635 1878 1664; x_wconf 76' lang='lat'><strong>⁴</strong></span> 
     </span>
     <span class='ocr_line' id='line_1_23' title="bbox 305 1710 1767 1771; baseline 0.003 -19"><span class='ocrx_word' id='word_1_198' title='bbox 305 1713 480 1768; x_wconf 90' lang='lat' dir='ltr'><strong>gerunt,</strong></span> <span class='ocrx_word' id='word_1_199' title='bbox 522 1711 599 1753; x_wconf 93' lang='lat' dir='ltr'><strong>sed</strong></span> <span class='ocrx_word' id='word_1_200' title='bbox 637 1710 858 1753; x_wconf 88' lang='lat' dir='ltr'><strong>defectum</strong></span> <span class='ocrx_word' id='word_1_201' title='bbox 897 1711 1016 1754; x_wconf 91' lang='lat' dir='ltr'><strong>illius</strong></span> <span class='ocrx_word' id='word_1_202' title='bbox 1056 1711 1332 1755; x_wconf 89' lang='lat' dir='ltr'><strong>enormitatis</strong></span> <span class='ocrx_word' id='word_1_203' title='bbox 1370 1727 1475 1755; x_wconf 90' lang='lat' dir='ltr'><strong>suae</strong></span> <span class='ocrx_word' id='word_1_204' title='bbox 1513 1713 1626 1756; x_wconf 91' lang='lat' dir='ltr'><strong>uitio</strong></span> <span class='ocrx_word' id='word_1_205' title='bbox 1668 1728 1767 1771; x_wconf 88' lang='lat' dir='ltr'><strong>pro·</strong></span> 
     </span>
     <span class='ocr_line' id='line_1_24' title="bbox 305 1779 1768 1836; baseline 0.001 -13"><span class='ocrx_word' id='word_1_206' title='bbox 305 1783 541 1823; x_wconf 84' lang='lat' dir='ltr'><strong>testantur.</strong></span> <span class='ocrx_word' id='word_1_207' title='bbox 614 1779 908 1821; x_wconf 89' lang='lat' dir='ltr'><strong>Praescientia</strong></span> <span class='ocrx_word' id='word_1_208' title='bbox 942 1793 1047 1836; x_wconf 90' lang='lat' dir='ltr'><strong>ergo</strong></span> <span class='ocrx_word' id='word_1_209' title='bbox 1078 1780 1209 1823; x_wconf 90' lang='lat' dir='ltr'><strong>rebus</strong></span> <span class='ocrx_word' id='word_1_210' title='bbox 1243 1795 1375 1823; x_wconf 88' lang='lat' dir='ltr'><strong>causa</strong></span> <span class='ocrx_word' id='word_1_211' title='bbox 1409 1781 1640 1824; x_wconf 86' lang='lat' dir='ltr'><strong>eueniendi</strong></span> <span class='ocrx_word' id='word_1_212' title='bbox 1678 1796 1768 1825; x_wconf 92' lang='lat' dir='ltr'><strong>non</strong></span> 
     </span>
     <span class='ocr_line' id='line_1_25' title="bbox 306 1848 1769 1906; baseline 0.001 -14"><span class='ocrx_word' id='word_1_213' title='bbox 306 1853 384 1900; x_wconf 91' lang='lat' dir='ltr'><strong>est,</strong></span> <span class='ocrx_word' id='word_1_214' title='bbox 419 1853 498 1891; x_wconf 92' lang='lat' dir='ltr'><strong>aut</strong></span> <span class='ocrx_word' id='word_1_215' title='bbox 530 1851 715 1891; x_wconf 90' lang='lat' dir='ltr'><strong>euentus</strong></span> <span class='ocrx_word' id='word_1_216' title='bbox 748 1862 896 1890; x_wconf 89' lang='lat' dir='ltr'><strong>rerum</strong></span> <span class='ocrx_word' id='word_1_217' title='bbox 931 1848 971 1891; x_wconf 89' lang='lat' dir='ltr'><strong>ei</strong></span> <span class='ocrx_word' id='word_1_218' title='bbox 1006 1863 1138 1891; x_wconf 89' lang='lat' dir='ltr'><strong>causa</strong></span> <span class='ocrx_word' id='word_1_219' title='bbox 1176 1852 1244 1892; x_wconf 90' lang='lat' dir='ltr'><strong>est</strong></span> <span class='ocrx_word' id='word_1_220' title='bbox 1281 1850 1565 1906; x_wconf 89' lang='lat' dir='ltr'><strong>praesciendi,</strong></span> <span class='ocrx_word' id='word_1_221' title='bbox 1598 1865 1654 1894; x_wconf 94' lang='lat' dir='ltr'><strong>ne</strong></span> <span class='ocrx_word' id='word_1_222' title='bbox 1687 1853 1769 1894; x_wconf 85' lang='lat' dir='ltr'><strong>aut</strong></span> 
     </span>
     <span class='ocr_line' id='line_1_26' title="bbox 304 1915 1878 1975; baseline 0.001 -14"><span class='ocrx_word' id='word_1_223' title='bbox 304 1918 614 1975; x_wconf 88' lang='lat' dir='ltr'><strong>temporalium</strong></span> <span class='ocrx_word' id='word_1_224' title='bbox 657 1920 803 1960; x_wconf 90' lang='lat' dir='ltr'><strong>motus</strong></span> <span class='ocrx_word' id='word_1_225' title='bbox 846 1920 1023 1960; x_wconf 90' lang='lat' dir='ltr'><strong>eternae</strong></span> <span class='ocrx_word' id='word_1_226' title='bbox 1062 1918 1367 1974; x_wconf 88' lang='lat' dir='ltr'><strong>prouidentiae</strong></span> <span class='ocrx_word' id='word_1_227' title='bbox 1413 1933 1545 1963; x_wconf 91' lang='lat' dir='ltr'><strong>causa</strong></span> <span class='ocrx_word' id='word_1_228' title='bbox 1583 1920 1654 1972; x_wconf 89' lang='lat' dir='ltr'><strong>sit,</strong></span> <span class='ocrx_word' id='word_1_229' title='bbox 1689 1923 1768 1964; x_wconf 88' lang='lat' dir='ltr'><strong>aut</strong></span> <span class='ocrx_word' id='word_1_230' title='bbox 1787 1939 1828 1974; x_wconf 83' lang='lat'><strong>25</strong></span> <span class='ocrx_word' id='word_1_231' title='bbox 1874 1915 1878 1974; x_wconf 64' lang='lat' dir='ltr'>J</span> 
     </span>
     <span class='ocr_line' id='line_1_27' title="bbox 305 1986 1765 2045; baseline 0.001 -15"><span class='ocrx_word' id='word_1_232' title='bbox 305 2002 332 2030; x_wconf 92' lang='lat' dir='ltr'><strong>a</strong></span> <span class='ocrx_word' id='word_1_233' title='bbox 378 1987 613 2044; x_wconf 90' lang='lat' dir='ltr'><strong>purissimo</strong></span> <span class='ocrx_word' id='word_1_234' title='bbox 656 1986 780 2029; x_wconf 80' lang='lat' dir='ltr'><strong>fonte</strong></span> <span class='ocrx_word' id='word_1_235' title='bbox 827 1986 1040 2029; x_wconf 89' lang='lat' dir='ltr'><strong>bonitatis</strong></span> <span class='ocrx_word' id='word_1_236' title='bbox 1088 1987 1305 2029; x_wconf 90' lang='lat' dir='ltr'><strong>malorum</strong></span> <span class='ocrx_word' id='word_1_237' title='bbox 1353 1988 1576 2045; x_wconf 90' lang='lat' dir='ltr'><strong>profluant</strong></span> <span class='ocrx_word' id='word_1_238' title='bbox 1618 1989 1765 2033; x_wconf 85' lang='lat' dir='ltr'><strong>riuuli.</strong></span> 
     </span>
     <span class='ocr_line' id='line_1_28' title="bbox 305 2055 1767 2109; baseline 0.001 -10"><span class='ocrx_word' id='word_1_239' title='bbox 305 2057 426 2099; x_wconf 90' lang='lat' dir='ltr'><strong>Deus</strong></span> <span class='ocrx_word' id='word_1_240' title='bbox 455 2071 561 2099; x_wconf 89' lang='lat' dir='ltr'><strong>uero</strong></span> <span class='ocrx_word' id='word_1_241' title='bbox 591 2056 805 2098; x_wconf 89' lang='lat' dir='ltr'><strong>bonorum</strong></span> <span class='ocrx_word' id='word_1_242' title='bbox 835 2055 1072 2098; x_wconf 86' lang='lat' dir='ltr'><strong>dumtaxat</strong></span> <span class='ocrx_word' id='word_1_243' title='bbox 1102 2059 1256 2099; x_wconf 90' lang='lat' dir='ltr'><strong>auctor</strong></span> <span class='ocrx_word' id='word_1_244' title='bbox 1288 2059 1366 2099; x_wconf 89' lang='lat' dir='ltr'><strong>est.</strong></span> <span class='ocrx_word' id='word_1_245' title='bbox 1427 2056 1555 2109; x_wconf 83' lang='lat' dir='ltr'><strong>Quod</strong></span> <span class='ocrx_word' id='word_1_246' title='bbox 1585 2072 1692 2101; x_wconf 91' lang='lat' dir='ltr'><strong>uero</strong></span> <span class='ocrx_word' id='word_1_247' title='bbox 1719 2058 1767 2101; x_wconf 91' lang='lat' dir='ltr'><strong>in</strong></span> 
     </span>
     <span class='ocr_line' id='line_1_29' title="bbox 304 2124 1768 2183; baseline 0.001 -14"><span class='ocrx_word' id='word_1_248' title='bbox 304 2126 508 2182; x_wconf 88' lang='lat' dir='ltr'><strong>compitis</strong></span> <span class='ocrx_word' id='word_1_249' title='bbox 537 2125 673 2181; x_wconf 87' lang='lat' dir='ltr'><strong>uulgo</strong></span> <span class='ocrx_word' id='word_1_250' title='bbox 702 2124 901 2175; x_wconf 89' lang='lat' dir='ltr'><strong>obicitur,</strong></span> <span class='ocrx_word' id='word_1_251' title='bbox 922 2125 1025 2181; x_wconf 87' lang='lat' dir='ltr'><strong>quia</strong></span> <span class='ocrx_word' id='word_1_252' title='bbox 1054 2125 1297 2168; x_wconf 87' lang='lat' dir='ltr'><strong>necessario</strong></span> <span class='ocrx_word' id='word_1_253' title='bbox 1327 2126 1364 2168; x_wconf 95' lang='lat' dir='ltr'><strong>si</strong></span> <span class='ocrx_word' id='word_1_254' title='bbox 1392 2126 1499 2182; x_wconf 92' lang='lat' dir='ltr'><strong>quid</strong></span> <span class='ocrx_word' id='word_1_255' title='bbox 1525 2128 1768 2183; x_wconf 86' lang='lat' dir='ltr'><strong>praescitur</strong></span> 
     </span>
     <span class='ocr_line' id='line_1_30' title="bbox 305 2194 1767 2247; baseline 0.001 -11"><span class='ocrx_word' id='word_1_256' title='bbox 305 2195 490 2245; x_wconf 87' lang='lat' dir='ltr'><strong>eueniet,</strong></span> <span class='ocrx_word' id='word_1_257' title='bbox 530 2194 653 2236; x_wconf 94' lang='lat' dir='ltr'><strong>nullo</strong></span> <span class='ocrx_word' id='word_1_258' title='bbox 692 2194 896 2236; x_wconf 88' lang='lat' dir='ltr'><strong>ueritatis</strong></span> <span class='ocrx_word' id='word_1_259' title='bbox 935 2194 1090 2236; x_wconf 89' lang='lat' dir='ltr'><strong>robore</strong></span> <span class='ocrx_word' id='word_1_260' title='bbox 1129 2194 1367 2236; x_wconf 90' lang='lat' dir='ltr'><strong>subnixum</strong></span> <span class='ocrx_word' id='word_1_261' title='bbox 1407 2198 1486 2247; x_wconf 90' lang='lat' dir='ltr'><strong>est,</strong></span> <span class='ocrx_word' id='word_1_262' title='bbox 1525 2195 1611 2238; x_wconf 92' lang='lat' dir='ltr'><strong>nisi</strong></span> <span class='ocrx_word' id='word_1_263' title='bbox 1651 2195 1767 2239; x_wconf 85' lang='lat' dir='ltr'><strong>forte</strong></span> 
     </span>
     <span class='ocr_line' id='line_1_31' title="bbox 305 2263 1878 2321; baseline 0.003 -16"><span class='ocrx_word' id='word_1_264' title='bbox 305 2263 436 2306; x_wconf 90' lang='lat' dir='ltr'><strong>rebus</strong></span> <span class='ocrx_word' id='word_1_265' title='bbox 470 2263 527 2306; x_wconf 88' lang='lat' dir='ltr'><strong>ab</strong></span> <span class='ocrx_word' id='word_1_266' title='bbox 561 2263 680 2306; x_wconf 90' lang='lat' dir='ltr'><strong>omni</strong></span> <span class='ocrx_word' id='word_1_267' title='bbox 715 2263 977 2306; x_wconf 88' lang='lat' dir='ltr'><strong>necessitate</strong></span> <span class='ocrx_word' id='word_1_268' title='bbox 1011 2263 1224 2306; x_wconf 88' lang='lat' dir='ltr'><strong>absolutis</strong></span> <span class='ocrx_word' id='word_1_269' title='bbox 1262 2264 1442 2306; x_wconf 88' lang='lat' dir='ltr'><strong>modum</strong></span> <span class='ocrx_word' id='word_1_270' title='bbox 1475 2264 1766 2321; x_wconf 79' lang='lat' dir='ltr'><strong>complexioni</strong></span> <span class='ocrx_word' id='word_1_271' title='bbox 1785 2285 1827 2319; x_wconf 85' lang='lat'><strong>30</strong></span> <span class='ocrx_word' id='word_1_272' title='bbox 1876 2292 1878 2314; x_wconf 70' lang='lat' dir='ltr'><em>s</em></span> 
     </span>
     <span class='ocr_line' id='line_1_32' title="bbox 307 2333 1767 2391; baseline 0.002 -17"><span class='ocrx_word' id='word_1_273' title='bbox 307 2333 405 2389; x_wconf 90' lang='lat' dir='ltr'><strong>quis</strong></span> <span class='ocrx_word' id='word_1_274' title='bbox 454 2333 635 2384; x_wconf 87' lang='lat' dir='ltr'><strong>tribuat,</strong></span> <span class='ocrx_word' id='word_1_275' title='bbox 682 2335 735 2375; x_wconf 87' lang='lat' dir='ltr'><strong>ut</strong></span> <span class='ocrx_word' id='word_1_276' title='bbox 778 2333 926 2390; x_wconf 88' lang='lat' dir='ltr'><strong>potius</strong></span> <span class='ocrx_word' id='word_1_277' title='bbox 973 2333 1234 2376; x_wconf 86' lang='lat' dir='ltr'><strong>necessitate</strong></span> <span class='ocrx_word' id='word_1_278' title='bbox 1285 2334 1577 2389; x_wconf 89' lang='lat' dir='ltr'><strong>consequendi</strong></span> <span class='ocrx_word' id='word_1_279' title='bbox 1634 2349 1767 2391; x_wconf 87' lang='lat' dir='ltr'><strong>quam</strong></span> 
     </span>
    </p>

    <p class='ocr_par' dir='ltr' id='par_1_4' title="bbox 258 2402 1768 2597">
     <span class='ocr_line' id='line_1_33' title="bbox 258 2402 1766 2460; baseline 0 -13"><span class='ocrx_word' id='word_1_280' title='bbox 258 2409 287 2447; x_wconf 88' lang='lat' dir='ltr'><strong>b</strong></span> <span class='ocrx_word' id='word_1_281' title='bbox 306 2403 611 2458; x_wconf 88' lang='lat' dir='ltr'><strong>consequentis</strong></span> <span class='ocrx_word' id='word_1_282' title='bbox 631 2403 879 2460; x_wconf 89' lang='lat' dir='ltr'><strong>propositae</strong></span> <span class='ocrx_word' id='word_1_283' title='bbox 905 2402 1222 2445; x_wconf 86' lang='lat' dir='ltr'><strong>enuntiationis</strong></span> <span class='ocrx_word' id='word_1_284' title='bbox 1249 2402 1414 2444; x_wconf 86' lang='lat' dir='ltr'><strong>ueritas</strong></span> <span class='ocrx_word' id='word_1_285' title='bbox 1433 2405 1614 2446; x_wconf 88' lang='lat' dir='ltr'><strong>constet.</strong></span> <span class='ocrx_word' id='word_1_286' title='bbox 1673 2404 1766 2447; x_wconf 90' lang='lat' dir='ltr'><strong>Nec</strong></span> 
     </span>
     <span class='ocr_line' id='line_1_34' title="bbox 306 2471 1768 2532; baseline 0.001 -18"><span class='ocrx_word' id='word_1_287' title='bbox 306 2486 376 2514; x_wconf 90' lang='lat' dir='ltr'><strong>me</strong></span> <span class='ocrx_word' id='word_1_288' title='bbox 400 2473 579 2523; x_wconf 91' lang='lat' dir='ltr'><strong>artabis,</strong></span> <span class='ocrx_word' id='word_1_289' title='bbox 602 2475 655 2515; x_wconf 90' lang='lat' dir='ltr'><strong>ut</strong></span> <span class='ocrx_word' id='word_1_290' title='bbox 683 2472 786 2515; x_wconf 88' lang='lat' dir='ltr'><strong>licet</strong></span> <span class='ocrx_word' id='word_1_291' title='bbox 815 2471 1127 2528; x_wconf 88' lang='lat' dir='ltr'><strong>dispositarum</strong></span> <span class='ocrx_word' id='word_1_292' title='bbox 1158 2485 1305 2513; x_wconf 91' lang='lat' dir='ltr'><strong>rerum</strong></span> <span class='ocrx_word' id='word_1_293' title='bbox 1333 2472 1591 2514; x_wconf 89' lang='lat' dir='ltr'><strong>mutabilem</strong></span> <span class='ocrx_word' id='word_1_294' title='bbox 1622 2472 1768 2532; x_wconf 83' lang='lat' dir='ltr'><strong>fatear</strong></span> 
     </span>
     <span class='ocr_line' id='line_1_35' title="bbox 306 2539 1766 2597; baseline 0.001 -13"><span class='ocrx_word' id='word_1_295' title='bbox 306 2555 400 2584; x_wconf 90' lang='lat' dir='ltr'><strong>esse</strong></span> <span class='ocrx_word' id='word_1_296' title='bbox 438 2544 657 2593; x_wconf 88' lang='lat' dir='ltr'><strong>naturam,</strong></span> <span class='ocrx_word' id='word_1_297' title='bbox 697 2540 926 2584; x_wconf 87' lang='lat' dir='ltr'><strong>scientiam</strong></span> <span class='ocrx_word' id='word_1_298' title='bbox 965 2539 1238 2597; x_wconf 89' lang='lat' dir='ltr'><strong>disponentis</strong></span> <span class='ocrx_word' id='word_1_299' title='bbox 1277 2539 1333 2582; x_wconf 95' lang='lat' dir='ltr'><strong>ob</strong></span> <span class='ocrx_word' id='word_1_300' title='bbox 1371 2540 1452 2583; x_wconf 89' lang='lat' dir='ltr'><strong>hoc</strong></span> <span class='ocrx_word' id='word_1_301' title='bbox 1492 2540 1634 2584; x_wconf 89' lang='lat' dir='ltr'><strong>dicam</strong></span> <span class='ocrx_word' id='word_1_302' title='bbox 1673 2555 1766 2585; x_wconf 87' lang='lat' dir='ltr'><strong>esse</strong></span> 
     </span>
    </p>
   </div>
   <div class='ocr_carea' id='block_1_3' title="bbox 309 2663 1521 2711">
    <p class='ocr_par' dir='ltr' id='par_1_5' title="bbox 309 2663 1521 2711">
     <span class='ocr_line' id='line_1_36' title="bbox 309 2663 1521 2711; baseline 0 -11"><span class='ocrx_word' id='word_1_303' title='bbox 309 2675 353 2700; x_wconf 92' lang='lat'><strong>10</strong></span> <span class='ocrx_word' id='word_1_304' title='bbox 377 2664 471 2710; x_wconf 82' lang='lat' dir='ltr'><strong>fore]</strong></span> <span class='ocrx_word' id='word_1_305' title='bbox 490 2665 589 2701; x_wconf 87' lang='lat' dir='ltr'><strong>forte</strong></span> <span class='ocrx_word' id='word_1_306' title='bbox 607 2664 637 2699; x_wconf 93' lang='lat' dir='ltr'>B</span> <span class='ocrx_word' id='word_1_307' title='bbox 783 2674 826 2710; x_wconf 90' lang='lat'><strong>14</strong></span> <span class='ocrx_word' id='word_1_308' title='bbox 851 2663 989 2711; x_wconf 80' lang='lat' dir='ltr'><strong>stoycis</strong></span> <span class='ocrx_word' id='word_1_309' title='bbox 1004 2663 1038 2700; x_wconf 85' lang='lat' dir='ltr'>A</span> <span class='ocrx_word' id='word_1_310' title='bbox 1178 2673 1220 2701; x_wconf 88' lang='lat'><strong>21</strong></span> <span class='ocrx_word' id='word_1_311' title='bbox 1239 2663 1463 2711; x_wconf 69' lang='lat' dir='ltr'><strong>ymaginem</strong></span> <span class='ocrx_word' id='word_1_312' title='bbox 1481 2663 1521 2700; x_wconf 83' lang='lat' dir='ltr'>M</span> 
     </span>
    </p>
   </div>
   <div class='ocr_carea' id='block_1_4' title="bbox 354 2697 1878 2891">
    <p class='ocr_par' dir='ltr' id='par_1_6' title="bbox 354 2697 1878 2891">
     <span class='ocr_line' id='line_1_37' title="bbox 354 2697 1878 2841; baseline 0 -31"><span class='ocrx_word' id='word_1_313' title='bbox 354 2783 398 2818; x_wconf 91' lang='lat'><strong>27</strong></span> <span class='ocrx_word' id='word_1_314' title='bbox 424 2775 464 2808; x_wconf 80' lang='lat' dir='ltr'><strong>in</strong></span> <span class='ocrx_word' id='word_1_315' title='bbox 481 2775 664 2819; x_wconf 78' lang='lat' dir='ltr'><strong>compitis:</strong></span> <span class='ocrx_word' id='word_1_316' title='bbox 692 2773 717 2810; x_wconf 94' lang='lat' dir='ltr'><strong>i.</strong></span> <span class='ocrx_word' id='word_1_317' title='bbox 732 2785 761 2810; x_wconf 90' lang='lat' dir='ltr'><strong>e.</strong></span> <span class='ocrx_word' id='word_1_318' title='bbox 781 2773 892 2820; x_wconf 87' lang='lat' dir='ltr'><strong>vulgo</strong></span> <span class='ocrx_word' id='word_1_319' title='bbox 909 2787 919 2819; x_wconf 91' lang='lat'>;</span> <span class='ocrx_word' id='word_1_320' title='bbox 943 2773 991 2810; x_wconf 90' lang='lat' dir='ltr'><strong>cf.</strong></span> <span class='ocrx_word' id='word_1_321' title='bbox 1010 2773 1105 2811; x_wconf 85' lang='lat' dir='ltr'><strong>Gell.</strong></span> <span class='ocrx_word' id='word_1_322' title='bbox 1124 2776 1170 2810; x_wconf 88' lang='lat' dir='ltr'><strong>N.</strong></span> <span class='ocrx_word' id='word_1_323' title='bbox 1188 2775 1235 2811; x_wconf 75' lang='lat' dir='ltr'><strong>A.</strong></span> <span class='ocrx_word' id='word_1_324' title='bbox 1251 2773 1277 2812; x_wconf 89' lang='lat' dir='ltr'><strong>i.</strong></span> <span class='ocrx_word' id='word_1_325' title='bbox 1294 2783 1326 2810; x_wconf 91' lang='lat'><strong>2.</strong></span> <span class='ocrx_word' id='word_1_326' title='bbox 1853 2697 1878 2841; x_wconf 47' lang='lat'>³</span> 
     </span>
     <span class='ocr_line' id='line_1_38' title="bbox 417 2855 1878 2891; baseline 0.001 -11"><span class='ocrx_word' id='word_1_327' title='bbox 417 2855 481 2880; x_wconf 86' lang='lat'><strong>120</strong></span> <span class='ocrx_word' id='word_1_328' title='bbox 1435 2889 1437 2891; x_wconf 17' lang='grc' dir='ltr'><strong><em>ι</em></strong></span> <span class='ocrx_word' id='word_1_329' title='bbox 1868 2855 1878 2891; x_wconf 70' lang='grc'><strong>’,-</strong></span> 
     </span>
    </p>
   </div>
  </div>
 </body>
</html>
