1878 3172
134 188 218 230 470
237 180 267 219 b
613 176 875 221 IOANNIS
916 176 1431 221 SARESBERIENSIS
1560 156 1692 238 [mn.
1707 185 1752 221 ιι

286 296 478 347 traiciat,
526 295 734 339 Lucretia
783 295 973 338 alienam
1026 295 1350 352 impudicitiam
1402 295 1631 353 sanguinis
1679 294 1749 338 sui

284 365 496 409 effusione
535 365 838 422 condempnet.
906 364 1000 422 Ego
1039 365 1217 408 euenire
1254 379 1380 422 posse
1418 379 1508 407 non
1546 363 1751 414 arbitror,

284 438 338 477 ut
377 434 689 490 cuiuscumque
729 433 1002 477 difficultatis
1042 434 1229 477 articulo
1268 434 1399 477 liceat
1432 433 1611 490 propria
1649 446 1749 476 auc-

284 503 468 547 toritate
489 503 656 546 homini
678 503 762 545 sibi
789 506 976 545 mortem
1003 502 1180 554 inferre,
1200 518 1280 546 nec
1307 503 1442 546 etiam
1467 502 1546 546 ubi
1569 501 1751 546 castitas

285 567 574 629 periclitatur.
636 572 759 614 Licet
790 572 908 615 hunc
942 586 1092 614 casum
1126 571 1336 614 uideatur
1365 572 1566 629 excipere
1599 570 1752 614 doctor
1768 588 1788 624 5
1832 564 1835 565 ⁷

242 652 268 683 c
286 642 360 684 ille
381 641 621 692 doctorum,
642 641 713 684 cui
739 641 787 682 in
814 640 1004 683 sacrario
1024 640 1275 684 litterarum
1298 641 1380 684 uix
1399 641 1591 698 aliquem
1610 640 1751 683 audeo

285 725 551 767 comparare.
611 710 733 753 Haec
753 724 870 752 mors
891 709 1069 752 omnino
1090 709 1421 766 desperatorum
1441 713 1520 761 est,
1535 712 1580 752 et
1600 724 1752 752 eorum

285 779 363 836 qui
403 779 506 822 licet
545 793 724 835 corpore
763 779 935 830 uiuant,
971 778 1060 820 iam
1100 779 1262 821 mentis
1300 781 1443 822 morte
1481 778 1752 837 praemortui

283 849 432 891 animo
471 848 623 890 uiuere
662 847 899 890 desierunt.
959 847 1124 904 Vtique
1161 862 1251 890 non
1289 847 1507 899 uiuorum,
1546 848 1623 892 sed
1661 848 1751 890 iam

284 920 561 959 mortuorum
596 930 714 959 mors
744 919 821 959 est.
882 916 1135 959 Infidelium
1165 931 1320 974 regum
1349 931 1554 974 percurre
1583 917 1751 967 seriem,
1772 930 1819 957 m

285 985 515 1028 Ieroboam
559 985 681 1028 Acab
730 985 904 1028 Iezabel
944 985 1324 1042 Nabugodonosor
1364 985 1663 1029 Sennacherib
1707 988 1753 1028 et

286 1055 364 1097 alii
405 1069 593 1111 quorum
637 1069 805 1097 errores
849 1069 939 1097 non
983 1054 1150 1098 sufficio
1190 1069 1408 1108 enarrare,
1447 1055 1555 1112 quid
1593 1054 1753 1097 lucrati

286 1126 392 1166 sunt
421 1123 469 1165 in
498 1123 678 1166 uatibus
707 1123 810 1174 suis,
841 1123 918 1180 qui
947 1124 1161 1166 uidebant
1190 1124 1253 1167 eis
1282 1123 1397 1167 falsa
1420 1127 1466 1168 et
1494 1124 1644 1175 stulta,
1673 1137 1754 1167 nec

286 1193 545 1249 aperiebant
594 1193 876 1249 iniquitatem
927 1207 1089 1243 eorum,
1134 1196 1187 1236 ut
1236 1207 1309 1236 eos
1356 1193 1414 1236 ad
1461 1193 1754 1250 penitentiam

286 1262 608 1319 prouocarent?
667 1261 831 1304 Omnes
870 1262 1025 1318 utique
1061 1264 1338 1305 euanuerunt
1377 1265 1477 1319 post
1510 1261 1754 1318 principem
1773 1274 1819 1312 15:

286 1330 515 1381 uanitatis,
547 1333 592 1373 et
631 1330 738 1372 dum
777 1330 888 1374 scire
923 1330 1040 1387 quod
1079 1345 1169 1374 non
1204 1331 1318 1382 licet,
1353 1330 1425 1373 uel
1460 1330 1590 1373 aliter
1620 1345 1755 1387 quam

286 1399 402 1450 licet,
425 1402 655 1456 appetunt,
680 1399 737 1441 ad
766 1399 898 1442 inane
925 1402 971 1442 et
999 1399 1213 1442 nichilum
1243 1399 1410 1442 redacti
1436 1402 1552 1442 sunt.
1612 1399 1760 1456 Regesv
1825 1455 1834 1461 .

287 1483 394 1511 uero
425 1468 562 1511 Israel
593 1468 844 1511 infidelibus
879 1468 1054 1519 sociaui,
1085 1468 1190 1524 quia
1218 1483 1319 1511 cum
1348 1483 1502 1526 regum
1532 1468 1647 1511 Iuda
1677 1468 1755 1511 alii
1830 1466 1832 1468 ’

289 1537 395 1579 boni
435 1537 511 1579 alii
550 1538 655 1580 mali
696 1536 877 1587 fuerint,
916 1551 1040 1594 reges
1085 1537 1223 1581 Israel
1267 1552 1418 1580 omnes
1459 1537 1636 1594 reprobi
1679 1552 1754 1581 ex·
1807 1535 1834 1561 Ψ

246 1604 275 1644 d
293 1606 493 1650 titerunt.
1773 1621 1822 1647 no

407 1698 577 1755 Linque
607 1698 800 1741 archana
829 1697 912 1740 Dei
942 1697 1170 1754 celumque
1199 1697 1422 1755 inquirere
1451 1697 1559 1755 quid
1587 1697 1658 1748 sit,

290 1790 355 1833 ait
382 1788 506 1839 Cato,
527 1789 632 1845 quia
662 1788 779 1845 quod
805 1788 1048 1831 destinauit
1074 1789 1128 1832 de
1157 1792 1203 1832 te
1229 1792 1275 1832 et
1300 1789 1462 1832 statuit
1492 1789 1624 1840 Deus,
1643 1789 1757 1832 citra

289 1862 415 1901 tuam
440 1858 781 1901 sollicitudinem
807 1860 965 1915 potens
991 1861 1059 1901 est
1085 1858 1305 1915 expedire.
1364 1859 1551 1917 Egregie
1578 1858 1756 1916 quidem

291 1927 485 1970 ethicus:

438 2011 624 2055 Omnem
654 2011 780 2054 crede
810 2012 927 2054 diem
957 2012 1040 2054 tibi
1070 2012 1283 2055 diluxisse
1312 2027 1566 2070 supremum
1578 2027 1588 2066 ;
1774 2027 1821 2063 25,

437 2073 568 2127 grata
597 2070 880 2127 superueniet
909 2085 1022 2127 quae
1053 2085 1143 2113 non
1172 2071 1425 2128 sperabitur
1453 2072 1575 2115 hora.

296 2217 313 2245 1
340 2205 525 2244 trahiciat
543 2205 567 2242 S
710 2216 732 2242 2
759 2205 991 2243 condemnat
1008 2206 1033 2243 S

345 2342 359 2368 1
381 2333 571 2367 Lucretia:
595 2331 679 2368 vide
697 2331 743 2368 de
760 2333 882 2368 morte
895 2331 1109 2368 voluntaria
1126 2332 1172 2369 ob
1193 2334 1340 2369 metum
1356 2332 1478 2380 stupri
1495 2331 1759 2370 consciscenda
1834 2338 1835 2341 ’

294 2381 334 2416 et
352 2379 398 2416 de
416 2379 614 2416 Lucretiae
632 2379 806 2425 exemplo
822 2380 916 2425 Aug.
933 2381 976 2415 de
996 2381 1068 2417 Cw.
1087 2382 1159 2416 Dei
1173 2380 1198 2415 i.
1216 2382 1340 2426 16-19.
1470 2389 1500 2427 5,
1515 2382 1539 2417 6
1563 2383 1684 2416 doctor
1697 2381 1759 2415 ille

293 2429 476 2462 doctorum
491 2439 499 2463 :
527 2439 577 2463 sc.
595 2426 848 2472 Hieronymus
864 2428 905 2461 in
921 2428 1052 2462 Ionam
1068 2427 1093 2463 i.
1115 2437 1156 2463 12
1176 2427 1320 2474 (Migne
1336 2429 1378 2463 P.
1394 2429 1437 2464 L.
1453 2438 1535 2463 xxv.
1557 2430 1661 2473 1129)
1678 2440 1687 2470 ;
1709 2426 1759 2464 cf.
1831 2432 1835 2435 ’

293 2473 498 2510 Abaelardi
519 2475 634 2509 Theol.
652 2475 861 2510 Christiana
875 2474 946 2520 (ed.
961 2473 1099 2510 Cousin
1116 2473 1156 2510 ii
1173 2486 1237 2520 pp.
1253 2476 1334 2519 426,
1352 2475 1439 2520 427)
1456 2476 1516 2510 Sic
1532 2479 1564 2510 et
1579 2475 1672 2511 Non.
1690 2474 1760 2510 clv.

298 2522 422 2566 (Ouvr.
441 2522 542 2557 Ine'd.
559 2533 622 2567 pp.
640 2530 703 2567 155
719 2524 849 2566 seqq).
987 2532 1025 2557 11
1053 2523 1260 2558 Ieroboam:
1287 2521 1371 2558 vide
1391 2533 1411 2567 3
1429 2521 1517 2566 Reg.
1535 2521 1614 2564 xiii,
1633 2523 1695 2556 xiv
1711 2521 1759 2558 de
1832 2532 1834 2534 ’

294 2567 484 2613 propheta
502 2579 525 2603 a
541 2568 634 2603 Iuda
653 2568 764 2604 misso
782 2570 822 2604 et
839 2567 884 2604 de
900 2566 1009 2611 Abia,
1028 2567 1093 2614 qui
1108 2571 1240 2605 tamen
1255 2568 1358 2605 mala
1378 2569 1424 2605 de
1445 2569 1641 2605 Ieroboam
1657 2579 1765 2614 prae·
1832 2599 1835 2602 .

295 2615 485 2651 dixerunt.
580 2617 679 2651 Acab
703 2617 841 2650 Iezabel
854 2627 862 2651 :
888 2627 920 2650 v.
944 2625 965 2660 3
991 2615 1082 2662 Reg.
1107 2615 1209 2657 xviii,
1237 2615 1327 2652 xxii.
1430 2617 1758 2660 Nabuqodonosor:

295 2673 328 2697 v.
355 2661 450 2697 Dan.
474 2660 514 2698 ii.
610 2663 870 2698 Sennacherib:
895 2674 926 2698 v.
952 2673 972 2708 3
998 2662 1089 2709 Reg.
1115 2662 1217 2700 xviii.
1242 2671 1299 2708 25.
1431 2673 1471 2699 21
1499 2664 1639 2709 Linque
1661 2665 1733 2699 etc.
1749 2675 1761 2698 z

268 2721 274 2726 ·
298 2708 392 2744 Cato
411 2710 562 2745 Distich.
579 2708 617 2744 ii.
636 2720 656 2745 2
676 2710 748 2755 (ed.
769 2709 939 2745 Hauthal
959 2721 997 2755 p.
1017 2712 1099 2752 26):
1133 2710 1198 2747 sed
1222 2722 1255 2747 v.
1273 2709 1446 2746 Bahrens
1471 2709 1520 2745 ad
1544 2709 1613 2746 loc.
1632 2711 1760 2745 Poetae
1826 2723 1828 2726 ·

300 2757 381 2791 Lat.
399 2757 495 2791 Min.
513 2756 536 2791 i.
556 2766 634 2792 222.
794 2766 838 2792 22
863 2759 956 2802 quod
972 2758 1171 2793 destinauit
1187 2758 1280 2794 etc.:
1305 2769 1336 2792 v.
1355 2757 1448 2794 Cato
1464 2757 1618 2794 Distich.
1639 2755 1680 2792 ii.
1703 2766 1756 2793 12.
1811 2783 1814 2785 -

297 2811 341 2848 25
370 2804 515 2839 Omnem
532 2805 624 2839 eta:
649 2803 741 2840 Hor.
756 2805 829 2849 Ep.
846 2802 869 2840 i.
888 2814 922 2849 4.
943 2814 995 2850 13,
1019 2814 1072 2849 14.

409 2874 473 2916 158
