1878 3172
111 173 212 208 σΑΡ.
226 161 318 222 vn]
619 160 1019 207 POLICRATICV
1020 160 1054 205 S
1584 164 1667 208 424
1685 156 1715 197 ὅ

114 281 174 325 Et
206 283 415 326 continuo
453 295 566 339 quae
604 281 915 339 superfuerant
943 281 1140 325 membra
1173 282 1338 325 retexit
1371 280 1571 324 infantis.

114 351 178 394 At
199 351 299 395 illos
318 355 498 409 repente
519 352 675 409 ingens
695 352 850 395 horror
875 352 1053 402 inuasit,
1073 354 1120 394 et
1145 351 1341 395 crudeles
1368 350 1571 407 quamuis

112 420 251 463 animi
280 421 512 479 diriguere.
570 421 670 464 Vox
704 420 907 464 faucibus
940 420 1178 464 interclusa
1211 422 1291 463 est.
1351 420 1436 462 Illa
1464 433 1571 462 uero

112 489 228 532 truci
257 490 388 532 uultu
417 492 463 533 et
490 490 598 547 ipsis
627 490 761 532 etiam
789 489 1083 546 praedonibus
1111 489 1412 538 truculentior,
1433 489 1570 537 Meus,

34 567 38 571 ·
75 575 95 609 5
112 557 271 614 inquit,
290 558 362 602 hic
388 558 507 601 filius
533 561 611 608 est,
630 573 754 601 meus
780 561 847 602 est
872 560 1038 615 partus,
1058 561 1104 601 et
1130 557 1302 601 facinus
1325 572 1469 600 meum
1491 560 1569 600 est.

114 626 255 678 Edite,
274 642 378 670 nam
405 629 451 670 et
476 642 557 684 ego
585 627 707 684 prior
734 627 913 678 comedi,
937 641 1048 684 quae
1073 627 1220 684 genui.
1280 626 1432 669 Nolite
1458 625 1568 669 effici

112 698 192 738 aut
219 698 361 738 matre
387 696 687 752 religiosiores,
706 698 786 738 aut
812 695 978 739 femina
1005 696 1250 748 molliores3
1279 695 1395 752 quod
1422 695 1460 738 si
1489 709 1570 738 uos

112 764 255 822 pietas
292 762 434 808 uincit
473 768 519 808 et
556 765 820 808 execramini
869 765 988 808 cibos
1032 779 1163 815 meos,
1202 779 1284 822 ego
1330 779 1442 821 quae
1481 764 1569 806 iam

112 833 278 876 talibus
306 836 434 891 pasta
461 848 570 884 sum,
600 848 681 891 ego
710 834 780 877 his
808 834 970 877 iterum
1009 848 1175 891 pascar.
1235 834 1340 877 Post
1367 834 1475 876 haec
1504 833 1569 875 illi

57 915 99 941 ιο
113 902 260 946 territi
278 904 602 959 trementesque
621 903 863 953 discedunt,
882 903 958 959 qui
979 903 1097 946 hunc
1124 903 1264 946 solum
1285 917 1341 946 ex
1366 902 1569 945 omnibus
1585 912 1666 955 425
1684 915 1715 943 a

114 970 402 1016 facultatibus
421 972 512 1015 suis
531 972 715 1015 miserae
735 971 868 1014 matri
888 972 1158 1028 reliquerant
1178 972 1336 1016 cibum.
1385 972 1571 1028 Repleta

113 1043 182 1084 est
199 1043 348 1084 autem
368 1040 599 1084 confestim
618 1042 827 1083 uniuersa
844 1041 1003 1084 ciuitas
1022 1041 1182 1084 nefarii
1208 1041 1382 1084 sceleris
1400 1041 1570 1090 nuntio,

113 1112 160 1152 et
202 1110 503 1166 unusquisque
542 1112 646 1152 ante
683 1110 830 1153 oculos
879 1109 1051 1153 facinus
1102 1110 1219 1166 quod
1267 1112 1569 1167 perpetratum

114 1178 264 1222 fuerat
279 1179 510 1229 adducens,
521 1181 748 1235 tamquam
768 1179 806 1222 si
825 1179 918 1236 ipse
934 1179 1015 1223 hoc
1034 1181 1339 1236 perpetrasset,
1350 1179 1569 1222 horrebat.

56 1260 97 1296 ¹5
116 1246 279 1290 Omnes
297 1249 458 1298 autem,
478 1261 586 1303 quos
607 1247 738 1290 famis
757 1248 991 1290 necessitas
1010 1248 1286 1305 perurgebat,
1299 1247 1571 1290 festinabant

114 1313 257 1370 magis
294 1313 352 1356 ad
400 1316 598 1363 mortem,
637 1313 789 1356 beatos
828 1314 1022 1357 dicentes
1066 1329 1139 1357 eos
1184 1314 1344 1370 quibus
1383 1314 1571 1371 contigit

112 1381 315 1425 interisse
350 1382 607 1439 priusquam
636 1382 794 1424 talium
823 1383 1040 1426 malorum
1068 1383 1370 1440 polluerentur
1397 1383 1569 1425 auditu.

114 1450 237 1494 Haec
256 1451 433 1508 quidem
453 1451 678 1508 Iosephus.

170 1574 278 1632 Cap.
299 1586 339 1632 7.
365 1575 431 1618 De
448 1589 637 1619 numaero
655 1574 946 1630 captiuorum
966 1579 1005 1619 et
1024 1575 1266 1619 occisor-am
1284 1579 1323 1619 et
1337 1590 1510 1632 perem-

55 1667 100 1691 πο
662 1648 851 1700 ptorwm
872 1644 1011 1701 fame.

171 1718 313 1772 Quem
350 1733 457 1762 uero
494 1720 623 1760 tanta
660 1718 887 1761 calamitas
935 1719 1156 1761 inuenerit
1195 1719 1377 1769 exitum,
1416 1720 1567 1762 eodem

110 1789 290 1830 auctore
316 1787 545 1844 perpaucis
570 1787 811 1830 adnectam.
870 1786 1091 1844 Colligens
1118 1788 1234 1830 enim
1262 1803 1395 1845 supra
1423 1789 1568 1831 dictus

0 1858 18 1933 ')
111 1856 491 1913 historiographus
520 1870 693 1898 omnem
721 1870 952 1898 numerum
982 1859 1308 1913 peremptorum
1342 1857 1414 1899 uel
1449 1857 1564 1900 fame
1580 1860 1614 1901 b

113 1924 187 1967 1101
233 1924 309 1967 siti
356 1924 430 1966 uel
478 1923 596 1966 ferro
641 1924 844 1967 undecies
896 1927 1081 1967 centena
1132 1925 1255 1967 milia
1302 1925 1565 1982 designauit.

55 2007 97 2043 25
115 1992 295 2036 Ceteros
316 2007 422 2035 uero
447 1992 639 2034 latrones
667 1992 740 2034 uel
764 1993 942 2035 sicarios
967 2008 1018 2036 ac
1046 1994 1287 2049 praedones
1315 1997 1415 2050 post
1444 1995 1567 2037 urbis

114 2061 333 2104 excidium
363 2060 531 2102 mutuis
564 2060 805 2103 declarauit
834 2061 1034 2103 interisse
1067 2062 1336 2105 uulneribus.
1397 2063 1568 2106 Electos

111 2132 262 2173 autem
288 2143 481 2186 quosque
504 2129 727 2178 iuuenum,
752 2143 860 2185 quos
886 2130 1016 2172 decor
1041 2130 1233 2186 corporis
1259 2133 1304 2172 et
1330 2131 1568 2187 proceritas

112 2198 456 2247 commendabat,
475 2197 533 2239 ad
557 2197 832 2253 triumphum
859 2197 967 2240 dicit
987 2212 1078 2241 esse
1102 2201 1358 2248 reseruatos,
1378 2199 1568 2255 reliquos

111 2269 263 2310 autem
296 2266 372 2323 qui
403 2280 537 2322 supra
570 2265 717 2308 decem
752 2268 797 2308 et
831 2269 998 2322 septem
1031 2281 1169 2309 annos
1202 2267 1394 2324 agebant
1423 2269 1565 2319 etatis,

54 2353 96 2385 30
111 2336 284 2379 uinctos
317 2335 374 2377 ad
413 2348 545 2390 opera
579 2333 746 2390 Egypti
779 2349 858 2391 per
890 2335 1069 2377 metalla
1102 2335 1344 2379 destinatos
1376 2337 1449 2379 uel
1487 2352 1566 2394 per

111 2407 278 2447 ceteras
327 2402 578 2460 prouincias
634 2417 726 2445 esse
776 2403 1004 2459 dispersos,
1049 2404 1125 2445 alii
1179 2405 1356 2461 quidem
1406 2409 1458 2448 ut
1508 2407 1565 2448 ad

111 2472 238 2516 ludos
266 2471 563 2530 gladiatorios,
585 2470 662 2512 alii
693 2473 746 2512 ut
778 2471 836 2513 ad
870 2471 1033 2514 bestias
1061 2472 1351 2515 traderentur.
1410 2473 1460 2517 Si
1490 2475 1565 2531 qui

111 2556 218 2584 uero
263 2542 383 2583 intra
432 2539 667 2596 septimum
714 2542 759 2582 et
806 2540 1022 2582 decimum
1071 2541 1202 2584 etatis
1250 2543 1412 2598 reperti
1460 2547 1565 2586 sunt

111 2638 312 2719 melanto?
326 2637 360 2671 A
392 2683 414 2691 ..
434 2683 474 2718 Μ
511 2646 555 2682 23
581 2635 915 2682 hystoriographus
932 2635 971 2670 M
1125 2647 1170 2682 29
1194 2642 1283 2672 xoem
1300 2638 1334 2673 ἃ
1350 2637 1463 2674 viimm
1479 2639 1561 2676 CA:

109 2695 136 2718 1
201 2696 252 2718 vu
307 2695 316 2719 ζ
342 2695 415 2718 XVI]

160 2780 207 2806 22
234 2770 410 2814 Couiyens
425 2795 435 2805 .
454 2796 463 2805 .
481 2794 492 2805 .
508 2771 550 2804 in
567 2774 599 2804 te
616 2768 699 2815 (425
715 2767 750 2814 c)
765 2780 774 2804 :
801 2767 932 2806 Euseb.
949 2779 1038 2806 vers.
1057 2768 1191 2806 Ruffin.
1208 2769 1263 2806 111.
1282 2779 1315 2815 7.

168 2840 249 2860 ma
807 2835 841 2862 lt
1415 2832 1456 2864 81
