1820 3138
72 157 156 201 879
173 150 204 189 b
543 146 803 192 IOANNIS
836 145 1356 210 ,SARESBERIENSIS

220 267 324 310 Iure
353 269 616 324 patronatus
646 266 773 308 illum
802 266 905 317 cole,
936 266 1013 322 qui
1042 266 1154 309 uelit
1183 280 1288 317 esse,

279 335 339 378 Et
367 336 489 386 sciat,
519 338 565 378 et
593 335 744 392 possit,
773 338 898 378 tutor
926 335 1091 391 ubique
1121 338 1239 379 tuus.

222 405 340 462 Ergo
370 408 609 461 quaeratur
637 404 717 447 lux
746 404 863 454 cleri,
891 404 1034 461 gloria
1061 404 1209 461 gentis

279 474 537 531 Anglorum,
566 474 683 531 regis
712 473 911 525 dextera,
931 472 1076 516 forma
1104 473 1222 516 boni.

223 543 460 597 Quaesitus
489 543 615 600 regni
644 543 728 586 tibi
757 542 1042 586 cancellarius
1073 542 1221 599 Angli,
1703 566 1724 600 5

281 612 455 655 Primus
484 612 672 656 sollicita
701 614 848 654 mente
877 611 1094 668 petendus
1124 611 1222 654 erit.

226 681 313 725 Hic
342 684 410 724 est
433 682 510 738 qui
540 681 665 738 regni
694 680 812 737 leges
841 680 1054 723 cancellat
1083 680 1270 736 iniquas,

283 751 342 793 Et
370 750 582 793 mandata
609 750 673 807 pii
701 749 914 806 principis
944 763 1085 805 aequa
1113 748 1234 800 facit,

225 820 274 863 Si
305 820 412 877 quid
441 821 566 863 obest
594 819 768 876 populo,
797 819 870 861 uel
899 819 1096 861 moribus
1123 821 1193 868 est
1221 817 1460 868 inimicum,

283 890 504 946 Quicquid
533 889 580 931 id
609 891 688 941 est,
717 903 797 945 per
826 902 926 930 eum
956 887 1119 930 desinit
1147 902 1240 931 esse
1269 901 1442 931 nocens.
1706 906 1749 930 10

227 959 408 1002 Publica
435 958 624 1016 priuatis
654 958 730 1015 qui
759 956 956 1014 praefert
985 957 1213 1000 commoda
1241 971 1422 1014 semper,

285 1028 500 1084 Quodque
529 1028 608 1070 dat
636 1027 684 1069 in
713 1026 874 1083 plures,
904 1026 1028 1069 ducit
1057 1027 1105 1068 in
1136 1041 1236 1069 aere
1264 1040 1356 1069 suo.

227 1097 356 1150 Quod
385 1097 464 1140 dat
492 1097 650 1149 habet;
690 1095 807 1153 quod
837 1096 983 1147 habet,
1013 1096 1160 1153 dignis
1189 1095 1351 1138 donat:
1389 1094 1487 1138 uice
1515 1108 1645 1137 uersa

286 1167 481 1224 Spargit,
512 1166 589 1209 sed
619 1180 796 1224 sparsae
825 1165 1181 1222 multiplicantur
1209 1179 1326 1222 opes.

226 1236 374 1293 thue
403 1236 552 1279 uirum
583 1235 728 1278 uirtus
757 1234 906 1285 animi,
936 1235 998 1277 sic
1026 1235 1174 1291 gratia
1202 1233 1371 1277 formae
1667 1274 1671 1278 .
1708 1254 1750 1288 ¹5

285 1306 491 1362 Vndique
519 1304 771 1347 mirandum
801 1304 1010 1361 gentibus
1040 1318 1132 1346 esse
1162 1302 1285 1347 facit.

228 1375 398 1417 Tardus
427 1375 484 1417 ad
513 1374 632 1417 hunc
663 1373 839 1416 Samius
868 1373 906 1415 si
935 1376 1075 1416 certet
1103 1373 1304 1416 acumine
1332 1371 1505 1422 mentis,

79 1446 162 1495 380
181 1455 212 1484 a
286 1443 583 1499 Indoctusque
614 1442 751 1493 Plato,
780 1442 1008 1498 Varroque
1037 1441 1202 1484 stultus
1232 1441 1330 1485 erit.

229 1511 364 1556 Curio
394 1513 433 1555 si
462 1515 600 1555 certet
629 1511 788 1562 uerbis,
816 1511 1021 1554 uincetur
1049 1511 1106 1553 ab
1135 1511 1256 1567 ipso;
1535 1554 1540 1559 ,

287 1582 453 1632 Victus,
483 1581 521 1623 si
550 1584 700 1631 certet,
730 1580 1032 1633 Quintilianus
1062 1580 1157 1622 erit.
1708 1596 1753 1621 20

231 1651 378 1693 Huius
406 1665 533 1693 nosse
563 1650 741 1692 domum
771 1664 860 1692 non
890 1652 957 1691 est
982 1663 1051 1691 res
1082 1649 1244 1701 ardua3
1282 1648 1424 1692 cuiuis

289 1719 393 1762 Non
421 1719 530 1762 duce
560 1718 758 1775 quaesito
788 1718 945 1760 semita
973 1718 1083 1760 trita
1111 1720 1247 1775 patet.

232 1789 354 1832 Nota
382 1789 537 1832 domus
566 1788 747 1838 cunctis,
777 1788 889 1830 uitio
919 1801 1008 1829 non
1037 1787 1215 1844 cognita
1245 1786 1326 1829 soli

290 1858 438 1908 Lucet,
469 1858 526 1900 ab
555 1858 637 1900 hac
666 1857 808 1899 lucem
838 1856 974 1906 diues,
1006 1871 1181 1913 egenus,
1211 1856 1387 1899 habent.

233 1927 318 1970 Illa
347 1930 471 1984 patet
499 1926 681 1977 miseris,
709 1928 835 1983 patet
865 1928 921 1968 et·
939 1926 1095 1968 domus
1123 1926 1201 1968 illa
1229 1925 1383 1977 beatis,
1710 1941 1753 1975 ²⁵

292 1997 378 2039 Hic
406 1998 533 2052 patre
562 1995 756 2037 laetatur
785 1994 957 2037 aduena
986 1995 1173 2051 quisque
1200 2009 1292 2037 suo.
1818 2046 1820 2052 Ι

235 2065 348 2109 Cum
378 2067 573 2107 reserata
602 2063 735 2106 semel
765 2062 904 2105 fuerit
932 2063 1016 2106 tibi
1046 2063 1191 2113 ianua,
1220 2077 1400 2106 currens
1814 2053 1820 2077 '

292 2134 363 2176 Ad
393 2133 638 2176 thalamum
667 2132 834 2175 domini
863 2132 1143 2189 progrediere
1171 2132 1251 2175 tui.
1776 2121 1781 2123 ¹
1805 2080 1817 2190 i

236 2204 434 2260 Expecta
463 2203 570 2244 dum
599 2202 732 2244 turba
760 2202 884 2254 fluat,
915 2217 1026 2258 quae
1057 2201 1202 2244 feruet
1231 2201 1279 2243 in
1307 2200 1421 2251 aula,
1803 2197 1819 2272 {⁸

295 2272 513 2328 Fessaque
542 2271 633 2314 sint
662 2270 828 2313 domini
858 2271 1055 2313 membra
1085 2270 1277 2314 fouenda
1304 2270 1444 2313 thoro.
1713 2286 1756 2318 30
1806 2275 1813 2294 ⁴

1806 2298 1817 2333 1

1802 2341 1813 2448 ί

284 2462 305 2496 3
331 2452 427 2496 Eryo
452 2453 545 2487 etc.:
573 2450 630 2486 Ad
657 2451 840 2487 Thomam
869 2449 1136 2487 cancellarium
1162 2451 1205 2485 ut
1229 2449 1278 2485 ad
1303 2449 1517 2503 Augustum
1542 2446 1697 2484 Ovidius
1779 2485 1781 2487 ,
1814 2477 1816 2482 .

235 2498 407 2533 libellum
425 2509 532 2533 suum
549 2498 671 2534 mittit
688 2499 856 2534 Ioannes.
1018 2507 1058 2551 17
1084 2499 1247 2533 Samius:
1277 2495 1355 2533 scil.
1379 2496 1624 2551 Pythagoraa,
1642 2495 1696 2532 sic

237 2545 284 2581 ab
302 2545 434 2580 Ovidio
452 2545 489 2580 di
493 2548 572 2580 ctus
592 2548 733 2581 Metam.
753 2557 808 2581 xv.
827 2547 882 2587 60,
899 2546 997 2580 Fast.
1015 2544 1069 2579 iii.
1091 2553 1178 2590 153:
1203 2543 1252 2579 cf.
1267 2545 1397 2579 Policr.
1415 2543 1440 2579 i.
1459 2553 1491 2590 5.
1653 2552 1696 2588 19

241 2594 370 2628 Curio:
397 2592 450 2626 De
473 2592 646 2627 Curionis
669 2593 886 2637 eloquentia
909 2591 993 2627 vide
1013 2591 1232 2627 Ciceronem
1254 2593 1297 2626 de
1324 2592 1470 2626 Oratore
1491 2589 1531 2626 ii.
1549 2600 1593 2635 23
1613 2591 1631 2633 §
1649 2591 1695 2643 98
1796 2595 1815 2623 ε’

239 2638 346 2675 cuius
373 2638 460 2674 libri
493 2639 689 2684 exemplar
720 2639 973 2675 bibliothecae
999 2638 1177 2674 ecclesiae
1206 2637 1432 2673 cathedralis
1457 2635 1696 2673 Carnotensis
1785 2628 1820 2780 ἕ

238 2685 425 2740 legauisse
461 2686 641 2721 Ioannem
677 2698 696 2722 e
733 2686 955 2732 Necrologio
985 2684 1209 2722 Carnotensi
1244 2684 1285 2720 in
1322 2685 1416 2722 Gall.
1453 2685 1586 2722 Christ.
1617 2695 1695 2720 noc.

241 2733 318 2768 11111.
347 2734 448 2778 1148,
473 2743 496 2779 9
521 2732 699 2769 novimus.
