1878 3172
115 174 213 207 ω.
227 163 277 220 v]
642 158 1075 204 PomcssArlovs
1591 155 1675 206 398
1694 155 1725 195 d

111 281 151 324 si
177 280 315 324 fuerit
340 280 581 324 officiorum
605 294 694 322 non
719 278 918 322 confusio
945 277 1022 320 sed
1045 276 1312 320 distributio.
1374 275 1470 318 Hoc
1493 275 1571 324 ita,

114 349 152 392 si
171 350 385 407 optimam
404 349 587 392 uiuendi
608 349 762 391 ducem
782 351 990 390 naturam
1010 346 1244 403 sequimur.
1304 345 1393 388 Sed
1413 358 1530 388 nunc

860 435 977 492 quod
1005 435 1272 477 medicorum
1303 437 1381 484 est,

286 495 555 552 promittunt
584 494 713 544 fabri,
741 494 898 536 medici
927 493 1106 535 fabrilia
1135 495 1341 542 tractant,

39 555 44 558 ῃ
77 598 97 631 5
115 578 160 618 et
179 575 369 618 officium
390 575 668 632 praesidendi
684 590 711 617 a
731 574 1017 616 uenatoribus
1032 576 1077 616 et
1093 571 1401 615 humilioribus
1420 570 1574 614 officiis

114 648 195 686 aut
226 644 360 686 etiam
392 643 617 686 maleficiis
651 645 906 695 mutuatur3
947 645 992 685 et
1030 642 1307 699 priuatorum
1346 640 1573 682 temeritas

114 716 195 755 aut
232 713 489 769 disciplinae
524 712 777 770 ignorantia
815 726 862 754 se
900 711 1035 754 audet
1074 710 1261 767 publicis
1299 709 1451 752 officiis
1491 709 1571 750 im-

115 796 306 824 miscere.

335 909 442 966 Cap.
466 920 506 964 5.
572 910 636 952 De
666 909 764 952 alea
795 913 833 952 et
863 923 954 952 usu
983 911 1022 951 et
1051 906 1199 950 abusu
1227 906 1368 949 illius.

56 1029 97 1053 10
171 1006 260 1050 Sed
283 1021 390 1057 ecce,
417 1007 522 1049 dum
550 1010 811 1049 uenatorum
840 1005 1060 1048 tumultus
1089 1004 1325 1061 egreditur,
1344 1003 1457 1046 aliae
1487 1002 1570 1046 etsi

118 1075 427 1119 taciturniores
460 1078 745 1132 perstrepunt
783 1090 940 1131 nugae.
1012 1074 1185 1116 Tritum
1220 1072 1437 1129 siquidem
1468 1086 1569 1128 pro-

112 1145 315 1187 uerbium
345 1147 436 1187 est:
468 1144 555 1197 Qui
586 1144 754 1200 lepores
788 1144 944 1201 agitat,
975 1143 1111 1186 uerba
1145 1141 1376 1185 consumit.
1435 1140 1498 1183 At
1532 1140 1568 1183 si
1587 1148 1676 1187 399
1695 1149 1727 1177 a

113 1213 222 1257 alios
261 1213 518 1270 diligentius
556 1213 754 1262 intueris,
793 1215 1057 1255 consumunt
1096 1215 1141 1254 et
1179 1211 1333 1260 uitam,
1372 1224 1484 1266 quae
1522 1209 1570 1251 in

113 1282 292 1340 ineptiis
318 1285 363 1324 et
393 1281 660 1324 factionibus
690 1285 769 1323 aut
797 1281 980 1338 flagitiis
1010 1283 1105 1323 tota
1134 1282 1350 1322 uersatur.
1410 1278 1570 1321 Nonne

57 1371 96 1404 15
113 1351 196 1394 tibi
235 1351 414 1394 uidetur
451 1350 620 1393 aleator
658 1350 846 1406 ineptus,
886 1350 962 1406 qui
1011 1350 1309 1391 thessararum
1348 1362 1438 1390 non
1476 1350 1569 1389 tam

113 1419 230 1462 uiuit
259 1434 391 1476 quam
420 1419 538 1476 perit
567 1434 623 1462 ex
652 1419 810 1475 gratia,
832 1422 876 1461 et
906 1433 1079 1461 omnem
1109 1418 1273 1460 iactum
1304 1416 1435 1459 sortis
1465 1430 1569 1458 suae

112 1488 358 1545 praesulem
397 1487 544 1531 facit-,2
622 1488 758 1530 Estne
797 1502 870 1530 ars
915 1486 1194 1530 accommoda
1232 1485 1407 1535 rationi,
1445 1485 1570 1528 cuius

114 1560 282 1614 quanto
311 1557 496 1614 quisque
525 1557 785 1606 studentior,
810 1559 938 1599 tanto
973 1556 1059 1598 erit
1093 1555 1419 1598 exstudiosior?
1489 1554 1570 1596 At-

113 1626 263 1669 thalus
310 1626 544 1676 Asiaticus,
587 1627 624 1669 si
673 1626 907 1683 gentilium
955 1625 1153 1668 historiis
1202 1624 1408 1674 creditur,
1456 1623 1571 1666 hanc

55 1712 98 1735 ιο
114 1694 294 1738 ludendi
312 1694 539 1738 lasciuiam
554 1695 717 1738 dicitur
735 1695 967 1745 inuenisse,
982 1695 1039 1736 ab
1058 1693 1268 1737 exercitio
1286 1706 1570 1735 numerorum

113 1764 342 1822 paululum
377 1763 547 1806 deflexa
580 1764 778 1807 materia.
852 1763 966 1807 Cum
1001 1764 1118 1806 enim
1153 1762 1424 1818 antiquiores
1458 1761 1570 1803 illud

113 1832 371 1875 exercitium
391 1832 626 1874 dumtaxat
646 1833 953 1889 approbarent,
968 1832 1085 1888 quod
1105 1831 1162 1874 ad
1181 1831 1569 1887 inuestigationem

113 1901 209 1943 ueri
247 1900 587 1957 disciplinasque
621 1901 823 1944 liberales
856 1902 1086 1958 proficeret
1119 1900 1191 1942 uel
1231 1903 1347 1942 recte
1387 1898 1568 1941 uiuendi

114 1970 354 2012 instrueret
391 1983 532 2018 usum,
562 1969 633 2011 hic
662 1970 816 2012 subtili
846 1970 1023 2025 quidem
1058 1969 1162 2011 licet
1190 1968 1467 2010 infructuosa
1500 1967 1566 2008 in-

54 2055 96 2088 25
115 2037 323 2080 uentione
362 2037 526 2079 ueteris
569 2038 767 2080 exercitii
806 2038 1017 2080 duritiam
1056 2052 1145 2079 non
1184 2036 1450 2092 temperauit
1489 2035 1565 2077 sed
1581 2040 1612 2078 b

114 2106 341 2155 emolliuit‚
372 2105 525 2148 multis
554 2106 697 2148 adhuc
726 2107 774 2148 in
802 2106 991 2163 pristina
1019 2105 1300 2147 manentibus
1329 2103 1564 2160 grauitate.

111 2176 154 2217 A
190 2174 395 2216 manibus
434 2188 623 2230 namque
671 2175 909 2217 Grecorum
954 2175 1115 2216 abacus
1154 2172 1351 2215 nondum
1401 2171 1567 2215 excidit

111 2246 191 2287 aut
217 2243 333 2285 ratio
362 2242 605 2285 calculandi
630 2246 709 2285 aut
738 2244 868 2285 ludus
898 2243 945 2284 in
975 2257 1062 2298 quo
1091 2241 1285 2298 perfecte
1313 2240 1470 2283 uicisse
1500 2255 1545 2283 es

110 2313 168 2355 ad
187 2311 498 2354 denuntiatum
517 2311 732 2354 calculum
752 2312 798 2353 in
825 2311 991 2367 campis
1020 2309 1262 2352 aduersarii
1288 2309 1450 2352 constit
1484 2309 1494 2318 ”

110 2426 134 2462 9
156 2414 275 2460 illius]
294 2413 374 2450 eius
389 2413 433 2457 A,
453 2412 477 2449 S
490 2414 546 2458 (in
563 2415 705 2450 rubrica
722 2426 801 2460 cap.
814 2413 1000 2459 praefixa)
1092 2423 1136 2459 19
1159 2412 1336 2459 hystoriis
1352 2412 1427 2448 ΒΜ
1522 2414 1567 2449 28

110 2462 279 2542 (ἒὲιι-ἓὲἳέὲ
295 2494 351 2530 A:
388 2494 500 2541 plene
518 2493 584 2530 SM

159 2598 181 2624 2
204 2590 375 2634 optimam
393 2589 487 2624 etc.:
513 2586 587 2623 Cic.
604 2588 648 2622 de
661 2568 806 2621 Amicit.
825 2586 843 2628 §
867 2595 921 2630 19.
1017 2595 1037 2629 3
1061 2587 1155 2631 quod
1171 2587 1264 2621 etc.:
1290 2585 1378 2621 Hor.
1395 2584 1515 2630 Ep.ii.
1536 2595 1565 2621 1.

115 2644 191 2682 115,
212 2636 290 2671 116.
335 2683 343 2691 ·
404 2635 445 2670 18
475 2635 642 2670 Anhalus
657 2635 727 2668 etc.
742 2645 750 2668 :
775 2644 822 2668 ex
838 2631 972 2685 Catulo
990 2631 1181 2668 Parmensi
1196 2631 1357 2668 testibus
1374 2632 1479 2668 codd.
1497 2631 1564 2686 sP.

112 2683 661 2811 ffffiffssffifflneffsffl‘ssffi
676 2680 924 2764 ofi'ss‘ssnvisssssn
938 2678 1566 2773 {22⁰5d232‘3103'222‘g1ii2025333

106 2787 218 2821 pawn
273 2786 309 2810 ci
374 2802 383 2811 .

1415 2853 1455 2886 35
