1878 3172
21 151 42 189 ¹-
83 172 183 206 cu.
199 158 260 220 11]
303 133 307 138 ’
597 157 1030 204 PoncRATIcvs
1549 166 1621 207 514
1641 158 1670 196 b

83 282 129 323 et
155 279 327 337 legibus
354 279 586 323 deuotione
615 277 941 336 promptissima
969 276 1243 319 famulatur?
1300 275 1449 334 Digna
1477 275 1534 318 51-

82 348 260 405 quidem
287 363 379 391 uox
407 350 485 399 est,
504 350 557 391 ut
584 348 650 390 ait
678 347 935 403 hperaton
962 345 1191 388 maiestate
1231 345 1458 402 regnantis
1486 359 1534 388 se

81 417 252 474 legibus
271 417 502 474 alligatum
521 416 762 474 principem
780 415 989 472 profiteri.
1046 414 1163 467 Quia
1181 414 1236 456 de
1255 414 1364 456 iuris
1384 415 1532 457 aucto·
1551 427 1577 456 c

78 475 216 529 ritate
234 486 445 543 principis
464 485 627 542 pendet
645 484 907 535 auctoritas3
936 485 981 526 et
1000 497 1155 526 renem
1180 482 1323 524 maius
1349 482 1533 539 imperio

44 573 64 607 5
82 556 160 604 est,
175 554 449 597 summittere
468 554 639 611 legibus
657 553 970 610 principatum3
999 555 1052 594 ut
1070 551 1207 596 nichil
1227 551 1311 593 sibi
1331 551 1534 607 princeps

82 623 211 666 licere
232 623 448 680 opinetur,
468 622 585 679 quod
604 637 632 665 a
650 621 846 664 iustitiae
866 620 1087 677 aequitate
1108 619 1337 663 discordet.

82 720 187 778 Cap.
209 734 247 765 2.
293 715 419 774 ‘Quid
442 721 535 771 leoe;
563 725 601 764 et
627 719 746 777 quod
767 719 991 775 princeps,
1009 718 1108 762 licet
1135 719 1192 762 sit
1215 719 1321 775 leyis
1349 717 1534 762 nexibus

197 789 432 840 absolutus,
452 789 558 846 leyie
575 793 728 832 tamen
747 802 904 831 semus
923 792 980 831 est
1004 791 1043 831 et
1068 788 1319 844 aequitatis,
1338 788 1534 844 yeritque

104 913 106 915 Ι
191 873 432 916 personam
445 857 692 915 publicam,
711 861 750 900 et
773 858 1032 900 innocenter
1049 857 1323 913 sanquinem
1332 856 1512 913 fundit.

23 954 66 978 10
138 937 232 981 Nec
251 938 299 980 in
318 953 369 981 eo
388 938 473 980 sibi
492 937 710 994 principes
729 937 902 979 detrahi
922 936 1205 987 arbitrentur,
1224 937 1310 979 nisi
1338 936 1534 980 iustitiae

79 1020 185 1049 suae
218 1009 390 1050 statuta
422 1006 710 1064 praeferenda
747 1005 1013 1048 crediderint
1050 1005 1246 1047 iustitiae
1277 1005 1375 1057 Dei,
1409 1006 1535 1048 cuius

79 1075 252 1118 iustitia
280 1075 453 1118 iustitia
481 1075 530 1118 in
564 1089 695 1117 euum
724 1076 802 1125 est,
833 1077 878 1116 et
906 1073 980 1116 lex
1008 1073 1102 1116 eius
1130 1074 1340 1130 aequitas.
1400 1073 1535 1116 Porro

0 1138 2 1175 ἕ
79 1143 292 1199 aequitas,
319 1145 373 1186 ut
402 1143 512 1186 iuris
540 1143 673 1200 periti
701 1144 915 1192 asserunt,
945 1156 1092 1184 rerum
1120 1142 1427 1184 conuenientia
1457 1144 1535 1193 est,

80 1226 193 1268 quae
211 1213 370 1255 cuncta
388 1211 699 1269 coaequiparat
723 1211 894 1254 ratione
921 1212 966 1253 et
991 1210 1233 1267 imparibus
1259 1211 1389 1253 rebus
1408 1211 1534 1267 paria

3 1290 63 1324 v:15
80 1279 179 1322 iura
216 1280 447 1331 desiderat,
485 1281 532 1322 in
575 1294 724 1322 omnes
768 1279 1021 1336 aequabilis,
1058 1279 1259 1322 tribuens
1296 1278 1532 1334 unicuique

4 1343 10 1347 ⁴
81 1348 198 1406 quod
229 1363 359 1392 suum
396 1351 476 1392 est.
534 1348 629 1391 Lex
656 1362 763 1391 uero
797 1348 891 1390 eius
919 1348 1136 1404 interpres
1165 1350 1243 1398 est,
1271 1350 1427 1404 utpote
1459 1348 1530 1391 cui
1547 1350 1576 1390 <1

79 1417 317 1474 aequitatis
355 1419 402 1460 et
439 1417 635 1460 iustitiae
674 1417 881 1459 uoluntas
920 1416 1127 1459 innotuit.
1183 1417 1311 1459 Vnde
1350 1419 1396 1459 et
1434 1431 1532 1459 eam

79 1487 275 1529 omnium
305 1501 453 1530 rerum
486 1487 738 1529 diuinarum
768 1489 814 1529 et
841 1487 1134 1528 humanarum
1164 1488 1408 1542 compotem
1439 1500 1533 1529 esse

0 1550 3 1558 ¹
81 1554 311 1613 Crisippus
351 1556 551 1606 asseruit,
589 1555 773 1612 ideoque
810 1557 1034 1612 praestare
1074 1554 1277 1597 omnibus
1320 1554 1447 1597 bonis
1487 1557 1533 1597 et

22 1639 67 1663 πο
81 1624 210 1668 malis
237 1626 284 1668 et
315 1626 410 1668 tam
438 1639 586 1667 rerum
614 1639 747 1681 quam
775 1624 1003 1667 hominum
1031 1624 1274 1680 principem
1303 1626 1349 1666 et
1377 1623 1532 1667 ducem

81 1707 186 1737 esse.
207 1746 210 1748 v
244 1692 330 1737 Cui
364 1693 642 1750 Papinianus,
671 1693 743 1735 uir
774 1693 950 1749 quidem
978 1693 1089 1735 iuris
1117 1693 1531 1749 experientissimus,

80 1763 127 1804 et
159 1761 456 1813 Demostenes‚
490 1765 638 1805 orator
670 1764 944 1818 praepotens,
975 1761 1186 1803 uidentur
1219 1762 1451 1818 suffragari
1486 1765 1531 1804 et

0 1835 3 1838 ’
80 1829 277 1872 011111111111
296 1830 524 1872 hominum
542 1830 737 1873 subicere
764 1830 1069 1880 obedientiam,
1089 1844 1140 1872 eo
1160 1830 1277 1886 quod
1295 1830 1369 1872 lex
1388 1831 1530 1873 omnis
1547 1836 1619 1878 515
1636 1838 1667 1867 a

81 1897 281 1940 inuentio
325 1898 501 1954 quidem
540 1901 607 1942 est
651 1901 696 1941 et
734 1898 898 1941 donum
938 1898 1034 1948 Dei,
1073 1898 1233 1955 dogma
1270 1899 1531 1955 sapientum,

22 1978 64 2012 ²5
81 1966 291 2009 correctio
328 1966 679 2010 uoluntariorum
724 1981 991 2019 excessuum,
1030 1967 1226 2009 ciuitatis
1264 1967 1531 2024 compositio,

81 2035 127 2076 et
163 2034 303 2076 totius
341 2034 536 2077 criminis
574 2034 708 2092 fuga3
755 2035 994 2077 secundum
1034 2049 1166 2091 quam
1211 2035 1335 2078 decet
1379 2036 1531 2078 uiuere

79 2116 230 2144 omnes
255 2102 332 2158 qui
357 2102 405 2143 in
428 2102 632 2159 politicae
660 2103 723 2145 rei
753 2103 1044 2145 uniuersitate
1062 2105 1308 2145 uersantur.
1367 2103 1531 2147 Omnes

78 2170 229 2227 itaque
260 2170 518 2213 necessitate
547 2170 657 2228 legis
688 2171 928 2213 seruandae
958 2173 1168 2213 tenentur
1197 2171 1410 2222 adstricti,
1443 2172 1530 2214 nisi

81 2271 99 2299 1
135 2260 391 2314 promtissima.
416 2260 476 2296 As
665 2271 708 2298 12
742 2260 871 2307 enum]
897 2262 1093 2298 aeternum
1120 2260 1161 2296 M
1355 2263 1399 2298 28
1436 2262 1531 2310 legis

78 2307 301 2344 necessitate
318 2307 358 2342 M

130 2402 194 2440 1-5
220 2395 396 2439 Diyna..
415 2394 702 2438 ‚principatum
726 2391 813 2429 eod.
826 2392 982 2429 lustin·
970 2405 995 2429 1.
1012 2392 1134 2439 14§4.
1298 2403 1410 2438 11,12
1428 2396 1531 2432 ouius

78 2442 220 2477 mitia
234 2442 328 2478 etc-z
353 2452 385 2475 v.
400 2439 456 2476 Pe.
473 2439 594 2476 cxviii.
612 2449 874 2484 142.12
892 2442 1065 2486 aequitius
1091 2439 1202 2493 Vulg.
1219 2442 1364 2477 ueritas.
1486 2453 1527 2488 13

79 2489 239 2534 aequitas
254 2489 346 2524 etc.:
370 2486 638 2523 Definitionem
662 2486 821 2523 eandem
845 2487 941 2522 citat
956 2486 1032 2522 Azo
1055 2486 1147 2522 111115
1170 2487 1315 2532 peritus
1334 2488 1528 2525 celeberri-

78 2545 170 2579 111115,
195 2534 262 2579 qui
289 2533 482 2570 Bononiae
510 2533 552 2568 in
579 2545 677 2570 saec.
702 2533 770 2568 xiii
798 2533 947 2570 floruit:
980 2535 1152 2579 Aequitas
1175 2540 1295 2570 autem
1326 2541 1376 2571 est
1406 2548 1528 2572 rerum

78 2583 329 2616 conuenientia
343 2592 431 2627 quae
446 2583 488 2615 in
506 2581 662 2626 paribus
675 2582 794 2616 causis
802 2582 916 2626 paria
931 2583 1015 2616 iura
1030 2582 1290 2627 coaequiparat.
1339 2582 1434 2618 Vide
1450 2583 1527 2620 Cic.

82 2628 168 2673 Top.
184 2637 208 2672 4
226 2627 244 2674 ξ
262 2637 305 2672 23
329 2629 452 2663 Valeat
466 2628 627 2673 aequitas
641 2638 731 2673 quae
745 2628 930 2672 paribus
914 2640 955 2663 m
971 2629 1090 2663 causis
1098 2630 1213 2674 paria
1228 2630 1313 2665 iura
1329 2631 1526 2673 desiderum

79 2675 120 2710 et
142 2676 186 2709 de
212 2676 357 2710 Amicit.
383 2683 427 2718 27
458 2673 476 2720 ξ
507 2684 574 2709 100
599 2675 645 2709 In
674 2686 717 2708 ea
745 2679 808 2727 (sq.
834 2674 1011 2721 amicitia)
1041 2680 1091 2711 est
1117 2678 1367 2712 conuenientia
1394 2688 1526 2714 rerum.

83 2729 124 2766 15
150 2722 415 2757 tribuemessm
445 2720 619 2756 v.Instit.
641 2719 853 2774 1115111111
875 2720 893 2767 ξ
916 2722 1101 2759 1.18
1124 2724 1286 2759 omnium
1308 2734 1437 2759 rerum
1453 2727 1525 2761 etc.

83 2766 213 2813 (usque
229 2767 277 2803 ad
292 2767 525 2813 uereantufi:
550 2779 582 2803 v.
599 2766 685 2813 Dig.
701 2766 726 2802 i.
745 2777 766 2813 3
785 2766 826 2814 §§
847 2777 879 2814 1,
896 2777 929 2804 2.

1355 2849 1417 2885 237
