1878 3172
200 94 279 143 583
298 93 327 132 b
672 90 932 135 IOANNIS
972 85 1484 136 SARESBERIENSIS
1651 92 1760 155 [Lm.
1774 105 1805 137 v

342 211 390 253 in
424 225 554 254 usum
585 211 770 268 potandi
803 225 986 254 caucum
1017 212 1213 269 ligneum
1247 215 1430 270 gereret,
1463 213 1580 256 uidit
1618 227 1803 271 puerum

342 294 478 322 manu
517 294 709 323 concaua
747 280 908 332 bibere,
947 284 992 324 et
1030 281 1148 324 elisit
1186 296 1287 324 eum
1325 282 1374 324 in
1421 284 1587 325 terram
1634 283 1804 327 dicens:

343 349 605 392 Nesciebam
626 350 743 406 quod
763 354 926 394 natura
945 351 1129 394 haberet
1147 351 1364 407 poculum.
1423 351 1574 394 Nichil
1593 366 1804 409 umquam

343 419 398 461 de
436 418 574 461 animi
615 419 760 476 rigore
799 420 980 471 remisit,
1021 419 1069 462 in
1111 420 1263 463 eodem
1297 419 1450 463 uultus
1483 423 1636 464 tenore
1670 420 1804 463 etiam

343 487 541 530 aduersis
569 488 956 544 interpellantibus
984 489 1182 546 perstitit
1213 491 1269 541 et,
1298 491 1352 532 ut
1379 489 1507 546 plene
1533 489 1805 533 Socraticum
1823 504 1842 538 5
1876 504 1878 520 ¹

303 571 329 600 c
345 571 504 607 nosses,
544 557 723 600 calcatis
764 558 1018 601 turbinibus
1057 557 1346 601 fortuitorum
1390 558 1588 602 aduersis
1631 573 1806 602 omnem

342 626 537 670 dolorem
558 630 604 670 et
623 627 846 670 miseriam
866 627 1078 670 uniformi
1098 627 1281 670 durauit
1299 627 1560 684 praeposito.
1620 628 1806 672 Dicebat

342 696 460 738 enim
500 696 607 739 haec
646 711 818 753 semper
855 711 882 738 a
920 697 1180 753 philosopho
1219 696 1364 739 aliena
1403 699 1450 739 et
1486 696 1698 754 impotem
1736 697 1806 740 sui
1873 711 1875 714 ⁴

342 766 553 817 animum,
592 766 639 807 in
679 780 810 822 quem
855 765 1062 809 fortunae
1111 765 1339 823 quippiam
1387 766 1502 809 licet.
1581 766 1805 809 Virtutem
1868 763 1878 820 ξ

343 834 438 877 eius
466 837 512 877 et
540 835 858 878 continentiam
887 849 1005 878 mors
1035 849 1207 892 quoque
1235 835 1413 878 indicat.
1472 834 1591 877 Nam
1619 849 1719 878 cum
1748 835 1805 878 ad
1825 826 1878 910 102}

342 918 528 961 agonem
559 903 864 961 Olimpiacum‚
890 904 967 961 qui
995 919 1158 961 magna
1197 903 1448 961 frequentia
1487 903 1667 947 Greciae
1696 904 1805 948 cele·
1864 917 1878 957 ”3

341 974 566 1025 brabatur,
587 975 676 1016 iam
697 989 831 1016 senex
855 978 1058 1031 pergeret
1085 975 1200 1017 febri
1230 975 1277 1016 in
1307 974 1466 1017 itinere
1494 974 1804 1031 apprehensus,
1873 965 1876 968 ’

341 1043 548 1086 accubuit
576 1043 624 1085 in
653 1043 876 1100 crepidine
905 1044 1016 1087 uiae.
1076 1044 1338 1087 Volentibus
1367 1046 1516 1086 autem
1545 1043 1698 1086 amicis
1725 1048 1806 1087 aut

342 1112 391 1154 in
420 1112 668 1155 iumentum
697 1116 778 1155 aut
804 1114 851 1155 in
877 1113 1130 1156 uehiculum
1159 1113 1313 1156 tollere
1344 1127 1434 1156 non
1462 1112 1702 1170 adquieuit,
1728 1113 1806 1156 sed

343 1181 564 1224 transiens
586 1181 644 1223 ad
671 1181 839 1224 arboris
866 1182 1068 1225 umbram
1097 1182 1186 1225 ait:
1216 1182 1350 1225 Abite
1377 1196 1538 1239 quaeso
1567 1184 1612 1225 et
1637 1185 1805 1239 specta-
1825 1191 1870 1226 1⁵

343 1252 441 1292 tum
476 1251 657 1308 pergite.
730 1251 852 1294 Haec
883 1266 973 1294 nox
1008 1254 1088 1294 aut
1125 1266 1195 1294 me
1229 1252 1442 1295 uictorem
1482 1251 1688 1308 probabit
1725 1255 1805 1294 aut
1831 1297 1837 1300 ,

343 1319 536 1372 uictum3
585 1321 623 1363 si
663 1319 831 1363 febrem
875 1321 1033 1371 uicero,
1073 1320 1130 1363 ad
1173 1335 1358 1377 agonem
1404 1320 1606 1373 ueniam;
1654 1319 1692 1363 si
1734 1335 1827 1363 me-

343 1389 513 1441 uicerit,
545 1389 602 1431 ad
637 1389 813 1432 inferna
854 1389 1123 1432 descendam.
1194 1389 1352 1446 Ibique
1383 1404 1462 1446 per
1491 1392 1665 1432 noctem
1699 1389 1806 1432 eliso

345 1460 539 1514 gutture,
555 1472 643 1500 non
663 1460 756 1500 tam
777 1458 889 1500 mori
909 1473 955 1500 se
975 1458 1040 1500 ait
1060 1472 1192 1514 quam
1213 1458 1381 1501 febrem
1401 1461 1542 1501 morte
1561 1458 1803 1502 excludere.
1876 1491 1878 1519 3

301 1527 331 1567 d
346 1526 566 1582 Deceptus
585 1526 789 1583 opinione
808 1527 1005 1569 uirorum
1026 1526 1209 1569 fortium
1230 1530 1276 1570 et
1294 1527 1494 1584 exemplo
1513 1528 1560 1570 in
1580 1529 1803 1571 extremae
1822 1523 1878 1568 ποῖ

345 1595 618 1637 difficultatis
647 1595 845 1646 articulo,
875 1610 930 1638 ne
962 1595 1140 1638 aliunde
1169 1595 1412 1639 inferretur
1444 1599 1631 1640 mortem
1665 1597 1803 1639 ultro-

343 1679 473 1706 neam
499 1663 686 1706 credidit
717 1664 1021 1721 appetendam.
1082 1665 1388 1708 Praeiudicata
1413 1665 1630 1722 siquidem
1655 1666 1804 1723 opinio
1876 1675 1878 1679 “

343 1732 685 1789 sapientioribus
711 1737 991 1790 persuaserat
1017 1733 1064 1775 in
1094 1748 1323 1777 commune
1350 1738 1403 1778 ut
1430 1738 1616 1778 mortem
1646 1749 1803 1791 prouo-

342 1817 441 1845 care
481 1801 665 1844 mallent
708 1816 841 1859 quam
881 1805 1011 1860 turpe
1051 1803 1220 1860 aliquid
1258 1804 1489 1849 sustinere.
1561 1805 1685 1848 Fecit
1722 1804 1804 1848 hoc

343 1871 467 1922 Cato,
506 1871 707 1914 fecerunt
747 1874 792 1914 et
827 1872 915 1922 alii,
955 1873 1031 1928 qui
1070 1871 1239 1915 ferrum
1282 1876 1362 1916 aut
1399 1874 1588 1917 cicutam
1625 1874 1804 1916 aliudue
1822 1887 1864 1922 πε

341 1941 538 1984 toxicum
578 1944 947 1997 praeoccupantes
986 1956 1160 1984 omnem
1200 1945 1246 1984 et
1283 1942 1420 1985 solam
1459 1943 1530 1999 (ut
1567 1942 1804 1999 putabant)

341 2010 635 2067 turpitudinis
674 2010 945 2066 effugiebant
983 2013 1145 2053 notam.
1206 2011 1419 2054 Veritatis
1452 2026 1643 2068 namque
1680 2011 1803 2068 igno·

341 2080 489 2122 rantia
523 2080 585 2123 eis
623 2080 894 2136 patrocinari
929 2080 1133 2132 uidetur;
1174 2080 1251 2123 sed
1285 2095 1432 2124 crassa
1465 2083 1533 2124 est
1553 2085 1613 2124 ·et
1645 2080 1805 2138 supina

341 2202 362 2239 7
388 2193 580 2240 proposito
599 2193 705 2230 B¹AS
851 2203 890 2231 11
918 2193 1138 2241 olimpicum
1154 2193 1255 2231 ASM

388 2315 408 2349 3
434 2306 558 2340 Nichil
568 2317 740 2350 umquam
756 2315 872 2349 usque
890 2303 938 2339 ad
953 2304 1176 2349 praeposito:
1203 2302 1320 2339 Solin.
1337 2302 1362 2339 i.
1380 2302 1398 2350 ξ
1418 2312 1474 2348 73.
1581 2314 1604 2349 4
1630 2305 1671 2339 in
1687 2305 1806 2340 eodem

341 2363 456 2396 usque
473 2352 521 2387 ad
531 2354 714 2397 perstitit:
741 2352 786 2387 de
805 2352 957 2387 Socrate
974 2351 1091 2387 habet
1107 2349 1269 2387 Solinus.
1389 2359 1410 2395 7
1435 2351 1582 2386 Dicebat
1599 2353 1672 2387 etc.
1688 2363 1697 2387 z
1723 2350 1804 2388 Hoc
1872 2380 1874 2382 v

340 2398 521 2445 Diogenis
555 2399 708 2441 dietum,
736 2398 835 2443 quod
864 2398 964 2443 apud
998 2397 1174 2443 antiquos
1206 2409 1283 2433 non
1318 2397 1483 2443 repperi,
1508 2408 1553 2434 ex
1581 2397 1730 2440 Nostro,
1761 2400 1806 2434 ut

339 2445 498 2488 videtur,
508 2445 631 2482 citant
645 2446 835 2482 Walterus
853 2444 992 2490 Burley
1001 2447 1055 2480 De
1071 2447 1152 2479 Vita
1169 2450 1202 2480 et
1217 2447 1380 2480 Moribus
1395 2446 1692 2491 Philosophorum
1709 2456 1740 2481 c.
1761 2454 1807 2491 50

342 2493 415 2532 (ed.
433 2493 562 2529 Colon.
583 2502 671 2537 1472
695 2505 731 2539 p.
755 2493 817 2537 40)
837 2494 876 2529 et
900 2492 1060 2529 Ioannes
1076 2491 1264 2527 Walensis
1284 2493 1546 2546 Compendiloq.
1571 2491 1628 2527 iii.
1655 2503 1688 2528 2.
1713 2503 1744 2528 c.
1769 2501 1802 2536 2,
1871 2537 1878 2540 ‚

339 2541 513 2587 Breviloq.
531 2539 587 2576 iii.
604 2553 636 2576 c.
657 2551 670 2576 1
699 2540 772 2586 (ed.
789 2539 882 2576 Ven.
903 2548 993 2585 1497
1010 2551 1073 2585 pp.
1095 2540 1160 2575 182
1177 2548 1212 2582 P,
1232 2548 1300 2584 252
1315 2540 1376 2583 z);
1411 2539 1459 2575 cf.
1477 2538 1585 2585 D1og.
1611 2539 1732 2576 Laert.
1755 2537 1802 2574 vi.
1870 2543 1878 2586 s

339 2597 360 2622 2
380 2586 398 2632 ξ
416 2588 473 2632 63.
662 2597 756 2633 9—19
786 2588 960 2622 Virtutem
985 2597 1103 2631 usque
1129 2585 1177 2622 ad
1202 2587 1406 2621 excludere:
1432 2585 1584 2622 Hieron.
1602 2585 1671 2622 loc.
1690 2596 1804 2632 supra

341 2633 405 2669 cit.
596 2644 653 2677 24,
674 2643 715 2680 25
742 2635 842 2670 Fecit
858 2635 921 2669 hoc
942 2635 1028 2669 Cato
1045 2635 1138 2669 eta:
1166 2632 1214 2668 cf.
1232 2645 1346 2679 supra
1361 2632 1400 2668 ii.
1418 2644 1449 2669 c.
1469 2642 1513 2677 27
1532 2634 1654 2678 (4703
1669 2632 1803 2678 seqq).
1871 2634 1877 2640 ¹

338 2680 394 2716 De
411 2680 568 2716 Catonis
590 2681 825 2727 aliorumque
847 2682 969 2717 morte
988 2679 1199 2718 voluntaria
1224 2679 1376 2718 disserit
1400 2680 1496 2726 Aug.
1523 2681 1566 2716 de
1592 2682 1664 2717 Cio.
1691 2681 1762 2716 Dei
1772 2678 1802 2715 i.

338 2737 405 2773 233
433 2728 480 2764 ef.
500 2727 574 2763 xix.
591 2739 625 2773 4.

443 2798 512 2841 360

1863 2975 1878 3172 ffl'ffl-d.-v=
1862 2908 1872 2937 <²
