1878 3172
117 115 206 203 Δ408
225 166 257 196 a
600 149 859 195 IOANNIS
899 147 1411 194 SARESBERIENSIS
1588 145 1699 208 [ΗΒ.
1712 160 1735 193 1

275 274 323 316 in
351 271 540 316 molliori
572 271 769 321 materia,
799 285 899 314 cera
928 269 1045 313 forte
1072 268 1148 312 uel
1175 269 1294 322 limo,
1320 282 1472 312 eorum
1502 282 1612 326 quos
1637 283 1735 326 per-

229 343 257 381 b
276 344 450 386 uertere
486 341 696 384 nituntur
735 340 898 396 effigies
942 339 1223 395 exprimunt3
1264 338 1390 381 cuius
1427 337 1646 381 illusionis
1687 338 1736 381 in

276 410 606 454 Farmaceutria
636 409 851 466 Virgilius
881 408 1107 451 meminit:

390 496 542 539 Limus
570 498 623 538 ut
651 495 723 538 hic
752 494 956 544 durescit,
986 497 1032 536 et
1061 494 1168 536 haec
1197 495 1250 535 ut
1279 507 1379 536 cera
1406 492 1621 549 liquescit,

337 568 338 571 ’
390 569 480 597 uno
510 554 748 610 eodemque
777 553 886 610 igni,
916 552 978 595 sic
1007 554 1159 594 nostro
1190 551 1393 608 Daphnis
1422 565 1584 595 amore.
1754 572 1774 607 5

277 635 400 679 Naso
421 649 594 692 quoque
613 634 661 676 in
680 633 794 676 libro
819 633 1089 676 Heroidum:

391 715 594 758 Deuouet
622 714 837 766 absentes,
867 713 1220 769 simulachraque
1248 727 1374 756 cerea
1400 713 1544 770 fingit,

450 775 494 815 et
523 773 732 814 miserum
761 774 916 814 tenues
946 771 993 813 in
1023 771 1144 814 iecur
1172 773 1303 828 urget
1332 785 1447 814 acus.

278 853 451 896 Horum
475 867 581 895 uero
605 852 789 902 malitia,
810 852 944 894 etiam
964 866 1065 894 cum
1091 851 1334 908 plurimum
1360 854 1532 904 nocent,
1553 851 1741 894 artificio

277 922 366 965 leui
396 921 668 972 dissoluitur‚
695 921 733 963 si
763 921 970 964 uidelicet
997 921 1074 977 qui
1100 921 1292 978 suspecti
1319 924 1426 964 sunt
1451 920 1659 964 conuenti
1685 920 1742 963 ab
1762 936 1804 960 10

277 992 425 1048 aliquo
459 991 623 1038 crimen
663 1005 793 1032 suum
832 990 1108 1034 inficientur:
1150 993 1231 1034 aut
1263 991 1302 1034 si
1337 990 1526 1035 confessi
1559 989 1741 1042 fuerint,

277 1060 493 1115 cogantur
511 1056 775 1099 maleficium
796 1071 1012 1100 reuocare.

336 1125 596 1183 Imaginarii
637 1128 755 1176 sunt,
795 1126 871 1182 qui
911 1126 1128 1183 imagines
1167 1140 1276 1182 quas
1316 1125 1490 1169 fuciunt
1533 1126 1660 1182 quasi
1695 1125 1743 1168 in

278 1195 594 1253 possessionem
627 1195 975 1251 praesidentium
1006 1195 1245 1252 spirituum
1274 1195 1474 1245 mittunt,
1511 1198 1562 1237 ut
1592 1195 1649 1237 ab
1681 1194 1745 1237 eis

238 1283 262 1312 c
280 1265 334 1307 de
383 1265 514 1307 rebus
563 1263 711 1306 dubiis
760 1264 1013 1308 doceantur.
1072 1264 1168 1307 Hos
1216 1264 1428 1307 idolatras
1477 1279 1570 1307 esse
1619 1278 1743 1307 sacra
1764 1283 1804 1317 15

280 1334 499 1390 scriptura
547 1333 771 1377 conuincit
820 1336 866 1376 et
912 1333 1090 1376 diuinae
1141 1334 1387 1377 maiestatis
1434 1333 1597 1376 iudicio
1641 1347 1744 1376 con-

281 1403 552 1459 dempnatos.

341 1471 620 1515 Coniectores
659 1473 765 1514 sunt
804 1471 881 1527 qui
921 1471 1109 1515 artificio
1149 1471 1339 1528 quodam
1380 1472 1465 1515 sibi
1505 1471 1747 1515 uendicant

284 1541 584 1597 sompniorum
614 1540 1036 1597 interpretationem.

343 1608 720 1652 Chironomantici
750 1612 856 1652 sunt
887 1610 963 1666 qui
994 1625 1022 1653 a
1050 1625 1262 1653 manuum
1293 1610 1562 1667 inspectione
1596 1625 1743 1653 rerum
1765 1627 1810 1652 σο

284 1678 587 1721 uaticinantur
617 1678 887 1722 abscondita.

343 1747 619 1804 Specularios
645 1751 819 1800 uocant,
845 1749 921 1805 qui
946 1749 994 1791 in
1017 1749 1271 1806 corporibus
1297 1748 1505 1806 lenigatis
1534 1751 1579 1792 et
1605 1749 1748 1800 tersis,

285 1819 338 1859 ut
363 1819 468 1859 sunt
492 1816 626 1859 lucidi
657 1831 792 1868 enses,
819 1818 980 1874 pelues,
1008 1818 1155 1869 ciathi,
1183 1817 1545 1874 speculorumque
1573 1818 1750 1861 diuersa

285 1900 447 1943 genera
486 1885 750 1936 diuinantes‚
789 1887 972 1930 curiosis
1015 1887 1413 1930 consultationibus
1456 1886 1748 1940 satisfaciunt,

286 1969 419 2011 quam
440 1957 485 1997 et
504 1954 665 2011 Ioseph
685 1955 930 1998 exercuisse
951 1959 1031 2008 aut
1056 1956 1205 2013 potius
1226 1956 1454 1999 simulasse
1473 1956 1748 2009 describitur,
1768 1971 1809 2006 25

286 2038 386 2066 cum
402 2022 566 2066 fratres
586 2027 790 2080 argueret
809 2025 1074 2082 surripuisse
1089 2026 1280 2083 ciphum,
1295 2025 1343 2068 in
1358 2040 1445 2082 quo
1461 2028 1749 2070 consueuerat

287 2106 509 2149 auguram.

346 2158 650 2201 Mathematici
698 2162 814 2210 sunt,
857 2159 961 2203 licet
1006 2161 1246 2217 appellatio
1291 2160 1558 2218 generaliter
1602 2160 1752 2203 omnia

288 2228 616 2285 complectatur,
636 2228 712 2284 qui
733 2243 761 2271 a
779 2229 996 2286 positione
1016 2230 1246 2273 stellarum
1267 2230 1444 2287 situque
1469 2229 1751 2280 firmamenti,

290 2352 311 2388 7
337 2342 535 2380 simulacra
551 2343 610 2379 AS
690 2354 731 2388 13
755 2343 950 2390 ymagines
967 2344 1008 2380 M
1089 2353 1129 2391 15
1153 2343 1384 2391 ydololatras
1401 2343 1442 2380 M
1516 2345 1559 2380 16
1583 2344 1754 2380 condem-

290 2392 402 2426 natos
419 2390 464 2426 S:
490 2391 824 2437 condempnandos
841 2391 903 2428 uel
921 2392 1214 2445 condempnatos
1231 2391 1261 2427 P
1413 2401 1457 2438 19
1481 2390 1708 2427 somniorum
1728 2390 1752 2427 S

291 2482 340 2508 20
363 2470 637 2507 ehiromantiei
655 2471 680 2507 s
822 2482 867 2517 27
893 2439 1086 2520 1ῗέάὲἷῶ
1101 2473 1135 2508 Α

340 2586 364 2619 4
387 2575 516 2611 Limus
537 2577 635 2612 etc.:
659 2575 770 2621 Verg.
789 2577 869 2612 Ecl.
886 2575 962 2611 viii.
983 2578 1038 2612 80.
1232 2584 1253 2620 7
1280 2577 1442 2611 Deuouet
1465 2575 1558 2611 etc:
1583 2574 1648 2611 Ov.
1664 2575 1754 2612 Her.

293 2634 325 2657 v.
345 2632 491 2703 91‚·2.·1
628 2624 669 2659 16
693 2625 895 2676 scrq‘ppura:
920 2636 951 2659 v.
979 2623 1113 2661 Ezech.
1132 2621 1206 2658 xxi.
1226 2633 1284 2679 23.
1445 2624 1496 2678 1·ss-
1515 2623 1754 2658 Coniectores:

294 2668 510 2753 &igniis
527 2669 812 2770 {ffliss'ssffl
822 2669 1092 2754 ῗὴῗνοέιῗηοηια
1110 2669 1755 2770 {ffass'szffffl'zssmzpffififss

297 2762 454 2799 confusa
477 2774 556 2799 esse
578 2764 763 2800 videntur.
906 2774 948 2812 25
975 2766 1103 2812 Ioseph
1120 2766 1215 2802 etc.:
1240 2776 1272 2800 v.
1292 2763 1384 2802 Gen.
1403 2764 1491 2799 xhv.
1511 2772 1544 2810 5.

405 2843 447 2881 52
