1878 3172
80 173 180 207 (ω’.
193 161 316 223 xvn]
584 162 984 208 POLICRATICV
985 163 1019 207 S

80 280 160 324 bat
192 281 354 325 habere
386 264 619 326 00an
690 281 834 325 Simul
872 281 1035 324 etenim
1075 282 1303 326 discebant
1336 283 1536 328 Ananias

79 350 264 394 Azarias
292 350 448 394 Misael
477 350 685 407 quiequid
713 352 889 407 poterat
917 350 1070 394 docere
1100 350 1316 405 Caldeus;
1349 353 1482 396 simul
1508 367 1537 396 a

78 433 232 462 mensa
260 421 307 462 et
339 434 367 462 a
397 419 618 477 regalibus
652 419 793 476 epulis
821 419 1115 470 abstinebant,
1144 420 1262 476 quod
1289 421 1537 478 inspirabat

1549 162 1681 216 434d

78 487 211 530 Deus.
269 488 473 545 Acceptis
498 487 794 545 leguminibus
821 488 990 544 pariter
1019 489 1340 541 reficiebantur,
1370 491 1534 533 eisdem
1549 503 1631 545 435
1653 505 1684 534 a

35 554 62 606 ‘5
78 557 274 599 contenti
309 559 437 599 erant
470 556 655 599 militiae
688 571 793 599 suae
821 556 1064 613 stipendiis,
1093 557 1187 614 regi
1222 572 1313 601 una
1347 558 1535 602 famula-

78 624 255 670 bantur.
325 625 414 668 Sed
444 640 540 669 ecce
574 617 867 682 priuilegium,
899 626 1016 682 quod
1047 626 1179 669 homo
1212 626 1412 670 conferre
1446 643 1536 672 non

76 694 235 750 potuit,
254 694 514 752 singillatim
535 694 689 737 datum
708 698 776 737 est
802 694 989 746 Danieli,
1009 698 1062 739 ut
1087 695 1136 737 in
1162 695 1304 739 lucem
1330 697 1536 754 proderet

77 762 302 820 enigmata
342 763 611 806 somniorum
654 766 700 806 et
748 763 938 807 Domino
975 764 1171 808 dictante
1219 766 1399 809 umbras
1447 767 1534 810 dis-

76 833 248 874 cuteret
279 832 532 889 figurarum.
599 832 663 875 Vt
695 847 802 875 uero
836 832 1118 877 familiaritas
1152 834 1330 878 diuinae
1363 836 1534 893 gratiae

18 918 61 943 10
77 900 326 943 euidentius
343 900 577 951 illucescat,
589 901 694 958 quid
714 916 794 944 rex
813 901 860 943 in
875 905 1016 945 strato
1029 903 1195 946 cubans
1213 905 1535 962 praecogitaret

75 969 271 1026 agnouit,
291 971 337 1012 et
359 969 636 1012 meditationi
662 970 760 1013 uisa
786 974 1046 1014 connectens
1075 973 1337 1028 mysterium
1364 973 1533 1024 salutis,

74 1037 192 1094 quod
226 1038 384 1081 umbra
420 1038 661 1089 obnubilat,
692 1041 739 1092 et
776 1039 824 1082 in
857 1040 945 1082 fine
983 1040 1228 1083 seculorum
1265 1042 1532 1099 completum

73 1109 142 1150 est
175 1109 256 1149 aut
285 1107 602 1163 complendum,
636 1108 877 1164 prudenter
911 1110 1126 1166 exposuit.
1186 1110 1356 1154 Siccine
1389 1111 1533 1154 solent

73 1175 338 1219 coniectores
361 1175 495 1218 etiam
515 1176 803 1233 cogitationes
834 1180 1039 1221 excutere
1066 1181 1111 1221 et
1140 1179 1320 1222 umbras
1348 1180 1530 1222 exinan-

15 1259 55 1292 15
72 1244 148 1294 ire,
178 1244 396 1302 explicare
425 1245 653 1288 inuolucra
688 1248 733 1288 et
768 1246 991 1289 illustrare
1019 1247 1225 1291 tenebras
1253 1249 1530 1306 figurarum?

73 1312 124 1355 Si
149 1313 249 1369 quis
275 1316 343 1356 est
368 1314 444 1370 qui
470 1314 567 1370 pari
596 1314 766 1372 gratiae
794 1315 1028 1372 priuilegio
1053 1317 1256 1373 gaudeat,
1277 1317 1454 1360 accedat
1472 1317 1530 1360 ad
1546 1318 1576 1357 b

74 1380 304 1424 Danielem
343 1385 389 1425 et
422 1382 593 1439 Ioseph,
624 1386 670 1426 et
702 1383 907 1426 similiter
941 1385 1004 1427 eis
1037 1385 1228 1428 Domino
1267 1386 1530 1442 gratuletur.

75 1449 217 1502 Quem
245 1465 351 1494 uero
379 1451 583 1494 ueritatis
611 1452 794 1508 spiritus
823 1467 913 1495 non
941 1453 1147 1504 illustrat,
1177 1454 1231 1496 de
1260 1458 1356 1497 arte
1386 1470 1530 1512 somp-

73 1519 253 1562 nolenta
280 1518 450 1563 frustm
482 1521 674 1572 confidit,
708 1535 808 1564 cum
843 1537 915 1565 ars
949 1523 1091 1566 omnis
1119 1523 1283 1566 habeat
1311 1539 1339 1566 a
1367 1528 1530 1567 natura

13 1598 56 1622 20
72 1587 298 1644 originem,
331 1589 389 1631 ab
425 1603 511 1632 usu
549 1592 596 1632 et
633 1590 804 1634 ratione
841 1605 1101 1648 processum.
1175 1592 1306 1635 Ratio
1340 1607 1447 1636 uero
1480 1594 1529 1636 in

69 1655 141 1698 his
159 1658 337 1699 tantum
356 1656 578 1701 defectum
596 1659 779 1715 patitur,
798 1662 851 1702 ut
870 1674 957 1716 quo
977 1675 1023 1703 se
1042 1663 1202 1711 uertat,
1223 1661 1331 1717 quid
1350 1662 1527 1713 iudicet,

68 1723 327 1782 plerumque
359 1726 538 1769 omnino
568 1741 657 1770 non
688 1728 860 1771 habeat.
931 1729 1059 1781 Quod
1093 1729 1270 1786 quidem
1306 1745 1405 1773 cum
1440 1731 1527 1773 fre-

70 1796 256 1849 quenter
283 1794 471 1845 eueniat,
501 1795 710 1838 facillime
738 1811 795 1839 ex
822 1797 974 1854 paucis
1007 1798 1242 1855 colligitur.
1302 1799 1528 1842 Sollicitus

70 1862 250 1918 quidam
276 1862 453 1920 (nomen
473 1864 635 1907 etenim
662 1879 690 1907 a
714 1866 926 1908 memoria
952 1867 1127 1918 excidit,
1148 1868 1231 1910 etsi
1259 1868 1527 1911 narrationis

10 1950 28 1973 2
34 1950 52 1983 5
71 1932 294 1973 auctorem
308 1945 519 1988 magnum
538 1935 711 1975 teneam
726 1933 1044 1992 Augustinum)
1060 1935 1108 1977 in
1127 1950 1175 1978 re
1195 1936 1330 1979 dubia
1349 1951 1526 1979 sensum

69 1998 263 2049 alterius,
282 1999 354 2042 cui
379 2014 472 2042 rem
498 2004 684 2044 nouerat
709 2016 801 2044 esse
827 2005 990 2052 notam,
1012 2018 1175 2060 magna
1200 2004 1414 2047 instantia
1440 2005 1525 2047 sibi

67 2067 324 2124 postulabat
357 2069 529 2125 exponi.
599 2068 713 2112 Cum
745 2084 852 2113 uero
879 2071 999 2114 ‘alter
1032 2073 1224 2128 petentis
1258 2073 1524 2115 desiderium

66 2136 428 2193 promissionibus
453 2138 753 2193 protraxisset,
773 2141 819 2181 et
844 2140 977 2182 unius
1002 2140 1217 2183 instantia
1242 2141 1524 2184 deluderetur

66 2205 309 2248 calliditate
342 2205 535 2255 alterius,
568 2207 728 2249 accidit
766 2210 819 2250 ut
852 2208 1003 2250 eadem
1037 2212 1164 2251 noete
1202 2209 1370 2266 pariter
1407 2224 1519 2252 som-
1538 2230 1563 2259 c

7 2294 51 2327 30
66 2273 253 2324 niarent,
272 2273 386 2317 alter
415 2274 531 2330 quod
557 2289 650 2317 rem
677 2276 920 2332 quaesitam
947 2277 1116 2333 petenti
1142 2281 1390 2334 exponeret,
1410 2278 1523 2321 alter

67 2342 184 2398 quod
203 2343 244 2385 ei
267 2357 295 2385 a
313 2343 506 2386 doctiore
532 2343 866 2401 diligentissime
890 2349 1192 2401 exponeretur.
1252 2346 1523 2402 Factumque

66 2413 135 2454 est
156 2413 210 2454 ut
229 2425 330 2455 cum
353 2412 511 2454 umbra
530 2412 691 2468 quietis
718 2416 1007 2464 euanesceret,
1026 2428 1073 2456 se
1102 2415 1339 2457 miraretur
1364 2415 1438 2458 ille
1464 2415 1522 2458 ad

66 2479 305 2540 scientiam,
342 2495 476 2537 quam
521 2480 599 2523 diu
643 2481 902 2537 quaesierat,
941 2482 1036 2526 sine
1074 2483 1264 2526 doctoris
1312 2484 1521 2527 beneficio

66 2597 88 2622 2
113 2586 290 2624 chaldeus
305 2587 367 2624 CB
524 2589 546 2625 8
571 2587 830 2635 sompniorum
846 2588 921 2625 AM
1078 2599 1124 2626 10
1147 2591 1268 2626 stratu
1284 2590 1318 2625 A
1477 2601 1516 2629 11

64 2633 276 2670 misterium
292 2634 352 2671 AS
495 2637 539 2672 18
563 2634 801 2672 somnolenta
817 2635 843 2672 S
984 2646 1031 2683 29
1054 2637 1313 2684 sompniarent
1328 2639 1403 2674 AM

113 2739 134 2774 7
157 2736 199 2766 ut
214 2733 255 2766 in
271 2724 383 2768 liccem
399 2735 493 2769 etc.:
518 2744 554 2768 v.
570 2732 665 2770 Dan.
681 2732 722 2769 ii.
829 2742 873 2779 23
897 2734 1078 2770 Sollicitus
1094 2736 1187 2771 etc.:
1213 2747 1248 2773 v,
1266 2736 1363 2783 Aug.
1381 2738 1423 2773 de
1444 2738 1517 2774 cio.

67 2777 147 2821 Dei,
164 2777 266 2814 xviii.
286 2780 339 2816 18.

1365 2864 1409 2898 99
