1878 3172
164 157 243 207 458
262 166 288 197 c
634 154 896 198 IOANNIS
936 143 1451 198 SARESBERIENSIS
1603 153 1712 215 [mn.
1729 166 1770 198 11

304 276 352 318 in
375 274 635 331 excipienda
658 275 879 318 sententia
902 274 1130 318 celestium
1153 275 1343 319 labatur.
1402 275 1474 318 Sit
1493 290 1597 334 ergo
1618 290 1770 319 eorum

304 344 492 401 insignis
530 345 781 395 auctoritas,
820 344 926 387 dum
976 345 1148 387 stabilis
1194 347 1239 388 et
1287 345 1547 388 inconuulsa
1594 347 1773 388 maneat

303 413 525 457 creatoris.
585 412 716 457 Certe
737 413 946 470 quicquid
968 413 1053 456 tibi
1080 413 1201 456 Mars
1227 416 1333 457 tuus
1363 416 1444 457 aut
1469 414 1644 471 Iupiter
1669 429 1773 472 sug-

304 485 475 541 gerant,
507 482 629 525 Deus
657 498 797 525 uerax
831 485 909 534 est,
942 485 988 525 et
1016 485 1080 533 tu,
1110 482 1218 525 dum
1251 483 1340 526 illis
1374 483 1474 541 plus
1509 498 1642 541 quam
1676 483 1772 526 Deo

304 552 457 603 credis,
489 552 856 609 perniciosissime
887 551 1093 596 mendax.
1165 552 1302 595 Astra
1333 553 1510 610 quidem
1543 553 1772 597 mendacia
1791 568 1810 602 5

304 623 412 665 sunt
440 621 488 663 in
517 623 752 678 conspectu
782 621 887 671 eius,
912 620 988 664 sed
1018 622 1064 663 et
1092 620 1140 662 in
1167 621 1336 678 angelis
1360 621 1452 665 suis
1481 622 1646 678 reperit
1670 636 1772 679 pra-

304 690 505 733 uitatem.
554 689 617 732 Vt
632 691 782 732 tamen
798 704 953 732 uerum
975 688 1130 740 fatear,
1142 690 1226 732 tibi
1243 693 1364 733 astra
1378 705 1468 734 non
1483 691 1774 741 mentiuntur,

305 759 383 802 sed
417 762 470 802 tu
503 759 609 817 ipse.
669 759 798 812 Quod
829 759 1052 816 deciperis,
1071 759 1156 802 tibi
1189 759 1373 817 imputa.
1433 760 1543 814 Quis
1575 761 1693 804 enim
1726 763 1773 804 te

305 817 426 885 cogit
457 827 621 871 falsum
654 828 843 885 putare?
902 827 1013 881 Quis
1044 842 1107 878 ea,
1140 843 1252 885 quae
1286 829 1601 886 praeeuntibus
1634 829 1773 887 signis

305 899 498 940 uentura
517 898 745 948 coniectas,
765 897 1063 941 immutabilia
1087 911 1180 941 esse
1205 898 1454 955 persuasit'l
1511 899 1585 942 An
1604 898 1773 942 falleris
1794 910 1835 934 10

307 981 359 1010 eo
379 967 497 1023 quod
518 965 703 1024 Figulus
722 967 929 1010 sibilans:

263 1072 292 1113 d
485 1070 580 1112 Aut
608 1070 680 1113 hic
710 1070 913 1121 mundus,
945 1070 1019 1120 ait,
1049 1069 1173 1112 nulla
1202 1069 1296 1113 sine
1325 1070 1422 1128 lege
1450 1085 1530 1127 per
1559 1085 1691 1114 cuum

484 1130 614 1178 errat,
640 1130 686 1170 et
714 1128 882 1171 incerto
911 1128 1157 1171 uoluuntur
1186 1128 1331 1171 sidera
1359 1131 1507 1181 motu3

482 1188 562 1228 aut
591 1186 629 1227 si
659 1186 756 1228 fata
785 1189 967 1229 mouent
996 1187 1097 1229 urbi
1125 1187 1363 1244 generique
1392 1189 1577 1243 paratur

482 1244 676 1287 humano
705 1246 882 1287 matura
910 1244 1034 1288 lues?
1794 1260 1833 1294 15

309 1341 521 1398 Idemque
550 1341 833 1384 manifestius
862 1342 1047 1385 subicit:

598 1438 658 1481 Et
686 1453 866 1496 superos
897 1439 1003 1496 quid
1033 1440 1212 1497 prodest
1240 1454 1417 1497 poscere
1445 1441 1613 1485 finem'l

482 1495 596 1540 Cum
626 1497 803 1539 domino
833 1512 923 1553 pax
952 1498 1039 1540 ista
1068 1499 1215 1550 uenit;
1245 1498 1330 1541 duc
1360 1499 1501 1542 Roma
1530 1500 1748 1543 malorum

479 1554 735 1597 continuam
765 1555 932 1606 seriem,
963 1555 1217 1612 clademque
1245 1556 1294 1598 in
1323 1558 1522 1613 tempora
1552 1558 1694 1600 multa

481 1612 701 1668 protrahe,
730 1612 851 1655 ciuili
878 1615 1057 1656 tantum
1086 1614 1176 1656 iam
1205 1613 1344 1657 libera
1372 1614 1499 1658 bello.
1792 1632 1835 1656 20

309 1714 399 1759 Sed
436 1715 724 1772 proculdubio
764 1716 895 1758 multi
925 1716 987 1758 dii
1022 1716 1091 1759 tui
1127 1716 1331 1759 futurum
1369 1717 1534 1760 bellum
1568 1732 1773 1763 amouere

307 1799 398 1827 non
431 1787 649 1842 poterant,
680 1785 784 1842 quia
815 1785 957 1835 multi,
987 1786 1122 1829 immo
1161 1786 1309 1843 potius
1340 1786 1453 1828 nulli
1485 1789 1600 1830 sunt.
1675 1788 1773 1832 Hoc

306 1856 458 1896 tamen
486 1867 602 1896 unus
634 1855 679 1896 et
710 1854 831 1897 Deus
857 1857 903 1897 et
936 1855 1153 1898 Dominus
1183 1855 1411 1912 potuisset.
1484 1855 1626 1899 Nouit
1655 1858 1773 1900 enim

307 1922 382 1966 ille
430 1924 604 1965 mutare
652 1923 928 1974 sententiam,
968 1924 1006 1966 si
1055 1926 1107 1967 tu
1158 1924 1367 1967 beneficio
1414 1925 1508 1968 eius
1555 1925 1773 1969 malitiam

307 1992 449 2035 finias.
509 1991 636 2034 Vnde
668 1994 714 2034 et
749 1991 1128 2049 Nabugodonosor
1157 1992 1338 2036 consilio
1367 1993 1566 2036 Danielis
1594 1997 1774 2051 peccata
1794 2008 1834 2043 25

156 2071 241 2111 459
263 2071 291 2100 a
309 2060 556 2104 elemosinis
589 2060 809 2103 redimens
848 2063 893 2103 et
932 2062 1191 2118 iniquitates
1230 2062 1278 2104 in
1316 2062 1626 2106 misericordiis
1664 2077 1773 2120 pau-

308 2144 463 2187 perum
484 2130 750 2173 sententiam
780 2130 960 2173 Domini
990 2131 1294 2174 imminentem
1321 2131 1378 2174 ad
1404 2134 1579 2189 tempus
1607 2132 1775 2190 effugit,

308 2200 445 2243 donec
473 2200 520 2242 in
551 2200 653 2242 aula
683 2200 909 2243 Babilonis
938 2200 1132 2258 glorians
1162 2201 1351 2244 diceret:
1381 2200 1541 2243 Nonne
1570 2201 1677 2244 haec
1707 2203 1775 2245 est

308 2268 496 2311 Babilon
516 2283 688 2326 magna,
710 2283 842 2325 quam
864 2284 945 2327 ego
972 2269 1147 2313 condidi
1174 2270 1222 2312 in
1249 2269 1378 2312 domo
1398 2269 1525 2327 regis,
1544 2269 1592 2312 in
1618 2270 1774 2314 robore

309 2404 330 2439 3
356 2394 529 2440 quicquit
547 2395 579 2430 A
690 2396 713 2431 6
730 2394 898 2440 repperit
910 2394 1024 2439 ‚C'BA
1140 2397 1172 2440 8,
1190 2394 1376 2449 qsalsum
1392 2396 1431 2432 te
1447 2394 1551 2443 cogit
1565 2395 1622 2431 A:
1647 2395 1775 2443 coegit

310 2441 377 2477 SM
464 2451 466 2453 ’
522 2453 562 2487 13
589 2442 722 2487 sydera
738 2441 840 2478 CBM
983 2453 1029 2489 29
1052 2442 1250 2489 babylonis
1267 2442 1297 2477 B

360 2559 378 2596 5
405 2551 518 2586 Astra
535 2553 606 2587 etc.
621 2563 630 2586 :
656 2550 722 2587 Iob
739 2562 798 2589 xv.
815 2559 854 2597 15
874 2553 965 2587 caeli
980 2563 1055 2588 non
1067 2557 1154 2588 sunt
1165 2552 1295 2587 mundi
1306 2552 1348 2587 in
1365 2555 1549 2597 conspectu
1565 2553 1652 2594 eius,
1666 2550 1713 2587 iv.
1732 2551 1774 2587 18

311 2603 344 2633 et
359 2599 400 2632 in
416 2599 556 2642 anqelis
572 2601 649 2633 suis
665 2601 798 2644 reperit
810 2602 1036 2645 pravitatem.
1205 2609 1244 2634 11
1271 2599 1448 2643 Fiyuzus:
1473 2609 1522 2634 sc.
1541 2597 1581 2633 P.
1600 2597 1774 2644 Nigidius

310 2643 475 2691 Figulus.
511 2644 606 2688 Quid
623 2645 810 2692 significet
825 2647 979 2682 sibilans
996 2645 1142 2690 nescim
1170 2645 1295 2682 forsan
1309 2646 1343 2692 (e
1361 2644 1577 2682 coniectura
1587 2645 1657 2680 viri
1671 2645 1775 2682 docti

309 2691 436 2727 Caroli
454 2691 646 2738 Mulvany)
666 2693 772 2737 quasi
785 2695 959 2739 sibyllam
973 2704 1019 2729 ex
1031 2694 1169 2738 sibylla.
1279 2703 1320 2729 12
1336 2694 1414 2728 Aut
1429 2694 1487 2728 hic
1503 2694 1660 2728 mundus
1676 2694 1774 2729 etc.:

310 2738 398 2774 Luc.
422 2739 550 2774 Phars.
573 2738 598 2774 i.
615 2740 744 2785 64205.
914 2750 953 2785 17
978 2742 1029 2776 Et
1045 2752 1190 2786 superos
1207 2741 1278 2776 etc.
1293 2752 1302 2776 z
1328 2739 1415 2777 Luc.
1431 2741 1560 2777 Phars.
1577 2739 1601 2775 i.
1619 2741 1774 2786 669—72.

310 2794 355 2833 25
381 2786 683 2831 Nabuyodonosor
697 2789 791 2824 etc.:
815 2800 847 2824 v.
865 2786 959 2824 Dan.
976 2787 1023 2824 iv.
1043 2798 1098 2833 24.

423 2858 488 2899 ¹38
