1878 3172
0 166 11 209 3
73 166 174 200 8111.
187 152 240 215 v]
598 154 996 200 POLICRATICV
997 155 1030 199 S
1542 157 1628 210 483
1646 168 1672 197 c

0 277 6 322 ι·
72 274 163 318 oris
189 274 248 318 ad
275 277 322 318 te
351 273 663 331 impellendum
691 274 906 317 uanitatis
934 274 1141 331 spiritum
1169 274 1380 332 proferat,
1406 275 1445 318 si
1474 278 1526 318 tu
1544 289 1571 320 e

0 330 15 402 ᾗ
72 343 248 386 aurium
260 343 362 386 8818
374 346 421 386 81,
433 343 715 386 latitudinem
733 343 876 386 cordis
890 343 948 386 ad
962 347 1179 387 tumorem
1193 344 1526 400 concipiendum

0 440 6 456 ,
72 411 308 468 oppandas.
386 411 445 469 Et
483 411 588 468 quia
620 411 831 455 uidentur
861 412 920 454 ab
957 413 1172 464 omnibus,
1205 412 1381 456 facilius
1418 413 1527 457 11888

0 478 11 508 ἕ
64 493 101 522 'a
130 479 349 536 plerisque
383 480 599 523 uanitatis
632 480 842 536 obsequia
879 484 1263 537 contempnuntur.
1341 481 1525 524 Verum-

32 568 55 605 ⁵
71 550 221 591 tamen
240 548 318 591 1118
334 549 477 606 magis
495 548 704 601 timenda,
725 549 830 606 quia
848 550 990 606 magis
1008 550 1252 606 perniciosa
1276 553 1393 600 sunt,
1412 564 1525 606 quae

0 629 13 674 *3-
70 616 260 673 quodam
279 617 474 660 cautelae
492 617 743 660 uelamento
761 618 1001 660 studiosius
1024 618 1302 661 occultantur
1329 622 1374 661 et
1398 619 1526 675 quasi

69 685 154 728 sub
171 685 364 742 imagine
388 685 700 743 increpationis
725 691 805 729 aut
830 687 1110 730 correctionis
1132 687 1372 730 alteriusue
1395 687 1525 730 officii

69 756 151 796 aut
167 754 350 797 uirtutis
369 754 581 811 irrepunt.
640 755 767 808 Quod
786 756 1034 807 nonnullos,
1053 756 1159 798 dum
1179 756 1524 799 beniuolentiam

70 821 402 866 immoderatius
431 826 626 880 captant,
657 823 811 867 iecisse
843 825 1043 881 reperies.
1100 825 1182 868 Ait
1212 825 1329 868 enim
1363 825 1525 878 Lelius,

0 911 56 943 ao
70 905 161 934 non
199 891 274 934 ille
311 891 428 934 lator
464 892 574 949 legis
611 893 831 936 amicitiae
869 893 945 936 sed
978 909 1132 937 suasor
1163 894 1268 937 belli
1302 895 1447 938 ciuilis
1480 899 1527 938 et

6 955 10 958 ’
70 960 235 1004 furoris
262 961 472 1014 incentor,
501 962 579 1018 qui
603 965 650 1005 et
676 962 735 1005 ab
763 963 862 1005 aliis
891 963 1105 1007 Lentulus
1133 964 1407 1021 appellatur:

186 1057 315 1110 Quod
342 1060 437 1100 tam
465 1057 586 1100 lenta
614 1061 716 1101 tuas
744 1059 891 1102 tenuit
918 1060 1136 1116 patientia
1163 1060 1294 1113 uires,

185 1116 502 1172 conquerimur.
560 1115 779 1159 Deeratne
806 1117 890 1159 tibi
919 1117 1081 1160 fiducia
1108 1118 1279 1161 nostri?

3 1220 11 1225 ³
184 1172 486 1287 ξιωαηὲοέιῗὲ
510 1173 1066 1275 ξὲιῗῃῗὲἓῖιᾚδὲἐωὲῗὲ
1086 1190 1269 1285 ἳοωᾜὲἑῗ
1296 1189 1489 1234 mgm‘
1539 1184 1570 1224 ‘¹

0 1242 54 1345 ξς
185 1287 444 1345 degenerem
472 1289 639 1345 patiere
668 1292 819 1346 togam
848 1247 1119 1357 regxgumque
1148 1291 1360 1335 senatus?

0 1346 30 1394 ’ξ’
184 1359 323 1402 118(1118
352 1346 461 1388 adeo
489 1346 698 1389 miserum
727 1351 795 1390 881
823 1347 944 1390 8111111
974 1348 1150 1391 uincere
1178 1349 1322 1391 bello‘l

0 1474 12 1488 ,
69 1434 143 1478 Sic
162 1443 209 1478 et
226 1436 274 1478 in
296 1436 503 1479 comediis
528 1451 755 1479 seruorum
778 1438 1020 1481 calliditate
1049 1439 1216 1481 domini
1241 1440 1525 1492 deluduntur,

0 1508 13 1547 ἶ
67 1505 319 1562 praemissis
357 1505 729 1562 increpationibus
776 1507 969 1550 rationes
1014 1522 1116 1550 suas
1163 1509 1380 1552 infirmari
1425 1524 1523 1567 per·

38 1572 268 1624 mittunt,
297 1576 343 1616 et
371 1574 551 1616 tandem
579 1589 626 1617 se
655 1575 797 1619 uictos
827 1576 1049 1626 simulant,
1084 1579 1136 1620 ut
1167 1580 1213 1620 et
1245 1578 1523 1622 credulorum

68 1655 223 1684 senum
241 1642 500 1685 confirment
518 1657 708 1686 errorem
729 1647 774 1686 et
787 1644 842 1687 de
856 1645 1119 1701 proditionis
1133 1646 1317 1702 perfidia
1331 1648 1523 1704 gratiam

0 1703 23 1763 ξ,
68 1713 354 1767 aucupentur,
392 1726 555 1768 magna
596 1716 848 1770 satagentes
885 1714 1106 1757 industria
1147 1718 1201 1757 ut
1245 1716 1307 1759 818
1352 1731 1525 1773 semper

0 1767 21 1815 ‚i
68 1778 291 1836 decipiant
334 1783 387 1822 ut
424 1794 665 1837 numquam
705 1782 876 1838 possint
914 1783 1042 1839 argui
1085 1782 1323 1837 falsitatis3
1371 1799 1523 1828 eorum

0 1815 35 2002 Ξ·
66 1861 258 1903 namque
276 1848 442 1890 ueritas
461 1849 687 1892 mendacio
702 1850 850 1893 seruit.
909 1850 1028 1913 Quid
1047 1852 1164 1907 quod
1183 1867 1374 1910 aucupes
1393 1854 1520 1897 noui-

68 1917 214 1959 tatum'
234 1917 507 1960 rumusculos
526 1922 768 1996 congerunt
787 1920 1036 1976 eisdemque
1050 1922 1320 1965 curiosorum
1340 1924 1523 1967 auribus

67 1984 360 2035 satisfaciunt,
383 1989 436 2028 ut
464 1986 546 2029 1188
574 1987 650 2029 1118
678 1989 1026 2044 compendiosius
1047 1990 1105 2032 ad
1134 1991 1181 2032 id
1207 1992 1325 2047 quod
1353 1992 1521 2035 deside-

66 2055 195 2096 ratur
212 2053 449 2097 accedant?
506 2055 732 2112 Temporis
761 2071 934 2113 quoque
962 2058 1290 2115 diligentissimi
1317 2060 1519 2104 obserua—
1536 2062 1619 2111 484
1638 2073 1669 2101 a

0 2046 27 2190 J
66 2123 185 2164 tores
231 2124 349 2174 sunt,
397 2137 454 2164 ne
502 2123 610 2179 quid
657 2124 967 2202 intempestiue
1013 2126 1230 2183 ingerant,
1278 2128 1355 2170 sed
1404 2129 1523 2172 inter

67 2189 372 2246 prandendum
415 2194 495 2233 aut
533 2206 633 2234 cum
671 2193 777 2235 uino
811 2194 910 2249 quis
953 2195 1226 2238 exhilaratus
1264 2195 1403 2239 fuerit
1441 2201 1521 2241 aut

3 2245 54 2344 {⁶
67 2258 379 2315 cuiuscumque
404 2274 579 2316 compos
604 2260 858 2317 uoluptatis.
919 2262 1066 2305 Huius
1094 2264 1291 2307 cautelae
1319 2266 1522 2309 meminit

0 2338 27 2409 Ξ
68 2325 205 2379 Maro,
242 2341 342 2370 cum
386 2327 444 2369 ad
491 2327 655 2370 Eneam
704 2330 997 2371 reuocandum
1040 2345 1231 2374 sororem
1275 2347 1303 2375 a
1349 2333 1523 2378 Didone

10 2396 24 2448 j
66 2395 247 2438 missam
277 2396 444 2446 asserit,
478 2411 591 2452 quae
622 2397 715 2440 sola
749 2398 836 2440 uiri
871 2399 1024 2441 molles
1057 2400 1206 2442 aditus
1240 2404 1286 2444 et
1323 2405 1524 2460 tempora

10 2495 19 2521 ἶ
67 2525 93 2561 9
113 2515 303 2562 repperies
317 2517 351 2552 A
494 2526 534 2553 11
562 2516 752 2562 apellatur
768 2515 793 2552 S
934 2527 982 2564 29
1007 2518 1211 2556 exilaratus
1227 2519 1253 2556 S

117 2633 161 2661 12
187 2627 287 2669 Quod
310 2630 386 2661 tam
413 2627 508 2662 8181
544 2625 632 2661 Luc.
658 2627 789 2661 Phar-⁸.
813 2625 839 2662 i.
868 2627 1043 2672 361-366.
1187 2630 1229 2665 18
1253 2633 1437 2666 comediis:
1472 2643 1522 2668 88.

68 2669 316 2708 Terentianis.
472 2683 518 2716 24
494 2682 593 2719 4‚25
619 2685 777 2718 aucupes
798 2675 1043 2710 rumusculos.
1068 2687 1100 2710 v.
1126 2675 1201 2713 Cic.
1226 2679 1270 2711 de
1291 2679 1376 2723 Ley.
1401 2677 1457 2713 iii.
1481 2681 1523 2716 16

70 2716 236 2810 ξνπὲέὸοῗ.
254 2718 330 2755 018.
345 2730 415 2765 pro
434 2720 605 2763 Cluentia
625 2723 669 2766 38
689 2719 706 2764 §
730 2721 824 2766 105).
1012 2732 1057 2768 32
1081 2724 1157 2759 sola
1174 2726 1271 2761 etc.:
1294 2725 1406 2771 Verg.
1430 2728 1522 2762 Aen.

1347 2844 1408 2875 181
