<?xml version="1.0" encoding="UTF-8"?>
<!DOCTYPE html PUBLIC "-//W3C//DTD XHTML 1.0 Transitional//EN"
    "http://www.w3.org/TR/xhtml1/DTD/xhtml1-transitional.dtd">
<html xmlns="http://www.w3.org/1999/xhtml" xml:lang="en" lang="en">
 <head>
  <title>
</title>
<meta http-equiv="Content-Type" content="text/html;charset=utf-8" />
  <meta name='ocr-system' content='tesseract 3.04.00' />
  <meta name='ocr-capabilities' content='ocr_page ocr_carea ocr_par ocr_line ocrx_word'/>
</head>
<body>
  <div class='ocr_page' id='page_1' title='image "./ioannissaresberi01johnuoft_0338.png"; bbox 0 0 1878 3172; ppageno 0'>
   <div class='ocr_carea' id='block_1_1' title="bbox 142 149 1747 212">
    <p class='ocr_par' dir='ltr' id='par_1_1' title="bbox 142 149 1747 212">
     <span class='ocr_line' id='line_1_1' title="bbox 142 149 1747 212; baseline -0.009 -4"><span class='ocrx_word' id='word_1_1' title='bbox 142 169 227 210; x_wconf 82' lang='lat'><strong>539</strong></span> <span class='ocrx_word' id='word_1_2' title='bbox 245 157 275 199; x_wconf 76' lang='lat' dir='ltr'><strong>(l</strong></span> <span class='ocrx_word' id='word_1_3' title='bbox 619 154 878 200; x_wconf 87' lang='lat' dir='ltr'>IOANNIS</span> <span class='ocrx_word' id='word_1_4' title='bbox 918 152 1430 198; x_wconf 87' lang='lat' dir='ltr'>SARESBERIENSIS</span> <span class='ocrx_word' id='word_1_5' title='bbox 1587 149 1701 212; x_wconf 76' lang='lat' dir='ltr'><strong>[mn.</strong></span> <span class='ocrx_word' id='word_1_6' title='bbox 1718 162 1747 194; x_wconf 86' lang='lat' dir='ltr'><strong>v</strong></span> 
     </span>
    </p>
   </div>
   <div class='ocr_carea' id='block_1_2' title="bbox 289 273 1750 404">
    <p class='ocr_par' dir='ltr' id='par_1_2' title="bbox 289 273 1750 404">
     <span class='ocr_line' id='line_1_2' title="bbox 289 273 1750 334; baseline -0.003 -13"><span class='ocrx_word' id='word_1_7' title='bbox 289 279 523 321; x_wconf 89' lang='lat' dir='ltr'><strong>auctorem.</strong></span> <span class='ocrx_word' id='word_1_8' title='bbox 593 276 804 334; x_wconf 90' lang='lat' dir='ltr'>Alioquin</span> <span class='ocrx_word' id='word_1_9' title='bbox 832 277 1107 334; x_wconf 71' lang='lat' dir='ltr'><strong>praesentem</strong></span> <span class='ocrx_word' id='word_1_10' title='bbox 1135 274 1366 332; x_wconf 81' lang='lat' dir='ltr'><strong>epistolam</strong></span> <span class='ocrx_word' id='word_1_11' title='bbox 1394 276 1554 318; x_wconf 88' lang='lat' dir='ltr'><strong>testem</strong></span> <span class='ocrx_word' id='word_1_12' title='bbox 1581 273 1750 323; x_wconf 90' lang='lat' dir='ltr'><strong>inuoco,</strong></span> 
     </span>
     <span class='ocr_line' id='line_1_3' title="bbox 289 343 1624 404; baseline -0.001 -15"><span class='ocrx_word' id='word_1_13' title='bbox 289 347 394 404; x_wconf 91' lang='lat' dir='ltr'><strong>quia</strong></span> <span class='ocrx_word' id='word_1_14' title='bbox 413 347 461 389; x_wconf 91' lang='lat' dir='ltr'><strong>in</strong></span> <span class='ocrx_word' id='word_1_15' title='bbox 479 346 718 404; x_wconf 89' lang='lat' dir='ltr'><strong>perniciem</strong></span> <span class='ocrx_word' id='word_1_16' title='bbox 736 346 910 404; x_wconf 90' lang='lat' dir='ltr'><strong>imperii</strong></span> <span class='ocrx_word' id='word_1_17' title='bbox 930 361 1019 389; x_wconf 95' lang='lat' dir='ltr'><strong>non</strong></span> <span class='ocrx_word' id='word_1_18' title='bbox 1038 345 1186 402; x_wconf 81' lang='lat' dir='ltr'><strong>pergis</strong></span> <span class='ocrx_word' id='word_1_19' title='bbox 1205 346 1383 388; x_wconf 90' lang='lat' dir='ltr'><strong>auctore</strong></span> <span class='ocrx_word' id='word_1_20' title='bbox 1407 343 1624 388; x_wconf 82' lang='lat' dir='ltr'><strong>Plutarco.</strong></span> 
     </span>
    </p>
   </div>
   <div class='ocr_carea' id='block_1_3' title="bbox 140 454 1751 583">
    <p class='ocr_par' dir='ltr' id='par_1_3' title="bbox 140 454 1751 583">
     <span class='ocr_line' id='line_1_4' title="bbox 140 454 1751 519; baseline -0.003 -15"><span class='ocrx_word' id='word_1_21' title='bbox 140 478 224 519; x_wconf 87' lang='lat'><strong>540</strong></span> <span class='ocrx_word' id='word_1_22' title='bbox 244 478 274 508; x_wconf 84' lang='lat' dir='ltr'><strong>a</strong></span> <span class='ocrx_word' id='word_1_23' title='bbox 291 457 396 516; x_wconf 79' lang='lat' dir='ltr'><strong>Gap.</strong></span> <span class='ocrx_word' id='word_1_24' title='bbox 429 471 467 503; x_wconf 89' lang='lat'><strong>2.</strong></span> <span class='ocrx_word' id='word_1_25' title='bbox 517 458 640 512; x_wconf 76' lang='lat' dir='ltr'><strong>Quid</strong></span> <span class='ocrx_word' id='word_1_26' title='bbox 668 473 737 502; x_wconf 77' lang='lat' dir='ltr'><strong>‘res</strong></span> <span class='ocrx_word' id='word_1_27' title='bbox 770 458 958 515; x_wconf 77' lang='lat' dir='ltr'><strong>publica</strong></span> <span class='ocrx_word' id='word_1_28' title='bbox 986 457 1231 501; x_wconf 79' lang='lat' dir='ltr'><strong>secundum</strong></span> <span class='ocrx_word' id='word_1_29' title='bbox 1259 457 1548 507; x_wconf 69' lang='lat' dir='ltr'><strong>Plutarwm,</strong></span> <span class='ocrx_word' id='word_1_30' title='bbox 1567 460 1607 500; x_wconf 85' lang='lat' dir='ltr'><strong>et</strong></span> <span class='ocrx_word' id='word_1_31' title='bbox 1635 454 1751 513; x_wconf 79' lang='lat' dir='ltr'><strong>quid</strong></span> 
     </span>
     <span class='ocr_line' id='line_1_5' title="bbox 423 525 1623 583; baseline -0.003 -12"><span class='ocrx_word' id='word_1_32' title='bbox 423 527 572 571; x_wconf 76' lang='lat' dir='ltr'><strong>uicem</strong></span> <span class='ocrx_word' id='word_1_33' title='bbox 591 527 778 571; x_wconf 72' lang='lat' dir='ltr'><strong>animae</strong></span> <span class='ocrx_word' id='word_1_34' title='bbox 795 527 848 571; x_wconf 76' lang='lat' dir='ltr'><strong>in</strong></span> <span class='ocrx_word' id='word_1_35' title='bbox 871 528 974 583; x_wconf 71' lang='lat' dir='ltr'><strong>ipsa</strong></span> <span class='ocrx_word' id='word_1_36' title='bbox 993 526 1188 571; x_wconf 78' lang='lat' dir='ltr'><strong>obtineat</strong></span> <span class='ocrx_word' id='word_1_37' title='bbox 1208 530 1291 572; x_wconf 83' lang='lat' dir='ltr'><strong>aut</strong></span> <span class='ocrx_word' id='word_1_38' title='bbox 1309 525 1623 571; x_wconf 72' lang='lat' dir='ltr'><strong>membrorum.</strong></span> 
     </span>
    </p>
   </div>
   <div class='ocr_carea' id='block_1_4' title="bbox 280 606 1788 942">
    <p class='ocr_par' dir='ltr' id='par_1_4' title="bbox 280 606 1788 942">
     <span class='ocr_line' id='line_1_6' title="bbox 349 606 1788 664; baseline -0.001 -14"><span class='ocrx_word' id='word_1_39' title='bbox 349 608 607 664; x_wconf 70' lang='lat' dir='ltr'><strong>Sequuntur</strong></span> <span class='ocrx_word' id='word_1_40' title='bbox 646 608 840 650; x_wconf 90' lang='lat' dir='ltr'><strong>eiusdem</strong></span> <span class='ocrx_word' id='word_1_41' title='bbox 878 607 1082 664; x_wconf 71' lang='lat' dir='ltr'><strong>politicae</strong></span> <span class='ocrx_word' id='word_1_42' title='bbox 1116 607 1444 651; x_wconf 80' lang='lat' dir='ltr'><strong>constitutionis</strong></span> <span class='ocrx_word' id='word_1_43' title='bbox 1478 606 1672 663; x_wconf 86' lang='lat' dir='ltr'><strong>capitula</strong></span> <span class='ocrx_word' id='word_1_44' title='bbox 1702 606 1751 649; x_wconf 93' lang='lat' dir='ltr'><strong>in</strong></span> <span class='ocrx_word' id='word_1_45' title='bbox 1769 621 1788 656; x_wconf 85' lang='lat'><strong>5</strong></span> 
     </span>
     <span class='ocr_line' id='line_1_7' title="bbox 280 676 1751 733; baseline 0 -14"><span class='ocrx_word' id='word_1_46' title='bbox 280 677 438 720; x_wconf 87' lang='lat' dir='ltr'><strong>&#39;libello</strong></span> <span class='ocrx_word' id='word_1_47' title='bbox 470 677 546 733; x_wconf 89' lang='lat' dir='ltr'><strong>qui</strong></span> <span class='ocrx_word' id='word_1_48' title='bbox 589 676 846 719; x_wconf 86' lang='lat' dir='ltr'><strong>inscribitur</strong></span> <span class='ocrx_word' id='word_1_49' title='bbox 884 676 1119 719; x_wconf 89' lang='lat' dir='ltr'><strong>Institutio</strong></span> <span class='ocrx_word' id='word_1_50' title='bbox 1154 676 1344 728; x_wconf 84' lang='lat' dir='ltr'><strong>Traiani,</strong></span> <span class='ocrx_word' id='word_1_51' title='bbox 1374 690 1486 732; x_wconf 87' lang='lat' dir='ltr'><strong>quae</strong></span> <span class='ocrx_word' id='word_1_52' title='bbox 1514 690 1595 732; x_wconf 91' lang='lat' dir='ltr'><strong>pro</strong></span> <span class='ocrx_word' id='word_1_53' title='bbox 1623 679 1751 733; x_wconf 87' lang='lat' dir='ltr'><strong>parte</strong></span> 
     </span>
     <span class='ocr_line' id='line_1_8' title="bbox 289 745 1750 803; baseline -0.001 -15"><span class='ocrx_word' id='word_1_54' title='bbox 289 745 510 803; x_wconf 82' lang='lat' dir='ltr'><strong>praesenti</strong></span> <span class='ocrx_word' id='word_1_55' title='bbox 545 745 754 802; x_wconf 88' lang='lat' dir='ltr'><strong>opusculo</strong></span> <span class='ocrx_word' id='word_1_56' title='bbox 787 746 940 788; x_wconf 90' lang='lat' dir='ltr'><strong>curaui</strong></span> <span class='ocrx_word' id='word_1_57' title='bbox 975 745 1177 796; x_wconf 92' lang='lat' dir='ltr'><strong>inserere,</strong></span> <span class='ocrx_word' id='word_1_58' title='bbox 1206 745 1272 788; x_wconf 90' lang='lat' dir='ltr'><strong>ita</strong></span> <span class='ocrx_word' id='word_1_59' title='bbox 1306 748 1456 788; x_wconf 87' lang='lat' dir='ltr'><strong>tamen</strong></span> <span class='ocrx_word' id='word_1_60' title='bbox 1490 746 1543 786; x_wconf 89' lang='lat' dir='ltr'><strong>ut</strong></span> <span class='ocrx_word' id='word_1_61' title='bbox 1577 746 1750 787; x_wconf 89' lang='lat' dir='ltr'><strong>senten-</strong></span> 
     </span>
     <span class='ocr_line' id='line_1_9' title="bbox 289 814 1750 872; baseline -0.001 -14"><span class='ocrx_word' id='word_1_62' title='bbox 289 815 454 858; x_wconf 89' lang='lat' dir='ltr'><strong>tiarum</strong></span> <span class='ocrx_word' id='word_1_63' title='bbox 494 814 685 872; x_wconf 85' lang='lat' dir='ltr'><strong>uestigia</strong></span> <span class='ocrx_word' id='word_1_64' title='bbox 718 815 866 871; x_wconf 81' lang='lat' dir='ltr'><strong>potius</strong></span> <span class='ocrx_word' id='word_1_65' title='bbox 904 815 1106 858; x_wconf 84' lang='lat' dir='ltr'><strong>imitarer</strong></span> <span class='ocrx_word' id='word_1_66' title='bbox 1144 829 1278 871; x_wconf 91' lang='lat' dir='ltr'><strong>quam</strong></span> <span class='ocrx_word' id='word_1_67' title='bbox 1311 828 1467 871; x_wconf 88' lang='lat' dir='ltr'><strong>passus</strong></span> <span class='ocrx_word' id='word_1_68' title='bbox 1501 814 1750 857; x_wconf 91' lang='lat' dir='ltr'><strong>uerborum.</strong></span> 
     </span>
     <span class='ocr_line' id='line_1_10' title="bbox 289 883 1751 942; baseline -0.001 -15"><span class='ocrx_word' id='word_1_69' title='bbox 289 885 370 928; x_wconf 87' lang='lat' dir='ltr'><strong>Est</strong></span> <span class='ocrx_word' id='word_1_70' title='bbox 399 899 503 942; x_wconf 89' lang='lat' dir='ltr'><strong>ergo</strong></span> <span class='ocrx_word' id='word_1_71' title='bbox 532 884 725 941; x_wconf 88' lang='lat' dir='ltr'><strong>primum</strong></span> <span class='ocrx_word' id='word_1_72' title='bbox 754 884 951 927; x_wconf 90' lang='lat' dir='ltr'><strong>omnium</strong></span> <span class='ocrx_word' id='word_1_73' title='bbox 982 887 1035 927; x_wconf 87' lang='lat' dir='ltr'><strong>ut</strong></span> <span class='ocrx_word' id='word_1_74' title='bbox 1063 884 1266 941; x_wconf 88' lang='lat' dir='ltr'><strong>princeps</strong></span> <span class='ocrx_word' id='word_1_75' title='bbox 1295 899 1341 927; x_wconf 93' lang='lat' dir='ltr'><strong>se</strong></span> <span class='ocrx_word' id='word_1_76' title='bbox 1367 885 1512 927; x_wconf 88' lang='lat' dir='ltr'><strong>totum</strong></span> <span class='ocrx_word' id='word_1_77' title='bbox 1539 883 1751 929; x_wconf 76' lang='lat' dir='ltr'><strong>metiatur</strong></span> 
     </span>
    </p>
   </div>
   <div class='ocr_carea' id='block_1_5' title="bbox 288 948 1878 1011">
    <p class='ocr_par' dir='ltr' id='par_1_5' title="bbox 288 948 1878 1011">
     <span class='ocr_line' id='line_1_11' title="bbox 288 948 1878 1011; baseline -0.002 -14"><span class='ocrx_word' id='word_1_78' title='bbox 288 957 334 997; x_wconf 93' lang='lat' dir='ltr'><strong>et</strong></span> <span class='ocrx_word' id='word_1_79' title='bbox 373 954 479 1011; x_wconf 92' lang='lat' dir='ltr'><strong>quid</strong></span> <span class='ocrx_word' id='word_1_80' title='bbox 518 954 566 995; x_wconf 93' lang='lat' dir='ltr'><strong>in</strong></span> <span class='ocrx_word' id='word_1_81' title='bbox 597 956 692 996; x_wconf 90' lang='lat' dir='ltr'><strong>toto</strong></span> <span class='ocrx_word' id='word_1_82' title='bbox 727 967 907 1010; x_wconf 91' lang='lat' dir='ltr'><strong>corpore</strong></span> <span class='ocrx_word' id='word_1_83' title='bbox 941 953 1005 995; x_wconf 89' lang='lat' dir='ltr'><strong>rei</strong></span> <span class='ocrx_word' id='word_1_84' title='bbox 1040 952 1252 1010; x_wconf 89' lang='lat' dir='ltr'><strong>publicae,</strong></span> <span class='ocrx_word' id='word_1_85' title='bbox 1272 953 1397 996; x_wconf 91' lang='lat' dir='ltr'><strong>cuius</strong></span> <span class='ocrx_word' id='word_1_86' title='bbox 1428 952 1524 995; x_wconf 89' lang='lat' dir='ltr'><strong>uice</strong></span> <span class='ocrx_word' id='word_1_87' title='bbox 1558 951 1748 1003; x_wconf 84' lang='lat' dir='ltr'><strong>fruatur,</strong></span> <span class='ocrx_word' id='word_1_88' title='bbox 1769 964 1811 995; x_wconf 74' lang='lat'><strong>19</strong></span> <span class='ocrx_word' id='word_1_89' title='bbox 1874 948 1878 960; x_wconf 77' lang='lat'><strong><em>⁴</em></strong></span> 
     </span>
    </p>
   </div>
   <div class='ocr_carea' id='block_1_6' title="bbox 242 1021 1866 2047">
    <p class='ocr_par' dir='ltr' id='par_1_6' title="bbox 242 1021 1878 2047">
     <span class='ocr_line' id='line_1_12' title="bbox 287 1021 1751 1079; baseline -0.001 -14"><span class='ocrx_word' id='word_1_90' title='bbox 287 1023 524 1079; x_wconf 86' lang='lat' dir='ltr'><strong>diligenter</strong></span> <span class='ocrx_word' id='word_1_91' title='bbox 543 1022 761 1076; x_wconf 84' lang='lat' dir='ltr'><strong>aduertat.</strong></span> <span class='ocrx_word' id='word_1_92' title='bbox 821 1022 905 1064; x_wconf 88' lang='lat' dir='ltr'><strong>Est</strong></span> <span class='ocrx_word' id='word_1_93' title='bbox 931 1024 1081 1064; x_wconf 90' lang='lat' dir='ltr'><strong>autem</strong></span> <span class='ocrx_word' id='word_1_94' title='bbox 1101 1036 1171 1063; x_wconf 90' lang='lat' dir='ltr'><strong>res</strong></span> <span class='ocrx_word' id='word_1_95' title='bbox 1196 1021 1385 1078; x_wconf 92' lang='lat' dir='ltr'><strong>publica,</strong></span> <span class='ocrx_word' id='word_1_96' title='bbox 1404 1021 1519 1064; x_wconf 83' lang='lat' dir='ltr'><strong>sicut</strong></span> <span class='ocrx_word' id='word_1_97' title='bbox 1545 1021 1751 1064; x_wconf 90' lang='lat' dir='ltr'><strong>Plutarco</strong></span> 
     </span>
     <span class='ocr_line' id='line_1_13' title="bbox 288 1090 1751 1149; baseline -0.001 -14"><span class='ocrx_word' id='word_1_98' title='bbox 288 1093 443 1149; x_wconf 87' lang='lat' dir='ltr'><strong>placet,</strong></span> <span class='ocrx_word' id='word_1_99' title='bbox 482 1106 641 1149; x_wconf 88' lang='lat' dir='ltr'><strong>corpus</strong></span> <span class='ocrx_word' id='word_1_100' title='bbox 679 1091 900 1147; x_wconf 81' lang='lat' dir='ltr'><strong>quoddam</strong></span> <span class='ocrx_word' id='word_1_101' title='bbox 950 1090 1068 1147; x_wconf 91' lang='lat' dir='ltr'><strong>quod</strong></span> <span class='ocrx_word' id='word_1_102' title='bbox 1117 1090 1258 1133; x_wconf 89' lang='lat' dir='ltr'><strong>diuini</strong></span> <span class='ocrx_word' id='word_1_103' title='bbox 1307 1090 1502 1133; x_wconf 90' lang='lat' dir='ltr'><strong>muneris</strong></span> <span class='ocrx_word' id='word_1_104' title='bbox 1541 1090 1751 1134; x_wconf 88' lang='lat' dir='ltr'><strong>beneficio</strong></span> 
     </span>
     <span class='ocr_line' id='line_1_14' title="bbox 290 1159 1752 1216; baseline -0.001 -13"><span class='ocrx_word' id='word_1_105' title='bbox 290 1161 514 1203; x_wconf 88' lang='lat' dir='ltr'><strong>animatur</strong></span> <span class='ocrx_word' id='word_1_106' title='bbox 553 1163 598 1203; x_wconf 90' lang='lat' dir='ltr'><strong>et</strong></span> <span class='ocrx_word' id='word_1_107' title='bbox 636 1174 832 1203; x_wconf 90' lang='lat' dir='ltr'><strong>summae</strong></span> <span class='ocrx_word' id='word_1_108' title='bbox 875 1159 1113 1216; x_wconf 87' lang='lat' dir='ltr'><strong>aequitatis</strong></span> <span class='ocrx_word' id='word_1_109' title='bbox 1157 1159 1307 1216; x_wconf 84' lang='lat' dir='ltr'><strong>agitur</strong></span> <span class='ocrx_word' id='word_1_110' title='bbox 1343 1162 1459 1202; x_wconf 91' lang='lat' dir='ltr'><strong>nutu</strong></span> <span class='ocrx_word' id='word_1_111' title='bbox 1497 1161 1543 1202; x_wconf 84' lang='lat' dir='ltr'><strong>et</strong></span> <span class='ocrx_word' id='word_1_112' title='bbox 1580 1159 1752 1216; x_wconf 91' lang='lat' dir='ltr'><strong>regitur</strong></span> 
     </span>
     <span class='ocr_line' id='line_1_15' title="bbox 291 1228 1751 1287; baseline -0.001 -15"><span class='ocrx_word' id='word_1_113' title='bbox 291 1230 481 1287; x_wconf 89' lang='lat' dir='ltr'><strong>quodam</strong></span> <span class='ocrx_word' id='word_1_114' title='bbox 530 1229 828 1272; x_wconf 87' lang='lat' dir='ltr'><strong>moderamine</strong></span> <span class='ocrx_word' id='word_1_115' title='bbox 878 1228 1076 1272; x_wconf 84' lang='lat' dir='ltr'><strong>rationis.</strong></span> <span class='ocrx_word' id='word_1_116' title='bbox 1154 1228 1220 1270; x_wconf 87' lang='lat' dir='ltr'><strong>Ea</strong></span> <span class='ocrx_word' id='word_1_117' title='bbox 1267 1242 1373 1271; x_wconf 91' lang='lat' dir='ltr'><strong>uero</strong></span> <span class='ocrx_word' id='word_1_118' title='bbox 1422 1243 1534 1285; x_wconf 87' lang='lat' dir='ltr'><strong>quae</strong></span> <span class='ocrx_word' id='word_1_119' title='bbox 1581 1228 1751 1272; x_wconf 88' lang='lat' dir='ltr'><strong>cultum</strong></span> 
     </span>
     <span class='ocr_line' id='line_1_16' title="bbox 242 1297 1837 1356; baseline 0.001 -16"><span class='ocrx_word' id='word_1_120' title='bbox 242 1300 272 1338; x_wconf 90' lang='lat' dir='ltr'><strong>b</strong></span> <span class='ocrx_word' id='word_1_121' title='bbox 291 1299 516 1356; x_wconf 89' lang='lat' dir='ltr'><strong>religionis</strong></span> <span class='ocrx_word' id='word_1_122' title='bbox 555 1299 603 1340; x_wconf 94' lang='lat' dir='ltr'><strong>in</strong></span> <span class='ocrx_word' id='word_1_123' title='bbox 641 1299 769 1341; x_wconf 90' lang='lat' dir='ltr'><strong>nobis</strong></span> <span class='ocrx_word' id='word_1_124' title='bbox 807 1298 1052 1340; x_wconf 91' lang='lat' dir='ltr'><strong>instituunt</strong></span> <span class='ocrx_word' id='word_1_125' title='bbox 1091 1300 1137 1340; x_wconf 87' lang='lat' dir='ltr'><strong>et</strong></span> <span class='ocrx_word' id='word_1_126' title='bbox 1175 1297 1421 1340; x_wconf 81' lang='lat' dir='ltr'><strong>informant</strong></span> <span class='ocrx_word' id='word_1_127' title='bbox 1459 1301 1505 1341; x_wconf 89' lang='lat' dir='ltr'><strong>et</strong></span> <span class='ocrx_word' id='word_1_128' title='bbox 1553 1297 1637 1341; x_wconf 93' lang='lat' dir='ltr'><strong>Dei</strong></span> <span class='ocrx_word' id='word_1_129' title='bbox 1679 1299 1751 1352; x_wconf 85' lang='lat' dir='ltr'><strong>(ne</strong></span> <span class='ocrx_word' id='word_1_130' title='bbox 1770 1311 1837 1352; x_wconf 46' lang='lat'><strong>15,</strong></span> 
     </span>
     <span class='ocr_line' id='line_1_17' title="bbox 291 1366 1751 1423; baseline -0.001 -12"><span class='ocrx_word' id='word_1_131' title='bbox 291 1368 531 1411; x_wconf 89' lang='lat' dir='ltr'><strong>secundum</strong></span> <span class='ocrx_word' id='word_1_132' title='bbox 566 1367 819 1411; x_wconf 90' lang='lat' dir='ltr'><strong>Plutarcum</strong></span> <span class='ocrx_word' id='word_1_133' title='bbox 855 1368 1036 1410; x_wconf 89' lang='lat' dir='ltr'><strong>deorum</strong></span> <span class='ocrx_word' id='word_1_134' title='bbox 1068 1366 1229 1423; x_wconf 87' lang='lat' dir='ltr'><strong>dicam)</strong></span> <span class='ocrx_word' id='word_1_135' title='bbox 1263 1367 1521 1409; x_wconf 84' lang='lat' dir='ltr'><strong>cerimonias</strong></span> <span class='ocrx_word' id='word_1_136' title='bbox 1555 1367 1751 1418; x_wconf 89' lang='lat' dir='ltr'><strong>tradunt,</strong></span> 
     </span>
     <span class='ocr_line' id='line_1_18' title="bbox 291 1435 1751 1493; baseline 0 -13"><span class='ocrx_word' id='word_1_137' title='bbox 291 1437 432 1480; x_wconf 91' lang='lat' dir='ltr'><strong>uicem</strong></span> <span class='ocrx_word' id='word_1_138' title='bbox 453 1437 626 1479; x_wconf 89' lang='lat' dir='ltr'><strong>animae</strong></span> <span class='ocrx_word' id='word_1_139' title='bbox 645 1437 693 1478; x_wconf 94' lang='lat' dir='ltr'><strong>in</strong></span> <span class='ocrx_word' id='word_1_140' title='bbox 717 1451 895 1493; x_wconf 90' lang='lat' dir='ltr'><strong>corpore</strong></span> <span class='ocrx_word' id='word_1_141' title='bbox 922 1436 985 1478; x_wconf 93' lang='lat' dir='ltr'><strong>rei</strong></span> <span class='ocrx_word' id='word_1_142' title='bbox 1012 1435 1212 1492; x_wconf 91' lang='lat' dir='ltr'><strong>publicae</strong></span> <span class='ocrx_word' id='word_1_143' title='bbox 1232 1435 1447 1478; x_wconf 89' lang='lat' dir='ltr'><strong>obtinent.</strong></span> <span class='ocrx_word' id='word_1_144' title='bbox 1507 1436 1614 1479; x_wconf 87' lang='lat' dir='ltr'><strong>Illos</strong></span> <span class='ocrx_word' id='word_1_145' title='bbox 1633 1451 1751 1488; x_wconf 91' lang='lat' dir='ltr'><strong>uero,</strong></span> 
     </span>
     <span class='ocr_line' id='line_1_19' title="bbox 293 1504 1752 1562; baseline 0.001 -15"><span class='ocrx_word' id='word_1_146' title='bbox 293 1506 369 1562; x_wconf 92' lang='lat' dir='ltr'><strong>qui</strong></span> <span class='ocrx_word' id='word_1_147' title='bbox 417 1506 642 1562; x_wconf 86' lang='lat' dir='ltr'><strong>religionis</strong></span> <span class='ocrx_word' id='word_1_148' title='bbox 690 1506 829 1548; x_wconf 89' lang='lat' dir='ltr'><strong>cultui</strong></span> <span class='ocrx_word' id='word_1_149' title='bbox 875 1507 1099 1562; x_wconf 86' lang='lat' dir='ltr'><strong>praesunt,</strong></span> <span class='ocrx_word' id='word_1_150' title='bbox 1143 1504 1268 1560; x_wconf 87' lang='lat' dir='ltr'><strong>quasi</strong></span> <span class='ocrx_word' id='word_1_151' title='bbox 1317 1504 1510 1547; x_wconf 91' lang='lat' dir='ltr'><strong>animam</strong></span> <span class='ocrx_word' id='word_1_152' title='bbox 1558 1506 1752 1562; x_wconf 87' lang='lat' dir='ltr'><strong>corporis</strong></span> 
     </span>
     <span class='ocr_line' id='line_1_20' title="bbox 291 1572 1750 1630; baseline 0 -13"><span class='ocrx_word' id='word_1_153' title='bbox 291 1574 510 1630; x_wconf 87' lang='lat' dir='ltr'><strong>suspicere</strong></span> <span class='ocrx_word' id='word_1_154' title='bbox 559 1575 605 1616; x_wconf 92' lang='lat' dir='ltr'><strong>et</strong></span> <span class='ocrx_word' id='word_1_155' title='bbox 652 1573 854 1616; x_wconf 87' lang='lat' dir='ltr'><strong>uenerari</strong></span> <span class='ocrx_word' id='word_1_156' title='bbox 902 1575 1086 1629; x_wconf 89' lang='lat' dir='ltr'><strong>oportet.</strong></span> <span class='ocrx_word' id='word_1_157' title='bbox 1175 1572 1285 1625; x_wconf 79' lang='lat' dir='ltr'><strong>Quis</strong></span> <span class='ocrx_word' id='word_1_158' title='bbox 1334 1573 1451 1615; x_wconf 91' lang='lat' dir='ltr'><strong>enim</strong></span> <span class='ocrx_word' id='word_1_159' title='bbox 1500 1574 1750 1617; x_wconf 88' lang='lat' dir='ltr'><strong>sanctitatis</strong></span> 
     </span>
     <span class='ocr_line' id='line_1_21' title="bbox 291 1641 1814 1699; baseline 0.001 -15"><span class='ocrx_word' id='word_1_160' title='bbox 291 1643 517 1685; x_wconf 90' lang='lat' dir='ltr'><strong>ministros</strong></span> <span class='ocrx_word' id='word_1_161' title='bbox 548 1642 631 1685; x_wconf 90' lang='lat' dir='ltr'><strong>Dei</strong></span> <span class='ocrx_word' id='word_1_162' title='bbox 663 1642 802 1699; x_wconf 91' lang='lat' dir='ltr'><strong>ipsius</strong></span> <span class='ocrx_word' id='word_1_163' title='bbox 836 1642 1023 1685; x_wconf 91' lang='lat' dir='ltr'><strong>uicarios</strong></span> <span class='ocrx_word' id='word_1_164' title='bbox 1054 1655 1146 1684; x_wconf 90' lang='lat' dir='ltr'><strong>esse</strong></span> <span class='ocrx_word' id='word_1_165' title='bbox 1178 1641 1398 1698; x_wconf 80' lang='lat' dir='ltr'><strong>ambigit?</strong></span> <span class='ocrx_word' id='word_1_166' title='bbox 1458 1642 1602 1694; x_wconf 88' lang='lat' dir='ltr'><strong>Porro,</strong></span> <span class='ocrx_word' id='word_1_167' title='bbox 1635 1643 1750 1687; x_wconf 90' lang='lat' dir='ltr'><strong>sicut</strong></span> <span class='ocrx_word' id='word_1_168' title='bbox 1771 1655 1814 1681; x_wconf 63' lang='grc' dir='ltr'><strong>πο</strong></span> 
     </span>
     <span class='ocr_line' id='line_1_22' title="bbox 292 1710 1751 1770; baseline 0.002 -16"><span class='ocrx_word' id='word_1_169' title='bbox 292 1712 440 1755; x_wconf 88' lang='lat' dir='ltr'><strong>anima</strong></span> <span class='ocrx_word' id='word_1_170' title='bbox 470 1711 609 1754; x_wconf 89' lang='lat' dir='ltr'><strong>totius</strong></span> <span class='ocrx_word' id='word_1_171' title='bbox 638 1711 773 1754; x_wconf 91' lang='lat' dir='ltr'><strong>habet</strong></span> <span class='ocrx_word' id='word_1_172' title='bbox 802 1711 995 1768; x_wconf 86' lang='lat' dir='ltr'><strong>corporis</strong></span> <span class='ocrx_word' id='word_1_173' title='bbox 1026 1710 1336 1767; x_wconf 87' lang='lat' dir='ltr'><strong>principatum,</strong></span> <span class='ocrx_word' id='word_1_174' title='bbox 1366 1711 1432 1754; x_wconf 89' lang='lat' dir='ltr'><strong>ita</strong></span> <span class='ocrx_word' id='word_1_175' title='bbox 1461 1714 1506 1754; x_wconf 91' lang='lat' dir='ltr'><strong>et</strong></span> <span class='ocrx_word' id='word_1_176' title='bbox 1535 1712 1611 1763; x_wconf 92' lang='lat' dir='ltr'><strong>hii,</strong></span> <span class='ocrx_word' id='word_1_177' title='bbox 1641 1728 1751 1770; x_wconf 90' lang='lat' dir='ltr'><strong>quos</strong></span> 
     </span>
     <span class='ocr_line' id='line_1_23' title="bbox 292 1780 1752 1837; baseline 0.001 -14"><span class='ocrx_word' id='word_1_178' title='bbox 292 1781 368 1824; x_wconf 93' lang='lat' dir='ltr'><strong>ille</strong></span> <span class='ocrx_word' id='word_1_179' title='bbox 387 1780 612 1837; x_wconf 89' lang='lat' dir='ltr'><strong>religionis</strong></span> <span class='ocrx_word' id='word_1_180' title='bbox 638 1780 883 1837; x_wconf 81' lang='lat' dir='ltr'><strong>praefectos</strong></span> <span class='ocrx_word' id='word_1_181' title='bbox 909 1783 1050 1830; x_wconf 90' lang='lat' dir='ltr'><strong>uocat,</strong></span> <span class='ocrx_word' id='word_1_182' title='bbox 1070 1780 1155 1822; x_wconf 88' lang='lat' dir='ltr'><strong>toti</strong></span> <span class='ocrx_word' id='word_1_183' title='bbox 1181 1780 1352 1836; x_wconf 90' lang='lat' dir='ltr'><strong>corpori</strong></span> <span class='ocrx_word' id='word_1_184' title='bbox 1378 1785 1601 1837; x_wconf 88' lang='lat' dir='ltr'><strong>praesunt.</strong></span> <span class='ocrx_word' id='word_1_185' title='bbox 1659 1783 1752 1825; x_wconf 92' lang='lat' dir='ltr'><strong>Au·</strong></span> 
     </span>
     <span class='ocr_line' id='line_1_24' title="bbox 294 1849 1753 1907; baseline 0.002 -15"><span class='ocrx_word' id='word_1_186' title='bbox 294 1853 451 1907; x_wconf 86' lang='lat' dir='ltr'><strong>gustus</strong></span> <span class='ocrx_word' id='word_1_187' title='bbox 472 1849 607 1893; x_wconf 85' lang='lat' dir='ltr'><strong>Cesar</strong></span> <span class='ocrx_word' id='word_1_188' title='bbox 626 1864 677 1892; x_wconf 90' lang='lat' dir='ltr'><strong>eo</strong></span> <span class='ocrx_word' id='word_1_189' title='bbox 701 1863 838 1906; x_wconf 87' lang='lat' dir='ltr'><strong>usque</strong></span> <span class='ocrx_word' id='word_1_190' title='bbox 865 1863 1087 1892; x_wconf 91' lang='lat' dir='ltr'><strong>sacrorum</strong></span> <span class='ocrx_word' id='word_1_191' title='bbox 1115 1849 1396 1905; x_wconf 88' lang='lat' dir='ltr'><strong>pontificibus</strong></span> <span class='ocrx_word' id='word_1_192' title='bbox 1415 1850 1637 1894; x_wconf 91' lang='lat' dir='ltr'><strong>subiectus</strong></span> <span class='ocrx_word' id='word_1_193' title='bbox 1663 1851 1753 1895; x_wconf 87' lang='lat' dir='ltr'><strong>fuit</strong></span> 
     </span>
     <span class='ocr_line' id='line_1_25' title="bbox 295 1918 1752 1975; baseline 0.003 -13"><span class='ocrx_word' id='word_1_194' title='bbox 295 1920 432 1962; x_wconf 90' lang='lat' dir='ltr'><strong>donec</strong></span> <span class='ocrx_word' id='word_1_195' title='bbox 459 1921 504 1961; x_wconf 89' lang='lat' dir='ltr'><strong>et</strong></span> <span class='ocrx_word' id='word_1_196' title='bbox 529 1919 634 1975; x_wconf 91' lang='lat' dir='ltr'><strong>ipse,</strong></span> <span class='ocrx_word' id='word_1_197' title='bbox 654 1933 709 1961; x_wconf 91' lang='lat' dir='ltr'><strong>ne</strong></span> <span class='ocrx_word' id='word_1_198' title='bbox 738 1918 807 1961; x_wconf 89' lang='lat' dir='ltr'><strong>cui</strong></span> <span class='ocrx_word' id='word_1_199' title='bbox 835 1918 1013 1961; x_wconf 89' lang='lat' dir='ltr'><strong>omnino</strong></span> <span class='ocrx_word' id='word_1_200' title='bbox 1042 1918 1250 1968; x_wconf 87' lang='lat' dir='ltr'><strong>subesset,</strong></span> <span class='ocrx_word' id='word_1_201' title='bbox 1271 1918 1462 1962; x_wconf 87' lang='lat' dir='ltr'><strong>Vestalis</strong></span> <span class='ocrx_word' id='word_1_202' title='bbox 1487 1923 1660 1964; x_wconf 87' lang='lat' dir='ltr'><strong>creatus</strong></span> <span class='ocrx_word' id='word_1_203' title='bbox 1683 1924 1752 1964; x_wconf 90' lang='lat' dir='ltr'><strong>est</strong></span> 
     </span>
     <span class='ocr_line' id='line_1_26' title="bbox 295 1978 1866 2047; baseline 0.001 -16"><span class='ocrx_word' id='word_1_204' title='bbox 295 1987 499 2046; x_wconf 80' lang='lat' dir='ltr'><strong>pontifex</strong></span> <span class='ocrx_word' id='word_1_205' title='bbox 519 1990 564 2030; x_wconf 91' lang='lat' dir='ltr'><strong>et</strong></span> <span class='ocrx_word' id='word_1_206' title='bbox 584 1987 716 2044; x_wconf 88' lang='lat' dir='ltr'><strong>paulo</strong></span> <span class='ocrx_word' id='word_1_207' title='bbox 739 1990 840 2043; x_wconf 90' lang='lat' dir='ltr'><strong>post</strong></span> <span class='ocrx_word' id='word_1_208' title='bbox 866 1986 923 2029; x_wconf 86' lang='lat' dir='ltr'><strong>ad</strong></span> <span class='ocrx_word' id='word_1_209' title='bbox 947 1987 1051 2030; x_wconf 90' lang='lat' dir='ltr'><strong>deos</strong></span> <span class='ocrx_word' id='word_1_210' title='bbox 1070 1987 1236 2030; x_wconf 85' lang='lat' dir='ltr'><strong>relatus</strong></span> <span class='ocrx_word' id='word_1_211' title='bbox 1256 1989 1323 2030; x_wconf 89' lang='lat' dir='ltr'><strong>est</strong></span> <span class='ocrx_word' id='word_1_212' title='bbox 1342 1987 1485 2034; x_wconf 81' lang='lat' dir='ltr'><strong>uiuus.</strong></span> <span class='ocrx_word' id='word_1_213' title='bbox 1544 1988 1750 2047; x_wconf 88' lang='lat' dir='ltr'><strong>Princeps</strong></span> <span class='ocrx_word' id='word_1_214' title='bbox 1769 1997 1812 2038; x_wconf 80' lang='lat'><strong>²5</strong></span> <span class='ocrx_word' id='word_1_215' title='bbox 1864 1978 1866 1980; x_wconf 38' lang='lat'><strong>.</strong></span> 
     </span>
    </p>
   </div>
   <div class='ocr_carea' id='block_1_7' title="bbox 295 2059 1752 2167">
    <p class='ocr_par' dir='ltr' id='par_1_7' title="bbox 295 2059 1752 2167">
     <span class='ocr_line' id='line_1_27' title="bbox 295 2059 1752 2121; baseline 0 -11"><span class='ocrx_word' id='word_1_216' title='bbox 295 2059 835 2121; x_wconf 53' lang='lat' dir='ltr'><strong>marcho</strong></span> <span class='ocrx_word' id='word_1_217' title='bbox 853 2073 893 2108; x_wconf 91' lang='lat' dir='ltr'>M</span> <span class='ocrx_word' id='word_1_218' title='bbox 1104 2083 1124 2118; x_wconf 90' lang='lat'>3</span> <span class='ocrx_word' id='word_1_219' title='bbox 1151 2073 1396 2119; x_wconf 87' lang='lat' dir='ltr'><strong>plutarchum</strong></span> <span class='ocrx_word' id='word_1_220' title='bbox 1422 2073 1480 2109; x_wconf 88' lang='lat' dir='ltr'><strong>BS</strong></span> <span class='ocrx_word' id='word_1_221' title='bbox 1507 2075 1548 2109; x_wconf 84' lang='lat' dir='ltr'><strong>in</strong></span> <span class='ocrx_word' id='word_1_222' title='bbox 1564 2086 1594 2109; x_wconf 87' lang='lat' dir='ltr'><strong>r.</strong></span> <span class='ocrx_word' id='word_1_223' title='bbox 1610 2087 1637 2112; x_wconf 88' lang='lat' dir='ltr'><strong>c.</strong></span> <span class='ocrx_word' id='word_1_224' title='bbox 1650 2087 1693 2121; x_wconf 88' lang='lat' dir='ltr'><strong>p.</strong></span> <span class='ocrx_word' id='word_1_225' title='bbox 1711 2074 1752 2110; x_wconf 91' lang='lat' dir='ltr'>M</span> 
     </span>
     <span class='ocr_line' id='line_1_28' title="bbox 296 2119 1612 2167; baseline -0.001 -10"><span class='ocrx_word' id='word_1_226' title='bbox 296 2132 320 2166; x_wconf 89' lang='lat'>4</span> <span class='ocrx_word' id='word_1_227' title='bbox 345 2121 518 2167; x_wconf 87' lang='lat' dir='ltr'><strong>optineat</strong></span> <span class='ocrx_word' id='word_1_228' title='bbox 534 2121 566 2156; x_wconf 93' lang='lat' dir='ltr'>A</span> <span class='ocrx_word' id='word_1_229' title='bbox 708 2131 749 2156; x_wconf 89' lang='lat'><strong>21</strong></span> <span class='ocrx_word' id='word_1_230' title='bbox 778 2119 943 2166; x_wconf 84' lang='lat' dir='ltr'><strong>corporis</strong></span> <span class='ocrx_word' id='word_1_231' title='bbox 958 2119 1076 2156; x_wconf 87' lang='lat' dir='ltr'><strong>habet</strong></span> <span class='ocrx_word' id='word_1_232' title='bbox 1091 2120 1125 2155; x_wconf 93' lang='lat' dir='ltr'>A</span> <span class='ocrx_word' id='word_1_233' title='bbox 1264 2130 1308 2167; x_wconf 86' lang='lat'><strong>25</strong></span> <span class='ocrx_word' id='word_1_234' title='bbox 1337 2121 1440 2167; x_wconf 83' lang='lat' dir='ltr'><strong>deos]</strong></span> <span class='ocrx_word' id='word_1_235' title='bbox 1459 2132 1524 2157; x_wconf 83' lang='lat' dir='ltr'><strong>eos</strong></span> <span class='ocrx_word' id='word_1_236' title='bbox 1537 2120 1612 2156; x_wconf 88' lang='lat' dir='ltr'><strong>AM</strong></span> 
     </span>
    </p>
   </div>
   <div class='ocr_carea' id='block_1_8' title="bbox 297 2190 1758 2889">
    <p class='ocr_par' dir='ltr' id='par_1_8' title="bbox 297 2190 1758 2848">
     <span class='ocr_line' id='line_1_29' title="bbox 348 2190 1757 2236; baseline -0.001 -8"><span class='ocrx_word' id='word_1_237' title='bbox 348 2202 386 2228; x_wconf 93' lang='lat'><strong>11</strong></span> <span class='ocrx_word' id='word_1_238' title='bbox 413 2193 482 2227; x_wconf 86' lang='lat' dir='ltr'><strong>Est</strong></span> <span class='ocrx_word' id='word_1_239' title='bbox 497 2196 616 2226; x_wconf 90' lang='lat' dir='ltr'><strong>autem</strong></span> <span class='ocrx_word' id='word_1_240' title='bbox 631 2202 687 2226; x_wconf 87' lang='lat' dir='ltr'><strong>res</strong></span> <span class='ocrx_word' id='word_1_241' title='bbox 697 2192 845 2236; x_wconf 83' lang='lat' dir='ltr'><strong>publica</strong></span> <span class='ocrx_word' id='word_1_242' title='bbox 862 2191 957 2226; x_wconf 87' lang='lat' dir='ltr'><strong>etc.:</strong></span> <span class='ocrx_word' id='word_1_243' title='bbox 989 2190 1036 2226; x_wconf 89' lang='lat' dir='ltr'><strong>cf.</strong></span> <span class='ocrx_word' id='word_1_244' title='bbox 1055 2190 1256 2226; x_wconf 86' lang='lat' dir='ltr'><strong>Abaelard.</strong></span> <span class='ocrx_word' id='word_1_245' title='bbox 1273 2191 1371 2235; x_wconf 76' lang='lat' dir='ltr'><strong>Epit.</strong></span> <span class='ocrx_word' id='word_1_246' title='bbox 1392 2191 1508 2226; x_wconf 72' lang='lat' dir='ltr'><strong>Theol.</strong></span> <span class='ocrx_word' id='word_1_247' title='bbox 1530 2192 1757 2227; x_wconf 71' lang='lat' dir='ltr'><strong>Christianae</strong></span> 
     </span>
     <span class='ocr_line' id='line_1_30' title="bbox 298 2237 1756 2284; baseline -0.001 -9"><span class='ocrx_word' id='word_1_248' title='bbox 298 2250 331 2275; x_wconf 87' lang='lat' dir='ltr'><strong>c.</strong></span> <span class='ocrx_word' id='word_1_249' title='bbox 349 2249 395 2284; x_wconf 89' lang='lat'><strong>29</strong></span> <span class='ocrx_word' id='word_1_250' title='bbox 413 2238 484 2281; x_wconf 84' lang='lat' dir='ltr'><strong>(ed.</strong></span> <span class='ocrx_word' id='word_1_251' title='bbox 512 2237 649 2274; x_wconf 85' lang='lat' dir='ltr'><strong>Cousin</strong></span> <span class='ocrx_word' id='word_1_252' title='bbox 671 2237 711 2273; x_wconf 92' lang='lat' dir='ltr'><strong>ii.</strong></span> <span class='ocrx_word' id='word_1_253' title='bbox 739 2237 820 2283; x_wconf 89' lang='grc'>578)</span> <span class='ocrx_word' id='word_1_254' title='bbox 852 2239 950 2273; x_wconf 91' lang='lat' dir='ltr'><strong>Vnde</strong></span> <span class='ocrx_word' id='word_1_255' title='bbox 974 2243 1007 2272; x_wconf 87' lang='lat' dir='ltr'><strong>et</strong></span> <span class='ocrx_word' id='word_1_256' title='bbox 1029 2238 1221 2283; x_wconf 75' lang='lat' dir='ltr'><strong>Apostolus</strong></span> <span class='ocrx_word' id='word_1_257' title='bbox 1242 2238 1440 2273; x_wconf 73' lang='lat' dir='ltr'><strong>Ecclesiam</strong></span> <span class='ocrx_word' id='word_1_258' title='bbox 1458 2240 1562 2283; x_wconf 82' lang='lat' dir='ltr'><strong>quasi</strong></span> <span class='ocrx_word' id='word_1_259' title='bbox 1577 2240 1756 2284; x_wconf 80' lang='lat' dir='ltr'><strong>quoddam</strong></span> 
     </span>
     <span class='ocr_line' id='line_1_31' title="bbox 299 2286 1757 2330; baseline 0 -9"><span class='ocrx_word' id='word_1_260' title='bbox 299 2288 443 2322; x_wconf 79' lang='lat' dir='ltr'><strong>animae</strong></span> <span class='ocrx_word' id='word_1_261' title='bbox 471 2287 635 2321; x_wconf 78' lang='lat' dir='ltr'><strong>describit</strong></span> <span class='ocrx_word' id='word_1_262' title='bbox 658 2287 790 2321; x_wconf 89' lang='lat' dir='ltr'><strong>habens</strong></span> <span class='ocrx_word' id='word_1_263' title='bbox 821 2290 929 2330; x_wconf 87' lang='lat' dir='ltr'><strong>caput</strong></span> <span class='ocrx_word' id='word_1_264' title='bbox 954 2296 1069 2327; x_wconf 86' lang='lat' dir='ltr'><strong>suum,</strong></span> <span class='ocrx_word' id='word_1_265' title='bbox 1102 2286 1224 2330; x_wconf 82' lang='lat' dir='ltr'><strong>ipsum</strong></span> <span class='ocrx_word' id='word_1_266' title='bbox 1254 2286 1384 2320; x_wconf 81' lang='lat' dir='ltr'><strong>scilicet</strong></span> <span class='ocrx_word' id='word_1_267' title='bbox 1415 2286 1607 2327; x_wconf 72' lang='lat' dir='ltr'><strong>Christum,</strong></span> <span class='ocrx_word' id='word_1_268' title='bbox 1640 2287 1757 2321; x_wconf 86' lang='lat' dir='ltr'><strong>oculos</strong></span> 
     </span>
     <span class='ocr_line' id='line_1_32' title="bbox 297 2333 1756 2378; baseline -0.001 -10"><span class='ocrx_word' id='word_1_269' title='bbox 297 2335 480 2378; x_wconf 72' lang='lat' dir='ltr'><strong>spiritales</strong></span> <span class='ocrx_word' id='word_1_270' title='bbox 503 2335 686 2377; x_wconf 81' lang='lat' dir='ltr'><strong>praelatos</strong></span> <span class='ocrx_word' id='word_1_271' title='bbox 708 2334 771 2378; x_wconf 79' lang='lat' dir='ltr'><strong>qui</strong></span> <span class='ocrx_word' id='word_1_272' title='bbox 797 2333 883 2367; x_wconf 84' lang='lat' dir='ltr'><strong>aliis</strong></span> <span class='ocrx_word' id='word_1_273' title='bbox 901 2334 1119 2377; x_wconf 77' lang='lat' dir='ltr'><strong>praesident,</strong></span> <span class='ocrx_word' id='word_1_274' title='bbox 1147 2344 1277 2367; x_wconf 87' lang='lat' dir='ltr'><strong>manus</strong></span> <span class='ocrx_word' id='word_1_275' title='bbox 1302 2334 1396 2377; x_wconf 84' lang='lat' dir='ltr'><strong>ipsos</strong></span> <span class='ocrx_word' id='word_1_276' title='bbox 1419 2338 1627 2377; x_wconf 72' lang='lat' dir='ltr'><strong>operatores,</strong></span> <span class='ocrx_word' id='word_1_277' title='bbox 1646 2334 1756 2377; x_wconf 83' lang='lat' dir='ltr'><strong>pedes</strong></span> 
     </span>
     <span class='ocr_line' id='line_1_33' title="bbox 298 2380 1755 2426; baseline -0.001 -11"><span class='ocrx_word' id='word_1_278' title='bbox 298 2382 395 2426; x_wconf 83' lang='lat' dir='ltr'><strong>ipsos</strong></span> <span class='ocrx_word' id='word_1_279' title='bbox 425 2382 580 2415; x_wconf 75' lang='lat' dir='ltr'><strong>minores</strong></span> <span class='ocrx_word' id='word_1_280' title='bbox 614 2381 678 2426; x_wconf 80' lang='lat' dir='ltr'><strong>qui</strong></span> <span class='ocrx_word' id='word_1_281' title='bbox 708 2381 756 2415; x_wconf 86' lang='lat' dir='ltr'><strong>ad</strong></span> <span class='ocrx_word' id='word_1_282' title='bbox 792 2391 919 2424; x_wconf 67' lang='lat' dir='ltr'><strong>corpus</strong></span> <span class='ocrx_word' id='word_1_283' title='bbox 954 2381 1173 2424; x_wconf 85' lang='lat' dir='ltr'><strong>portandum</strong></span> <span class='ocrx_word' id='word_1_284' title='bbox 1202 2380 1393 2414; x_wconf 82' lang='lat' dir='ltr'><strong>necessarii</strong></span> <span class='ocrx_word' id='word_1_285' title='bbox 1427 2384 1521 2414; x_wconf 87' lang='lat' dir='ltr'><strong>sunt.</strong></span> <span class='ocrx_word' id='word_1_286' title='bbox 1714 2388 1755 2423; x_wconf 91' lang='lat'><strong>17</strong></span> 
     </span>
     <span class='ocr_line' id='line_1_34' title="bbox 299 2425 1755 2471; baseline 0.001 -9"><span class='ocrx_word' id='word_1_287' title='bbox 299 2430 413 2462; x_wconf 79' lang='lat' dir='ltr'><strong>uicem</strong></span> <span class='ocrx_word' id='word_1_288' title='bbox 441 2429 586 2462; x_wconf 81' lang='lat' dir='ltr'><strong>animae</strong></span> <span class='ocrx_word' id='word_1_289' title='bbox 615 2429 716 2463; x_wconf 89' lang='lat' dir='ltr'><strong>etc.:</strong></span> <span class='ocrx_word' id='word_1_290' title='bbox 755 2425 799 2461; x_wconf 89' lang='lat' dir='ltr'><strong>cf.</strong></span> <span class='ocrx_word' id='word_1_291' title='bbox 830 2426 934 2461; x_wconf 87' lang='lat' dir='ltr'><strong>Ivon.</strong></span> <span class='ocrx_word' id='word_1_292' title='bbox 960 2426 1112 2461; x_wconf 88' lang='lat' dir='ltr'><strong>Carnot.</strong></span> <span class='ocrx_word' id='word_1_293' title='bbox 1140 2427 1212 2471; x_wconf 86' lang='lat' dir='ltr'><strong>Ep.</strong></span> <span class='ocrx_word' id='word_1_294' title='bbox 1239 2425 1305 2461; x_wconf 89' lang='lat' dir='ltr'><strong>cvi.</strong></span> <span class='ocrx_word' id='word_1_295' title='bbox 1334 2425 1482 2471; x_wconf 80' lang='lat' dir='ltr'><strong>(Migne</strong></span> <span class='ocrx_word' id='word_1_296' title='bbox 1517 2427 1559 2461; x_wconf 92' lang='lat' dir='ltr'><strong>P.</strong></span> <span class='ocrx_word' id='word_1_297' title='bbox 1575 2426 1620 2462; x_wconf 90' lang='lat' dir='ltr'><strong>L.</strong></span> <span class='ocrx_word' id='word_1_298' title='bbox 1650 2425 1755 2463; x_wconf 82' lang='lat' dir='ltr'><strong>clxii.</strong></span> 
     </span>
     <span class='ocr_line' id='line_1_35' title="bbox 305 2474 1757 2519; baseline -0.001 -10"><span class='ocrx_word' id='word_1_299' title='bbox 305 2474 399 2518; x_wconf 88' lang='lat'><strong>125),</strong></span> <span class='ocrx_word' id='word_1_300' title='bbox 416 2480 591 2519; x_wconf 85' lang='lat' dir='ltr'><strong>quantum</strong></span> <span class='ocrx_word' id='word_1_301' title='bbox 607 2476 703 2509; x_wconf 87' lang='lat' dir='ltr'><strong>ualet</strong></span> <span class='ocrx_word' id='word_1_302' title='bbox 719 2485 847 2519; x_wconf 72' lang='lat' dir='ltr'><strong>corpus</strong></span> <span class='ocrx_word' id='word_1_303' title='bbox 862 2474 937 2508; x_wconf 79' lang='lat' dir='ltr'><strong>nisi</strong></span> <span class='ocrx_word' id='word_1_304' title='bbox 951 2479 1097 2518; x_wconf 75' lang='lat' dir='ltr'><strong>reyatur</strong></span> <span class='ocrx_word' id='word_1_305' title='bbox 1114 2474 1158 2508; x_wconf 86' lang='lat' dir='ltr'><strong>ab</strong></span> <span class='ocrx_word' id='word_1_306' title='bbox 1181 2474 1318 2517; x_wconf 83' lang='lat' dir='ltr'><strong>anima,</strong></span> <span class='ocrx_word' id='word_1_307' title='bbox 1335 2478 1476 2508; x_wconf 86' lang='lat' dir='ltr'><strong>tantum</strong></span> <span class='ocrx_word' id='word_1_308' title='bbox 1499 2474 1596 2508; x_wconf 87' lang='lat' dir='ltr'><strong>ualet</strong></span> <span class='ocrx_word' id='word_1_309' title='bbox 1614 2478 1757 2508; x_wconf 83' lang='lat' dir='ltr'><strong>terrena</strong></span> 
     </span>
     <span class='ocr_line' id='line_1_36' title="bbox 299 2518 1756 2567; baseline -0.001 -11"><span class='ocrx_word' id='word_1_310' title='bbox 299 2526 455 2566; x_wconf 86' lang='lat' dir='ltr'><strong>potestas</strong></span> <span class='ocrx_word' id='word_1_311' title='bbox 479 2523 553 2556; x_wconf 83' lang='lat' dir='ltr'><strong>nisi</strong></span> <span class='ocrx_word' id='word_1_312' title='bbox 579 2523 795 2567; x_wconf 75' lang='lat' dir='ltr'><strong>informetur</strong></span> <span class='ocrx_word' id='word_1_313' title='bbox 825 2525 857 2555; x_wconf 88' lang='lat' dir='ltr'><strong>et</strong></span> <span class='ocrx_word' id='word_1_314' title='bbox 887 2525 1036 2565; x_wconf 77' lang='lat' dir='ltr'><strong>reyatur</strong></span> <span class='ocrx_word' id='word_1_315' title='bbox 1060 2522 1289 2555; x_wconf 81' lang='lat' dir='ltr'><strong>ecclesiastica</strong></span> <span class='ocrx_word' id='word_1_316' title='bbox 1318 2521 1528 2565; x_wconf 82' lang='lat' dir='ltr'><strong>disciplina3</strong></span> <span class='ocrx_word' id='word_1_317' title='bbox 1563 2531 1594 2555; x_wconf 76' lang='lat' dir='ltr'><strong>v·</strong></span> <span class='ocrx_word' id='word_1_318' title='bbox 1621 2518 1756 2556; x_wconf 84' lang='lat' dir='ltr'><strong>Gierke</strong></span> 
     </span>
     <span class='ocr_line' id='line_1_37' title="bbox 304 2566 1755 2620; baseline 0 -18"><span class='ocrx_word' id='word_1_319' title='bbox 304 2569 383 2602; x_wconf 74' lang='lat' dir='ltr'><strong>Das</strong></span> <span class='ocrx_word' id='word_1_320' title='bbox 407 2569 569 2603; x_wconf 77' lang='lat' dir='ltr'><strong>deutsche</strong></span> <span class='ocrx_word' id='word_1_321' title='bbox 597 2568 1004 2611; x_wconf 84' lang='lat' dir='ltr'><strong>Genossenschaftsrecht</strong></span> <span class='ocrx_word' id='word_1_322' title='bbox 1027 2566 1083 2602; x_wconf 89' lang='lat' dir='ltr'><strong>iii.</strong></span> <span class='ocrx_word' id='word_1_323' title='bbox 1107 2579 1169 2620; x_wconf 87' lang='lat' dir='ltr'><strong>pp.</strong></span> <span class='ocrx_word' id='word_1_324' title='bbox 1198 2577 1274 2608; x_wconf 88' lang='lat'><strong>112,</strong></span> <span class='ocrx_word' id='word_1_325' title='bbox 1301 2568 1378 2612; x_wconf 79' lang='lat'><strong>526,</strong></span> <span class='ocrx_word' id='word_1_326' title='bbox 1406 2575 1485 2612; x_wconf 84' lang='grc'>547.</span> <span class='ocrx_word' id='word_1_327' title='bbox 1627 2577 1685 2611; x_wconf 85' lang='grc'><strong>24,</strong></span> <span class='ocrx_word' id='word_1_328' title='bbox 1711 2575 1755 2613; x_wconf 82' lang='grc'><strong>25</strong></span> 
     </span>
     <span class='ocr_line' id='line_1_38' title="bbox 309 2612 1757 2660; baseline 0 -11"><span class='ocrx_word' id='word_1_329' title='bbox 309 2616 459 2650; x_wconf 80' lang='lat' dir='ltr'><strong>Vestalis</strong></span> <span class='ocrx_word' id='word_1_330' title='bbox 478 2617 666 2659; x_wconf 74' lang='lat' dir='ltr'><strong>pontifex:</strong></span> <span class='ocrx_word' id='word_1_331' title='bbox 691 2614 731 2649; x_wconf 90' lang='lat' dir='ltr'><strong>id</strong></span> <span class='ocrx_word' id='word_1_332' title='bbox 748 2616 814 2657; x_wconf 83' lang='lat' dir='ltr'><strong>est,</strong></span> <span class='ocrx_word' id='word_1_333' title='bbox 830 2613 1005 2660; x_wconf 85' lang='lat' dir='ltr'><strong>pontifex</strong></span> <span class='ocrx_word' id='word_1_334' title='bbox 1021 2625 1225 2649; x_wconf 83' lang='lat' dir='ltr'><strong>maximus:</strong></span> <span class='ocrx_word' id='word_1_335' title='bbox 1251 2613 1297 2649; x_wconf 90' lang='lat' dir='ltr'><strong>cf.</strong></span> <span class='ocrx_word' id='word_1_336' title='bbox 1317 2613 1381 2649; x_wconf 86' lang='lat' dir='ltr'><strong>Ov.</strong></span> <span class='ocrx_word' id='word_1_337' title='bbox 1398 2614 1496 2649; x_wconf 88' lang='lat' dir='ltr'><strong>Fast.</strong></span> <span class='ocrx_word' id='word_1_338' title='bbox 1515 2612 1570 2648; x_wconf 86' lang='lat' dir='ltr'><strong>iii.</strong></span> <span class='ocrx_word' id='word_1_339' title='bbox 1587 2613 1669 2659; x_wconf 87' lang='lat'><strong>698,</strong></span> <span class='ocrx_word' id='word_1_340' title='bbox 1687 2615 1757 2659; x_wconf 91' lang='lat'><strong>699</strong></span> 
     </span>
     <span class='ocr_line' id='line_1_39' title="bbox 304 2660 1758 2705; baseline 0 -10"><span class='ocrx_word' id='word_1_341' title='bbox 304 2661 350 2696; x_wconf 89' lang='lat' dir='ltr'><strong>de</strong></span> <span class='ocrx_word' id='word_1_342' title='bbox 367 2660 463 2696; x_wconf 92' lang='lat' dir='ltr'><strong>Iulio</strong></span> <span class='ocrx_word' id='word_1_343' title='bbox 481 2661 634 2698; x_wconf 86' lang='lat' dir='ltr'><strong>Caesare</strong></span> <span class='ocrx_word' id='word_1_344' title='bbox 656 2663 745 2697; x_wconf 87' lang='lat' dir='ltr'><strong>Cum</strong></span> <span class='ocrx_word' id='word_1_345' title='bbox 768 2663 819 2697; x_wconf 89' lang='lat' dir='ltr'><strong>sic</strong></span> <span class='ocrx_word' id='word_1_346' title='bbox 843 2674 866 2696; x_wconf 89' lang='lat' dir='ltr'><strong>a</strong></span> <span class='ocrx_word' id='word_1_347' title='bbox 890 2662 996 2696; x_wconf 74' lang='lat' dir='ltr'><strong>castis</strong></span> <span class='ocrx_word' id='word_1_348' title='bbox 1017 2662 1119 2696; x_wconf 86' lang='lat' dir='ltr'><strong>Vesta</strong></span> <span class='ocrx_word' id='word_1_349' title='bbox 1144 2663 1262 2696; x_wconf 90' lang='lat' dir='ltr'><strong>locuta</strong></span> <span class='ocrx_word' id='word_1_350' title='bbox 1276 2662 1394 2705; x_wconf 79' lang='lat' dir='ltr'><strong>focis:</strong></span> <span class='ocrx_word' id='word_1_351' title='bbox 1418 2662 1472 2695; x_wconf 89' lang='lat' dir='ltr'><strong>Ne</strong></span> <span class='ocrx_word' id='word_1_352' title='bbox 1496 2661 1620 2695; x_wconf 79' lang='lat' dir='ltr'><strong>dubita</strong></span> <span class='ocrx_word' id='word_1_353' title='bbox 1640 2662 1758 2696; x_wconf 72' lang='lat' dir='ltr'><strong>memi-</strong></span> 
     </span>
     <span class='ocr_line' id='line_1_40' title="bbox 304 2706 1758 2754; baseline 0.001 -13"><span class='ocrx_word' id='word_1_354' title='bbox 304 2706 425 2742; x_wconf 83' lang='lat' dir='ltr'><strong>nisse!</strong></span> <span class='ocrx_word' id='word_1_355' title='bbox 442 2720 539 2742; x_wconf 84' lang='lat' dir='ltr'><strong>meus</strong></span> <span class='ocrx_word' id='word_1_356' title='bbox 544 2710 625 2753; x_wconf 84' lang='lat' dir='ltr'><strong>fuit</strong></span> <span class='ocrx_word' id='word_1_357' title='bbox 637 2710 697 2744; x_wconf 85' lang='lat' dir='ltr'><strong>ille</strong></span> <span class='ocrx_word' id='word_1_358' title='bbox 709 2710 869 2744; x_wconf 86' lang='lat' dir='ltr'><strong>sacerdos</strong></span> <span class='ocrx_word' id='word_1_359' title='bbox 882 2721 890 2750; x_wconf 89' lang='lat'>;</span> <span class='ocrx_word' id='word_1_360' title='bbox 912 2707 1003 2743; x_wconf 89' lang='lat' dir='ltr'><strong>ibid.</strong></span> <span class='ocrx_word' id='word_1_361' title='bbox 1015 2720 1046 2743; x_wconf 90' lang='lat' dir='ltr'><strong>v.</strong></span> <span class='ocrx_word' id='word_1_362' title='bbox 1059 2717 1136 2754; x_wconf 79' lang='lat'><strong>573,</strong></span> <span class='ocrx_word' id='word_1_363' title='bbox 1152 2717 1219 2753; x_wconf 85' lang='lat'><strong>574</strong></span> <span class='ocrx_word' id='word_1_364' title='bbox 1231 2708 1277 2743; x_wconf 89' lang='lat' dir='ltr'><strong>de</strong></span> <span class='ocrx_word' id='word_1_365' title='bbox 1290 2707 1418 2742; x_wconf 87' lang='lat' dir='ltr'><strong>eodem</strong></span> <span class='ocrx_word' id='word_1_366' title='bbox 1432 2706 1566 2742; x_wconf 84' lang='lat' dir='ltr'><strong>dixisse</strong></span> <span class='ocrx_word' id='word_1_367' title='bbox 1579 2709 1758 2743; x_wconf 86' lang='lat' dir='ltr'><strong>narratur</strong></span> 
     </span>
     <span class='ocr_line' id='line_1_41' title="bbox 304 2754 1757 2800; baseline 0.001 -10"><span class='ocrx_word' id='word_1_368' title='bbox 304 2754 494 2800; x_wconf 78' lang='lat' dir='ltr'><strong>Augustus</strong></span> <span class='ocrx_word' id='word_1_369' title='bbox 511 2756 552 2790; x_wconf 87' lang='lat' dir='ltr'><strong>Si</strong></span> <span class='ocrx_word' id='word_1_370' title='bbox 568 2757 658 2790; x_wconf 82' lang='lat' dir='ltr'><strong>mihi</strong></span> <span class='ocrx_word' id='word_1_371' title='bbox 674 2757 830 2790; x_wconf 81' lang='lat' dir='ltr'><strong>bellandi</strong></span> <span class='ocrx_word' id='word_1_372' title='bbox 846 2761 954 2800; x_wconf 86' lang='lat' dir='ltr'><strong>pater</strong></span> <span class='ocrx_word' id='word_1_373' title='bbox 975 2760 1026 2789; x_wconf 84' lang='lat' dir='ltr'><strong>est</strong></span> <span class='ocrx_word' id='word_1_374' title='bbox 1049 2756 1235 2800; x_wconf 84' lang='lat' dir='ltr'><strong>Vestaeque</strong></span> <span class='ocrx_word' id='word_1_375' title='bbox 1254 2756 1415 2790; x_wconf 83' lang='lat' dir='ltr'><strong>sacerdos</strong></span> <span class='ocrx_word' id='word_1_376' title='bbox 1433 2756 1577 2790; x_wconf 78' lang='lat' dir='ltr'><strong>Auctor.</strong></span> <span class='ocrx_word' id='word_1_377' title='bbox 1627 2754 1757 2799; x_wconf 80' lang='lat' dir='ltr'><strong>Neque</strong></span> 
     </span>
     <span class='ocr_line' id='line_1_42' title="bbox 306 2800 1758 2848; baseline -0.001 -10"><span class='ocrx_word' id='word_1_378' title='bbox 306 2804 363 2838; x_wconf 84' lang='lat' dir='ltr'><strong>est</strong></span> <span class='ocrx_word' id='word_1_379' title='bbox 381 2801 427 2837; x_wconf 88' lang='lat' dir='ltr'><strong>ab</strong></span> <span class='ocrx_word' id='word_1_380' title='bbox 444 2801 515 2837; x_wconf 86' lang='lat' dir='ltr'><strong>hac</strong></span> <span class='ocrx_word' id='word_1_381' title='bbox 533 2813 573 2838; x_wconf 85' lang='lat' dir='ltr'><strong>re</strong></span> <span class='ocrx_word' id='word_1_382' title='bbox 591 2802 737 2839; x_wconf 88' lang='lat' dir='ltr'><strong>alienus</strong></span> <span class='ocrx_word' id='word_1_383' title='bbox 754 2801 819 2838; x_wconf 89' lang='lat' dir='ltr'><strong>ille</strong></span> <span class='ocrx_word' id='word_1_384' title='bbox 836 2814 960 2838; x_wconf 80' lang='lat' dir='ltr'><strong>versus</strong></span> <span class='ocrx_word' id='word_1_385' title='bbox 976 2801 1126 2838; x_wconf 79' lang='lat' dir='ltr'><strong>Horatii</strong></span> <span class='ocrx_word' id='word_1_386' title='bbox 1146 2802 1282 2848; x_wconf 86' lang='lat' dir='ltr'><strong>(Garm.</strong></span> <span class='ocrx_word' id='word_1_387' title='bbox 1297 2800 1351 2837; x_wconf 88' lang='lat' dir='ltr'><strong>iii.</strong></span> <span class='ocrx_word' id='word_1_388' title='bbox 1371 2811 1428 2846; x_wconf 88' lang='lat'><strong>30.</strong></span> <span class='ocrx_word' id='word_1_389' title='bbox 1446 2802 1478 2845; x_wconf 93' lang='lat'><strong>8,</strong></span> <span class='ocrx_word' id='word_1_390' title='bbox 1492 2801 1528 2847; x_wconf 94' lang='lat'><strong>9)</strong></span> <span class='ocrx_word' id='word_1_391' title='bbox 1547 2803 1634 2837; x_wconf 88' lang='lat' dir='ltr'><strong>dum</strong></span> <span class='ocrx_word' id='word_1_392' title='bbox 1655 2803 1758 2847; x_wconf 76' lang='lat' dir='ltr'><strong>Capi-</strong></span> 
     </span>
    </p>

    <p class='ocr_par' dir='ltr' id='par_1_9' title="bbox 417 2856 483 2889">
     <span class='ocr_line' id='line_1_43' title="bbox 417 2856 483 2889; baseline -0.015 0"><span class='ocrx_word' id='word_1_393' title='bbox 417 2856 483 2889; x_wconf 79' lang='lat'><strong>282</strong></span> 
     </span>
    </p>
   </div>
  </div>
 </body>
</html>
