1878 3172
121 163 224 199 off.
237 151 291 215 x]
605 197 607 199 .
622 156 1022 203 POLICRATICV
1024 158 1057 202 S
1590 162 1677 210 426
1695 172 1727 201 a

177 307 282 367 Cap.
304 324 342 365 9.
373 308 696 353 Testimonium
724 310 843 367 quod
865 310 1063 367 perhibet
1092 310 1302 369 Iosephus
1332 311 1516 356 Christo.

177 399 238 443 Et
274 401 451 457 quidem
489 401 596 444 haec
634 401 783 444 omnia
821 402 1060 445 rectissime
1104 403 1222 459 passi
1267 406 1373 446 sunt
1411 404 1487 460 qui
1525 405 1574 447 in

118 468 260 511 filium
299 469 382 512 Dei
421 484 578 513 manus
618 470 851 528 sacrilegas
899 471 1135 514 extendere
1174 476 1574 529 praesumpserunt,

40 551 45 555 ·
116 551 217 580 eum
231 538 495 581 testimoniis
514 539 830 595 seripturarum
851 541 896 582 et
915 539 1083 582 uirtute
1102 540 1370 582 mirabilium
1391 544 1573 598 operum

77 620 97 654 5
116 606 261 662 ipsum
296 606 522 650 Christum
553 607 731 650 Domini
763 622 855 650 esse
884 611 1116 651 constaret.
1177 609 1304 652 Vnde
1333 609 1571 667 Iosephus:

117 675 224 718 Fuit
240 678 390 719 autem
410 676 579 719 hisdem
605 677 876 733 temporibus
902 677 1027 720 Iesus
1052 678 1226 734 sapiens
1254 679 1336 728 uir,
1356 679 1394 721 si
1421 682 1572 722 tamen

114 743 262 786 uirum
277 759 377 787 eum
391 745 612 801 appellare
631 744 701 788 fas
720 748 797 787 est.
847 745 956 788 Erat
974 746 1092 788 enim
1106 747 1375 789 mirabilium
1390 762 1571 804 operum

114 813 292 856 effector
314 813 550 870 doctorque
575 813 802 856 hominum
832 829 981 857 eorum
1008 815 1084 871 qui
1110 814 1300 858 libenter
1326 831 1438 872 quae
1463 831 1571 860 uera

113 883 220 923 sunt
247 874 447 932 audiunt,
476 885 522 925 et
551 882 713 924 multos
743 882 919 938 quidem
955 883 1203 934 Iudeorum,
1238 885 1400 928 multos
1433 886 1568 928 etiam

55 966 98 990 ιο
113 964 170 992 ex
202 951 410 1007 gentibus
442 951 526 994 sibi
560 951 778 994 adiunxit.
837 950 1040 995 Christus
1070 953 1141 995 hic
1171 956 1275 996 erat.
1336 954 1468 997 Hunc
1497 969 1568 998 ac·

111 1019 337 1062 cusatione
364 1020 606 1076 primorum
640 1022 816 1063 nostrae
845 1021 991 1077 gentis
1024 1021 1233 1072 uirorum,
1264 1037 1362 1065 cum
1399 1023 1568 1067 Pilatus
1583 1026 1614 1064 b

110 1087 160 1130 in
188 1102 359 1131 erucem
385 1088 604 1145 agendum
632 1103 724 1131 esse
753 1089 1025 1139 decreuisset,
1045 1105 1134 1132 non
1160 1090 1447 1134 deseruerunt
1466 1107 1567 1134 eum

110 1156 177 1199 hii
215 1157 292 1214 qui
330 1157 388 1199 ab
426 1157 555 1200 initio
600 1172 701 1200 eum
746 1157 1004 1201 dilexerant.
1082 1159 1304 1216 Apparuit
1343 1157 1477 1202 enim'
1504 1161 1567 1204 eis

110 1226 246 1268 tertia
267 1225 338 1269 die
358 1226 519 1269 iterum
542 1226 686 1276 uiuus,
705 1226 945 1270 secundum
974 1228 1092 1284 quod
1120 1228 1336 1272 diuinitus
1361 1230 1566 1286 inspirati

53 1305 94 1340 ¹5
110 1294 351 1351 prophetae
387 1295 460 1338 uel
498 1295 605 1338 haec
642 1295 716 1338 uel
753 1295 842 1338 alia
886 1295 941 1338 de
987 1311 1037 1339 eo
1086 1297 1318 1340 innumera
1355 1299 1567 1342 miracula

110 1362 265 1408 futura
303 1378 398 1407 esse
445 1364 768 1421 praedixerant.
846 1364 935 1408 Sed
975 1368 1021 1408 et
1058 1366 1106 1408 in
1148 1366 1410 1409 hodiernum
1448 1368 1565 1410 diem

108 1431 474 1484 Christianorum,
503 1433 580 1490 qui
619 1433 677 1476 ab
706 1448 757 1476 eo
786 1435 1028 1491 nuncupati
1058 1437 1174 1485 sunt,
1205 1438 1250 1478 et
1278 1450 1439 1479 nomen
1467 1451 1565 1494 per-

106 1503 283 1545 seuerat
309 1505 356 1545 et
382 1517 535 1560 genus.

108 1647 215 1707 Cap.
249 1662 315 1693 10.
354 1650 419 1694 De
461 1649 743 1707 Vespasiano,
771 1651 854 1708 qui
887 1651 1108 1695 claudum
1145 1655 1183 1695 et
1212 1667 1360 1696 cecum
1388 1667 1564 1697 curasse

49 1731 92 1754 20
750 1719 928 1776 ὡρίων.

162 1809 482 1867 Vespasianum
535 1825 707 1867 quoque
763 1810 926 1854 Iudeae
979 1814 1248 1854 uastatorem
1302 1814 1560 1870 patremque

103 1877 205 1929 Titi,
225 1878 578 1921 Ierosolimorum
604 1879 790 1935 piissimi
812 1880 1036 1930 enei-soris,
1057 1884 1109 1923 ut
1135 1881 1398 1937 quibusdam
1424 1883 1558 1938 serip-

101 1946 273 1990 toribus
290 1946 467 2003 placuit,
486 1947 796 1990 miraculorum
816 1948 953 2004 signis
972 1949 1029 1990 ad
1050 1948 1296 1992 faciendam
1315 1950 1558 1993 uindictam

103 2015 152 2057 in
179 2015 433 2058 nationibus
463 2015 546 2058 Dei
580 2015 746 2072 digitus
776 2017 999 2059 excitauit.
1059 2017 1212 2074 Ipsum
1241 2033 1430 2074 namque
1459 2034 1557 2062 nec-

43 2099 86 2133 ²5
104 2083 211 2126 dum
258 2084 567 2140 imperatorem
616 2084 794 2140 quidam
843 2099 867 2127 e
913 2085 1038 2142 plebe
1087 2086 1328 2128 luminibus
1376 2087 1556 2130 orbatus
1575 2101 1600 2130 c

101 2151 296 2209 itemque
314 2153 428 2195 alius
452 2152 633 2195 claudus
651 2167 777 2195 crure
804 2153 959 2196 debilis
985 2154 1207 2196 sedentem
1233 2169 1315 2210 pro
1342 2155 1556 2198 tribunali

99 2221 269 2279 pariter
305 2221 522 2271 adierunt,
557 2224 732 2264 orantes
771 2236 897 2278 opem
935 2222 1185 2272 ualitudini,
1225 2237 1275 2265 eo
1315 2223 1432 2279 quod
1471 2224 1555 2267 sibi

99 2289 217 2333 foret
244 2290 292 2332 in
322 2290 467 2347 quiete
493 2292 787 2332 monstratum
818 2290 964 2333 oeulos
992 2291 1285 2333 restituendos
1313 2291 1350 2334 si
1380 2306 1452 2334 eos
1481 2293 1555 2336 ille

98 2359 343 2416 inspiceret,
379 2361 424 2401 et
457 2372 557 2401 crus
592 2357 725 2400 debiJi
755 2358 1049 2401 roborandum
1079 2360 1116 2401 si
1151 2359 1263 2401 illud
1296 2360 1555 2417 dignaretur

9 2427 13 2430 ’
38 2443 83 2476 30
98 2427 214 2471 ealce
233 2428 498 2484 contingere.
557 2426 799 2469 Orantibus
818 2427 970 2470 amicis
995 2428 1164 2471 inuitus
1188 2428 1290 2471 licet
1315 2431 1552 2486 utrumque

1323 2541 1383 2573 (uel
1395 2541 1519 2574 domini)

100 2583 118 2610 1
131 2578 215 2619 post
228 2572 408 2620 Iosephus
420 2575 503 2609 add.
517 2572 564 2609 de
578 2572 603 2608 S
616 2573 659 2608 in
670 2573 771 2609 rubr.
784 2583 862 2626 cap:
873 2575 1041 2618 praefixa
1111 2619 1120 2628 ο
1144 2582 1162 2620 5
1182 2573 1351 2620 Domini]
1370 2575 1482 2612 deum
1493 2577 1528 2612 A
1542 2590 1551 2613 :

95 2620 210 2656 deum
225 2620 267 2656 Π
382 2629 403 2665 7
428 2619 596 2666 apellare
614 2618 638 2655 S
753 2629 794 2664 13
819 2618 860 2654 111
875 2619 950 2655 ΑΜ
1060 2620 1178 2668 emm]
1193 2623 1320 2657 autem
1338 2621 1378 2658 M

141 2713 166 2749 6
189 2713 281 2748 Fuit
296 2739 305 2748 .
325 2738 334 2747 .
354 2740 363 2749 .
375 2723 490 2757 genus
506 2711 591 2756 (426
602 2711 665 2756 b):
689 2710 822 2748 Euseb.
841 2722 930 2748 vers,
949 2710 1083 2747 Ruffin.
1105 2711 1133 2748 ἰ.
1152 2722 1206 2757 14.
1318 2723 1360 2749 21
1385 2715 1550 2760 Vespasi-
1624 2703 1628 2706 ’

97 2770 207 2794 anum
224 2761 318 2796 etc.:
343 2770 376 2796 v.
394 2758 498 2796 Suet.
519 2760 622 2804 vesp.
639 2760 671 2795 8.

1398 2831 1440 2872 83
