1878 3172
90 159 192 194 on.
205 145 310 206 xx1]
602 142 1037 190 POLICRATIGVS
1558 149 1641 191 444
1661 150 1688 182 c

91 266 169 310 sed
186 266 235 308 in
253 265 392 323 ipsius
410 266 718 320 retorqueatur
730 265 964 306 auctorem.
1014 260 1244 303 Possibilia
1263 259 1413 316 itaque
1427 261 1545 309 sunt,

91 349 205 392 quae
218 347 459 390 numquam
475 332 630 375 futura
643 334 771 383 sunt;
800 345 911 387 quse
926 330 976 380 si,
991 329 1096 386 quia
1107 343 1196 371 non
1212 332 1355 378 erunt,
1370 328 1547 370 euenire

91 417 183 446 non
223 406 413 460 possent,
450 414 728 458 nequaquam
765 398 991 456 possibilia
1034 397 1296 440 dicerentur.
1374 396 1547 438 Nauale

92 470 310 528 siquidem
335 470 499 513 bellum
524 469 631 519 fieri,
651 469 759 511 item
785 482 875 510 non
900 466 996 509 fieri
1022 465 1229 523 possibile
1254 468 1333 514 est,
1356 465 1546 507 alterum

45 548 76 594 ‘5
94 543 243 583 tamen
260 539 476 596 praesciso
494 542 540 582 et
558 537 847 581 determinate
866 549 1022 578 uerum
1041 537 1109 578 est
1128 537 1174 577 et
1193 534 1469 591 praescitum.

93 687 200 744 Gap.
222 699 288 729 21.
328 686 408 729 A‘n
430 685 604 742 possim
637 698 669 727 a
702 683 790 726 Deo
822 682 933 726 sciri
960 696 1075 738 quae
1101 695 1197 724 ‘non
1225 680 1469 729 minutum
1507 682 1592 725 etd

209 756 326 813 quod
345 769 501 798 rerum
519 753 801 797 mutabilitas
818 752 860 795 ei
874 765 1163 807 nequaqwam
1181 754 1240 792 est
1259 748 1516 806 infliyenda
1528 766 1547 798 ;

209 828 247 866 σε
274 823 394 880 quod
412 823 534 866 idem
552 826 610 866 est
628 822 828 871 scientia,
842 819 1156 876 praescientia,
1178 818 1422 874 dispositio,
1442 831 1549 873 pro·

209 891 437 941 avidentia,
457 889 810 947 praedestinatio
821 907 840 938 ;
869 892 909 931 d
934 887 1052 943 quod
1077 901 1192 930 uera
1216 886 1407 943 infinita
1431 888 1551 935 sumt,

38 984 80 1008 10
209 965 262 1005 ut
288 975 509 1004 numerus
533 974 689 1003 eorwm
714 972 809 1001 non
835 960 966 1014 queat
995 955 1157 1012 auyen‘
1186 955 1259 999 uel
1287 955 1479 1003 minu&
1513 958 1551 997 et

210 1029 329 1086 quod
342 1028 642 1085 prouidentia
660 1027 843 1070 nullam
861 1023 1157 1068 necessitatem
1175 1023 1305 1068 rebus
1327 1023 1525 1066 inducit.

154 1120 243 1164 Sed
281 1134 377 1163 ecce
414 1119 503 1162 iam
542 1118 724 1161 alterius
762 1116 1034 1160 difficultatis
1072 1118 1349 1159 succrescunt
1378 1129 1554 1165 cornua,

96 1192 143 1233 et
180 1202 452 1246 quocumque
489 1202 560 1230 1116
597 1190 783 1235 uertam,
822 1199 967 1228 errore
1004 1184 1159 1227 uideor
1195 1184 1434 1226 inuolutus.
1505 1182 1554 1224 Si

97 1257 215 1301 enim
249 1271 361 1314 quse
382 1271 471 1299 non
505 1259 611 1299 sunt
644 1269 724 1298 nec
757 1257 899 1303 erunt,
930 1268 1023 1296 aese
1056 1257 1252 1309 possunt,
1281 1251 1479 1309 profecto
1509 1255 1555 1293 et

39 1342 81 1378 15
98 1326 220 1369 Deus
251 1328 397 1383 potest
426 1325 535 1368 scire
566 1324 683 1380 quod
716 1338 806 1382 non
838 1322 933 1372 scit,
962 1325 1042 1364 aut
1069 1336 1121 1364 eo
1149 1322 1381 1378 ignorante
1410 1323 1557 1377 potest

98 1394 267 1452 aliquid
303 1394 488 1437 euenire.
548 1393 721 1435 Bellum
760 1406 949 1448 namque
988 1390 1146 1432 nauale
1180 1390 1297 1446 quod
1331 1404 1420 1432 non
1459 1389 1556 1439 erit,

98 1463 213 1506 sicut
231 1466 278 1507 et
299 1463 406 1520 geri,
425 1462 487 1505 sic
511 1464 556 1504 et
578 1476 606 1504 a
630 1461 885 1518 gerentibus
910 1459 1011 1502 sciri
1035 1462 1191 1515 potest.
1253 1458 1380 1511 Quod
1401 1458 1555 1514 utique

99 1535 146 1575 et
163 1546 256 1575 esse
271 1535 322 1575 et
339 1531 441 1574 sciri
460 1534 606 1588 potest
630 1530 687 1572 ab
713 1529 901 1579 homine,
919 1528 1135 1584 numquid
1161 1543 1188 1569 a
1215 1527 1309 1570 Deo
1334 1527 1436 1570 sciri
1464 1541 1554 1569 non

99 1600 277 1658 potest?
330 1599 380 1642 Si
415 1614 519 1657 ergo
550 1601 697 1655 potest
730 1598 850 1640 Deus
882 1597 992 1640 scire
1022 1597 1139 1653 quod
1167 1611 1256 1638 non
1284 1596 1379 1646 scit,
1407 1599 1554 1652 potest
1568 1605 1649 1645 445
1667 1607 1697 1635 a

42 1693 86 1717 20
100 1668 255 1726 utique
293 1671 339 1711 et
375 1682 465 1710 non
502 1667 612 1710 scire
650 1667 767 1724 quod
800 1666 894 1716 scit,
930 1680 980 1708 eo
1014 1665 1131 1722 quod
1163 1665 1555 1708 contrajacentium

100 1737 233 1780 simul
250 1736 373 1779 11111111
390 1736 530 1793 possit
548 1750 641 1778 esse
658 1735 852 1785 scientia,
870 1749 970 1777 cum
997 1734 1185 1776 alterum
1204 1748 1355 1776 eorum
1375 1748 1556 1790 semper,

100 1819 152 1848 eo
174 1805 293 1862 quod
319 1804 523 1847 ueritatis
549 1804 797 1846 substantia
819 1806 977 1853 careat,
1000 1803 1061 1845 sit
1086 1803 1326 1844 obnoxium
1356 1802 1555 1844 falsitati.

100 1874 236 1916 Porro
273 1873 598 1915 mendaciorum
635 1872 759 1914 nulla
802 1871 986 1914 scientia
1024 1874 1102 1913 est.
1179 1871 1407 1923 Quomodo
1452 1885 1556 1927 ergo

100 1941 284 1984 edentia
309 1940 597 1982 immutabilis
622 1943 701 1990 est,
723 1940 794 1982 cui
819 1940 1018 1982 decessus
1044 1954 1191 1981 rerum
1216 1942 1364 1995 potest
1386 1939 1481 1981 fieri
1511 1943 1557 1981 et

44 2029 86 2063 ²⁵
102 2023 309 2059 1166668118,
342 2023 455 2064 quse
491 2011 638 2064 potest
675 2008 879 2064 ignorare
910 2007 1027 2063 quod
1057 2008 1141 2050 scit
1178 2011 1258 2049 aut
1296 2007 1405 2049 scire
1440 2007 1557 2063 quod

101 2077 270 2120 nescim
328 2076 454 2128 Quod
486 2076 524 2118 si
558 2090 654 2118 eam
691 2075 950 2118 uariabilem
988 2089 1081 2117 esse
1119 2075 1364 2131 recipimus,
1398 2075 1557 2117 Iacobo

101 2146 377 2195 reclamante,
415 2145 503 2186 iam
535 2144 653 2200 apud
692 2158 792 2186 eum
826 2147 894 2186 est
930 2143 1121 2185 uariatio
1156 2147 1202 2185 et
1239 2143 1557 2186 uicissitudinis

101 2214 391 2262 obumbratio,
409 2216 455 2255 et
473 2216 601 2269 pater
622 2212 839 2254 luminum
858 2226 951 2254 esse
969 2211 1153 2261 desistit,
1173 2211 1211 2253 si
1230 2211 1421 2253 elabitur
1439 2212 1557 2268 quod

102 2350 128 2384 4
145 2345 228 2385 post
242 2339 337 2375 item
353 2340 436 2374 add.
455 2348 528 2383 que
545 2336 611 2372 SM
754 2345 772 2382 5
796 2334 976 2382 premisse
994 2334 1069 2371 (ΡΑ
1218 2344 1239 2379 7
1263 2346 1458 2381 nunquam
1475 2334 1500 2371 S
1517 2338 1558 2371 in

104 2389 203 2423 rubr.
221 2399 262 2422 oa
290 2413 298 2420 .
309 2387 430 2439 praef.
541 2394 583 2420 12
606 2382 934 2436 subcrescunt-MS
1056 2384 1098 2419 18
1122 2381 1209 2418 sciri
1225 2393 1249 2417 a
1265 2382 1335 2418 deo
1353 2383 1392 2418 M
1511 2393 1555 2420 21

103 2432 263 2470 scientia
294 2432 455 2468 hcentm
469 2431 510 2467 M
651 2440 696 2465 22
720 2430 925 2466 obnonum
940 2429 992 2465 sit
1006 2428 1041 2464 A
1412 2446 1416 2450 ·

153 2557 175 2593 3
198 2548 341 2583 Nouate
356 2547 485 2582 bellum
501 2546 596 2581 etc:
621 2556 654 2579 v.
671 2543 732 2578 Ar.
752 2545 795 2578 de
810 2544 948 2588 Inter-p.
966 2555 998 2579 c.
1017 2553 1040 2588 9
1057 2543 1151 2588 (1911
1168 2553 1214 2588 30
1226 2542 1359 2589 seqq.).
1534 2544 1558 2579 6

109 2594 197 2640 Gap.
230 2604 300 2630 21:
334 2592 427 2629 Cum
453 2604 535 2638 cap.
566 2601 607 2628 21
637 2590 684 2627 cf.
716 2589 922 2634 Absilardi,
952 2591 1100 2626 Dialem
1131 2589 1180 2626 ΙΙ.
1209 2593 1321 2626 Amul.
1353 2591 1471 2626 Prior.
1499 2590 1555 2626 iii.

108 2642 213 2677 Ouvr.
231 2642 331 2676 Ineil.
349 2652 386 2686 p.
405 2641 475 2684 289
494 2640 611 2684 seqq.)
629 2635 849 2684 praesertim
869 2636 935 2672 ubi
958 2636 1120 2683 legimus
1143 2639 1242 2673 Licet
1257 2639 1354 2673 em'm
1375 2648 1489 2683 usque
1509 2638 1558 2673 ad

105 2689 239 2732 διῄει-ες
275 2686 323 2723 cf.
352 2686 468 2722 etism
494 2685 659 2722 eiusdem
684 2685 822 2719 Introd.
846 2686 895 2719 ad
930 2685 1050 2720 Theoi.
1076 2684 1132 2721 iii.
1157 2685 1220 2731 (ed
1243 2684 1380 2720 Cousin
1407 2696 1444 2730 p.
1475 2684 1557 2729 142)

105 2733 174 2818 111ἓέ
189 2733 400 2770 Aristotelis
415 2732 630 2779 exemplum
646 2732 693 2768 de
708 2730 808 2767 bello
823 2729 949 2767 navali
965 2731 1071 2767 citat.
1285 2734 1331 2768 26
1354 2733 1503 2768 Iacobo:
1526 2743 1558 2774 v,

172 2808 181 2817 .
199 2791 225 2816 1.
246 2789 300 2826 17.

1389 2842 1452 2875 115
