1878 3172
158 151 230 199 381
249 161 285 190 a*
365 116 374 128 ⁴
613 145 873 190 IOANNIS
914 143 1434 189 SARESBERIENSIS

295 266 413 320 Quid
442 266 616 323 sapiens
646 266 784 309 stulto
813 265 972 316 differt,
1001 265 1108 322 quid
1137 278 1329 321 paupere
1358 264 1495 317 diue8‚

352 335 469 388 Quid
498 335 658 378 misero
687 334 810 387 felix,
841 335 878 377 si
909 334 1027 391 sapis
1058 348 1154 377 ecoe
1183 333 1319 376 uides.

294 404 343 447 Si
373 404 511 448 fuerit
539 404 695 456 laetus,
721 404 868 447 oculos
898 418 1112 460 auresque
1141 403 1332 446 libenter

293 491 297 495 ·
351 474 557 530 Exponet
585 473 717 530 nugis
747 472 936 516 forsitan
965 472 1040 515 ille
1069 472 1172 516 tuis.

295 542 368 587 Sic
397 543 537 600 igitur
565 557 707 599 nugas
736 556 928 599 sparges,
958 556 1014 584 ne
1042 541 1191 584 taedia
1219 541 1419 599 gignant,

209 609 213 615 ’
353 612 476 665 Quae
506 612 636 654 rebus
666 611 795 654 laetis
825 613 931 653 sunt
960 611 1140 654 inimica
1169 610 1312 654 nimis.

295 680 344 723 Si
373 681 498 723 iubet
526 683 579 722 ut
610 695 752 737 nugas
781 680 933 737 agites,
963 694 1131 736 nugare
1161 679 1390 722 decenter:

247 756 276 794 b
353 749 471 792 Nam
499 749 584 792 sibi
613 764 693 806 per
721 763 863 806 nugas
892 748 1007 791 seria
1035 748 1184 791 credet
1213 748 1298 806 agi.

294 819 490 861 Vtilibus
519 833 672 875 nugas,
702 818 764 861 sic
794 820 919 874 aptes
949 817 1064 860 seria
1091 817 1220 868 ludis,

350 888 413 930 Vt
435 887 519 931 tibi
549 887 609 930 sit
636 887 843 943 grauium
872 886 996 928 nulla
1025 886 1223 929 timenda
1246 901 1417 931 manus.

293 957 342 1001 Si
372 957 496 1000 iubet
525 960 577 1000 ut
606 960 764 1007 taceas,
794 959 944 999 statua
973 956 1238 999 taciturnior
1267 959 1375 1009 esto,

351 1026 445 1070 Nec
474 1026 664 1069 redimas
693 1026 831 1083 signis
860 1026 998 1068 uerba
1026 1028 1190 1083 negata
1219 1025 1314 1069 tibi.

294 1146 408 1191 Cum
438 1147 626 1190 satiatus
656 1147 753 1200 erit,
784 1147 856 1190 uel
885 1161 986 1190 cum
1015 1147 1183 1190 maiora
1212 1147 1447 1200 uocabunt,

351 1217 443 1260 Ora
471 1217 712 1260 conductus
742 1216 873 1259 detur
902 1219 954 1259 ut
984 1216 1087 1259 inde
1117 1216 1213 1260 tibi.

294 1285 317 1328 1
347 1286 473 1337 citus,
502 1288 636 1342 atque
665 1285 783 1338 redi3
821 1300 877 1328 ne
902 1299 1089 1341 quorum
1118 1299 1296 1342 carpere
1325 1299 1467 1342 nugas

352 1355 500 1398 Ausus
530 1369 587 1405 es,
617 1354 824 1411 infligant
853 1354 943 1396 tela
972 1368 1208 1410 necemque
1237 1357 1410 1411 parent.

295 1425 444 1467 Vnum
474 1425 700 1467 discedens
730 1427 897 1468 secreta
926 1424 1077 1481 profer
1105 1425 1154 1467 in
1183 1439 1315 1468 aure:

353 1494 572 1550 Quicquid
602 1496 739 1551 agant
767 1494 856 1545 alii,
888 1496 941 1537 tu
970 1509 1137 1537 memor
1166 1498 1260 1537 esto
1289 1495 1370 1539 tui.

296 1562 504 1619 Quaeque
533 1577 634 1605 earo
664 1562 857 1614 faenum,
885 1564 965 1606 flos
995 1562 1115 1606 faeni
1145 1563 1287 1621 gloria
1316 1563 1472 1615 carnis,

353 1632 476 1675 Haec
504 1632 640 1675 nichil
671 1635 759 1675 est:
802 1632 966 1676 nichilo
995 1633 1102 1689 quid
1131 1634 1279 1676 minus
1308 1648 1401 1677 esse
1430 1635 1607 1691 potest?

295 1700 481 1743 Munera
510 1700 717 1744 fortunae
746 1701 916 1745 uiscata
944 1705 1081 1759 puta3
1127 1702 1340 1745 uitiorum

353 1769 533 1813 Semina
562 1774 678 1821 sunt,
709 1771 920 1814 scelerum
950 1772 1124 1828 pabula,
1153 1772 1310 1815 mortis
1339 1773 1438 1816 iter.

254 1851 278 1882 c
296 1839 413 1882 Sunt
441 1839 599 1896 laquei,
629 1843 734 1883 sunt
763 1841 960 1893 insidiae,
989 1845 1095 1884 sunt
1123 1842 1272 1885 toxica
1300 1843 1470 1896 mortis,

354 1908 498 1962 Quam
527 1924 617 1951 non
647 1909 871 1967 effugient,
902 1925 1011 1967 quos
1041 1911 1123 1953 dea
1152 1925 1280 1954 caeca
1308 1911 1426 1955 colit.

296 1979 424 2032 Quod
454 1978 636 2022 fortuna
666 1980 801 2033 dedit,
831 1984 877 2024 et
906 1981 1024 2037 quod
1053 1981 1189 2033 dabit,
1221 1985 1288 2025 est
1319 1983 1526 2034 alienum,

351 2047 540 2091 Auferet
568 2049 650 2092 hoe
679 2052 836 2103 totum,
866 2065 967 2094 eum
996 2052 1117 2094 uolet
1146 2052 1254 2109 ipsa,
1285 2052 1382 2097 tibi.

295 2117 426 2160 Retia
454 2118 660 2174 pennatis
688 2123 915 2176 nequeunt
943 2121 1147 2177 praeuisa
1177 2136 1345 2175 nocere,

352 2186 420 2229 Tu
449 2201 749 2244 quaecumque
778 2189 914 2241 uides,
944 2190 1058 2233 retia
1087 2191 1248 2234 mentis
1277 2192 1404 2236 habe.
1431 2246 1438 2251 ,

296 2255 427 2298 Retia
455 2258 561 2299 sunt
590 2271 890 2315 quaecumque
918 2259 1056 2312 uides,
1085 2260 1395 2318 hominemque
1424 2260 1630 2318 ligatum'

352 2324 425 2366 Ad
453 2325 659 2368 miseram
687 2330 875 2369 mortem
904 2343 984 2385 per
1012 2329 1130 2372 mala
1160 2344 1358 2386 quaeque
1387 2330 1586 2374 trahunt.

296 2392 511 2444 Forsitan,
542 2398 551 2416 ‘
565 2394 682 2437 unde
711 2395 795 2438 tibi
825 2396 959 2439 datur
987 2397 1095 2441 haee
1124 2398 1363 2442 andusia?
1402 2401 1585 2455 quaeret
1597 2412 1608 2451 ;

278 2491 280 2493 >
353 2461 483 2504 Dices
513 2467 522 2484 ‘
535 2463 599 2504 nil
629 2466 830 2508 metuens
859 2466 1008 2509 omnia
1036 2469 1163 2510 tutus
1192 2468 1312 2525 agit.’

298 2577 343 2612 26
367 2574 436 2611 illa
452 2575 491 2610 M

343 2680 365 2715 8
388 2680 485 2714 Nam
499 2682 569 2715 sibi
588 2682 676 2717 ete:
702 2680 749 2716 ef.
768 2680 895 2717 Sidon.
911 2681 1035 2728 Apoll.
1052 2684 1124 2728 Ep.
1141 2682 1166 2719 i.
1184 2692 1217 2728 9.
1318 2692 1360 2728 19
1387 2683 1550 2728 Quaeque
1565 2693 1648 2718 caro
1665 2684 1755 2719 eta:

296 2725 343 2762 Is.
359 2725 409 2761 xl.
426 2727 459 2762 6.
617 2738 659 2764 21
686 2729 843 2764 Munera
850 2731 1028 2772 fortunae
1043 2732 1205 2766 uiso-ata:
1232 2729 1279 2766 cf.
1297 2729 1381 2766 Sen.
1393 2731 1465 2776 Ep.
1483 2729 1509 2766 i.
1526 2730 1548 2766 8
1567 2731 1585 2775 §
1605 2740 1638 2776 3,
1656 2729 1766 2767 Fun.-

295 2775 366 2820 ΕΡ.
383 2773 433 2809 ix.
451 2784 498 2819 30
516 2775 534 2819 §
554 2784 587 2811 2.
731 2784 775 2820 27
800 2777 905 2812 Retia
921 2778 1011 2814 ete:
1041 2776 1149 2814 Prov.
1167 2776 1193 2813 i.
1213 2786 1268 2822 17.

367 2868 374 2876 ·
404 2849 427 2881 4

1777 908 1820 933 10

1777 1306 1818 1341 15

1777 1654 1821 1678 20

1778 2003 1820 2037 ²5

1775 2351 1825 2384 30·
