1878 3172
140 149 223 198 428
241 147 272 188 d
615 143 876 189 IOANNIS
917 142 1430 187 SARESBERIENSIS
1463 104 1473 117 ο
1587 142 1699 205 [Lm.
1715 154 1754 187 Π

290 263 501 307 animales
530 250 733 314 uirffies,
759 263 925 306 scilicet
953 277 1117 313 sensus,
1145 262 1221 319 qui
1251 261 1461 305 dicuntur
1488 262 1680 320 corporis
1710 264 1756 306 et

288 337 394 376 sunt
423 334 607 383 animae,
637 333 880 389 quiescunt,
911 332 988 375 sed
1019 331 1244 374 naturales
1273 331 1577 375 intenduntur.
1637 331 1754 376 Con-

286 404 425 461 tingit
458 402 638 445 interim
671 405 724 445 ut
760 402 934 444 animus
969 401 1162 458 corporis
1202 401 1412 444 exercitio
1446 401 1668 444 releuatus
1706 401 1755 443 in

287 473 480 529 seipsum
510 472 693 514 liberius
722 471 884 521 redeat,
915 473 959 513 et
988 470 1224 513 ueritatem
1254 484 1371 513 nunc
1405 485 1484 527 per
1513 470 1680 528 figuras
1710 472 1756 512 et

289 542 515 599 enigmata
560 555 678 583 nunc
723 540 980 582 immediata
1026 539 1139 582 facie
1179 539 1384 582 licentius
1423 540 1755 596 contempletur.
1775 552 1794 585 5

290 611 419 664 Quod
455 613 500 653 et
531 610 658 652 illum
693 624 782 652 non
817 609 963 660 latuit,
999 609 1076 665 qui
1111 608 1284 665 sompni
1323 608 1565 666 depingens
1603 610 1756 665 portas

289 680 474 722 alteram
501 680 751 729 eburneam,
781 678 967 721 alteram
997 692 1201 720 corneam
1230 677 1387 730 finxit3
1416 692 1516 721 cum
1545 679 1591 720 et
1619 691 1756 720 cornu

288 750 348 792 sit
368 749 571 806 peruium
591 748 720 798 uisui,
742 748 818 804 qui
839 762 929 790 non
949 747 1206 803 frequenter
1225 748 1355 797 errat,
1375 749 1421 789 et
1441 747 1550 790 ebur
1569 748 1756 789 naturae

288 818 502 861 densioris
537 819 582 860 et
613 832 752 873 usque
787 817 845 859 ad
880 819 1124 859 extremam
1159 816 1424 859 tenuitatem
1454 830 1603 858 rasum
1632 815 1756 858 nullo

287 888 410 930 uisus
425 887 625 930 acumine
644 888 918 943 penetretur..
953 886 1050 929 Hoc
1066 886 1243 943 quidem
1259 885 1476 935 dentibus,
1492 885 1604 927 illud
1619 884 1756 929 oculis
1775 895 1818 919 10

288 957 534 1000 uerioribus
554 956 741 999 similius
762 959 852 1008 est3
881 956 984 999 hinc
1004 970 1112 998 uera
1132 955 1312 1006 somnia,
1333 955 1436 998 hinc
1456 954 1572 998 falsa

591 1042 648 1084 ad
678 1042 819 1085 celum
849 1042 1039 1084 mittunt
1068 1041 1288 1084 insomnia
1316 1055 1480 1084 manes.
1543 1070 1548 1077 »

318 1168 425 1225 Cap.
452 1177 517 1223 15.
563 1168 628 1211 De
657 1166 876 1223 speciebus
904 1166 1199 1216 somniorum,
1229 1170 1268 1209 et
1297 1167 1456 1217 causis,
1473 1166 1656 1223 fiyuriS,
1687 1169 1726 1210 et

812 1235 1233 1293 siynfficationibus.

137 1333 224 1374 429
244 1334 275 1363 a
349 1317 467 1361 Sunt
503 1319 653 1360 autem
691 1316 858 1359 multae
897 1316 1060 1372 species
1098 1315 1378 1365 somniorum,
1407 1318 1453 1358 et
1486 1315 1753 1373 multiplices
1773 1329 1813 1362 15

290 1402 458 1438 causae,
497 1389 543 1430 et
583 1386 735 1429 uariae
780 1386 948 1442 figurae
989 1387 1034 1427 et
1077 1384 1431 1442 significationes.
1500 1384 1595 1427 Aut
1633 1386 1751 1428 enim

289 1456 567 1505 insomnium,
602 1457 682 1497 aut
711 1455 987 1512 phantasma,
1022 1457 1102 1496 aut
1137 1454 1366 1504 somnium,
1401 1456 1481 1496 aut
1515 1455 1753 1505 oraculum,

288 1527 369 1567 aut
399 1525 512 1567 uisio
545 1527 624 1567 est.

347 1594 483 1636 Porro
531 1592 750 1635 insomnia
789 1606 845 1634 ex
885 1592 1097 1634 ebrietate
1136 1591 1209 1634 uel
1255 1591 1446 1648 crapula,
1485 1594 1566 1634 aut
1614 1593 1752 1635 uariis

289 1662 565 1718 passionibus
594 1661 787 1717 corporis
815 1662 1139 1717 affectuumque
1179 1661 1445 1703 tumultibus
1480 1663 1525 1703 et
1554 1661 1751 1718 reliquiis
1771 1672 1814 1696 ²0

289 1731 607 1788 cogitationum
627 1729 981 1786 frequentissime
1002 1730 1218 1773 oriuntur.
1277 1729 1404 1772 Vnde
1428 1732 1474 1772 et
1499 1730 1614 1772 male
1633 1731 1753 1774 sanis

289 1799 536 1843 amantium
583 1799 806 1841 mentibus
846 1799 1064 1841 insomnia
1110 1813 1353 1855 numquam
1393 1798 1565 1842 desunt.
1624 1799 1754 1852 Quod

289 1869 532 1926 prudenter
551 1868 700 1910 innuit
720 1868 868 1911 Maro:

347 1949 480 1991 Anna
509 1962 642 1998 soror,
672 1962 784 2003 quae
813 1962 883 1990 me
912 1961 1167 2003 suspensam
1197 1947 1416 1990 insomnia
1445 1950 1645 1992 terrent?

348 2006 493 2048 Multa
521 2006 609 2047 uiri
638 2006 784 2047 uirtus
814 2005 961 2047 animo
990 2005 1245 2061 multusque
1274 2009 1472 2049 recursat
1770 2022 1786 2045 2
1792 2022 1810 2055 5

347 2064 493 2121 gentis
522 2064 673 2118 honos,
702 2064 859 2105 herent
889 2063 1017 2105 infixi
1047 2064 1094 2104 in
1124 2067 1298 2120 pectore
1327 2064 1481 2106 uultus

347 2123 582 2178 uerbaque,
612 2136 692 2164 nec
722 2121 940 2178 placidam
969 2121 1178 2164 membris
1208 2122 1287 2164 dat
1315 2136 1421 2164 cura
1450 2121 1654 2178 quietem.

242 2215 272 2256 b
292 2203 413 2245 Haec
437 2216 609 2259 quoque
632 2201 876 2243 dolentium
905 2203 985 2243 aut
1014 2202 1314 2258 gaudentium,
1334 2204 1414 2244 aut
1443 2216 1552 2258 quos
1580 2202 1752 2245 timoris

288 2307 311 2342 6
337 2305 459 2342 somni
476 2304 500 2341 S
646 2314 684 2340 11
713 2302 888 2350 sompnia
905 2302 1040 2339 CBAM
1187 2314 1228 2340 12
1253 2303 1468 2350 insompnia
1484 2304 1558 2340 AM
1707 2316 1750 2351 13

288 2353 548 2399 sompniorum
566 2351 700 2388 BAMS
741 2357 824 2398 post
840 2351 1071 2405 somniorum
1088 2363 1155 2387 om.
1176 2353 1216 2387 et
1233 2351 1279 2385 Al
1329 2357 1410 2397 post
1427 2351 1549 2388 causis
1565 2354 1647 2387 add.
1667 2354 1706 2388 et
1724 2352 1749 2388 S

288 2403 330 2435 in
347 2402 445 2435 rubr.
464 2412 540 2445 cap.
555 2401 675 2445 praef.
832 2407 871 2444 15
899 2398 1157 2444 sompniorum
1175 2399 1279 2434 BAM
1427 2408 1468 2443 17
1492 2398 1751 2444 insompnium

288 2447 362 2482 AM
457 2447 649 2482 fantasma
666 2445 737 2481 MP
831 2445 1046 2491 sompnium
1063 2445 1138 2480 AM
1280 2456 1324 2481 22
1348 2444 1562 2491 insompnia
1576 2445 1662 2482 AM.

341 2548 354 2573 1
395 2539 572 2572 animales
595 2539 767 2573 uirtutes:
808 2537 855 2573 cf.
885 2537 1044 2574 Pseudo·
1047 2537 1143 2583 Aug.
1172 2539 1215 2572 de
1242 2538 1384 2583 Spiritu
1407 2542 1441 2572 et
1467 2538 1615 2580 Anima,
1646 2549 1676 2574 c.
1705 2549 1749 2575 22

291 2584 388 2639 (Mig
389 2596 448 2627 ne,
466 2586 507 2619 Ρ.
525 2586 569 2619 L.
588 2583 638 2619 xl.
656 2594 721 2630 795
705 2585 753 2630 5).
849 2587 912 2631 qui
935 2587 1110 2620 dwuntur
1123 2586 1217 2621 etc.:
1242 2596 1274 2619 ν.
1302 2583 1397 2630 Aug.
1415 2586 1459 2619 de
1484 2585 1571 2620 Gen.
1590 2566 1639 2620 a’d
1661 2587 1750 2621 Litt.

289 2631 345 2668 iii.
364 2631 456 2677 5(Μ
460 2631 498 2677 ig
500 2643 558 2675 ne,
575 2633 617 2666 P.
632 2633 676 2666 L.
695 2630 819 2667 xxxiv.
839 2631 924 2677 282)
951 2631 1053 2667 alibi.
1177 2633 1199 2667 6
1225 2633 1349 2666 illum:
1375 2643 1423 2667 sc.
1442 2631 1672 2678 Vergilium,
1699 2633 1747 2669 cf.

289 2673 452 2714 Macrob.
480 2680 522 2713 de
546 2680 663 2714 Somn.
689 2680 782 2724 Scip.
800 2679 824 2713 i.
845 2690 865 2724 3
891 2679 939 2714 ad
963 2679 1026 2715 fin.
1055 2678 1175 2721 (cuius
1199 2680 1333 2714 auctor
1357 2677 1431 2714 fuit
1456 2678 1684 2725 Porphyrius
1707 2680 1748 2715 in

288 2726 398 2761 Hom.
423 2726 469 2760 Π.
497 2725 554 2766 ii).
701 2734 740 2771 15
768 2728 861 2761 Sunt
883 2731 1003 2761 autem
1027 2727 1122 2762 etc.:
1149 2738 1181 2761 v.
1209 2725 1324 2761 Macr.
1350 2727 1393 2761 de
1416 2727 1535 2762 Somn-
1559 2728 1654 2772 Scip.
1672 2726 1696 2763 i.
1714 2737 1748 2772 3.

289 2783 335 2817 24
360 2773 473 2807 Anna
490 2774 583 2809 etc.:
610 2771 721 2818 Verg.
738 2774 829 2808 Aen·
847 2772 893 2810 iv·
911 2783 943 2819 9
963 2784 1009 2818 3
1011 2781 1044 2819 5·

397 2843 440 2877 88
