1878 3172
183 141 266 191 508
286 139 315 179 d
658 138 858 182 IOANN
860 138 918 182 IS
959 137 1472 184 SARESBERIENSIS
1605 138 1715 200 [ΜΒ.
1730 149 1791 182 111

328 259 602 315 iniquissime
628 258 766 302 ferret
792 261 837 301 et
862 258 1137 302 deficientem
1162 258 1370 315 capillum
1393 273 1421 302 a
1445 259 1613 302 ceruice
1631 273 1791 302 conuo-

327 331 448 371 caret
482 328 539 371 ad
568 327 773 379 frontem,
803 328 860 371 ab
888 328 1004 370 irato
1032 328 1174 371 milite
1203 328 1244 371 ei
1274 328 1441 372 dictum
1471 331 1560 371 est:
1601 327 1792 372 Facilius

330 401 408 448 est,
424 396 570 450 Cesar,
584 401 630 440 te
650 397 824 440 caluum
844 412 938 440 non
955 412 1047 440 esse
1068 412 1201 454 quam
1220 412 1290 440 me
1310 397 1358 440 in
1378 397 1574 441 exercitu
1594 397 1792 441 Romano

330 467 566 523 quicquam
600 467 739 524 egisse
773 467 845 509 uel
884 470 1087 510 acturum
1126 481 1219 510 esse
1257 467 1469 510 timidius.
1537 466 1662 509 Idem
1700 466 1792 510 lato

259 563 280 577 .
329 536 456 579 clauo
480 550 619 592 usque
648 535 706 578 ad
729 550 886 578 manus
915 536 1138 579 fimbriato
1166 538 1308 587 utens,
1334 535 1481 579 laxius
1509 535 1792 594 cingebatur;
1811 551 1830 586 5

330 605 450 647 unde
474 605 585 648 Silla
615 605 852 662 optimates
879 605 1053 662 saepius
1076 606 1317 648 admonens
1337 605 1511 648 dicebat
1528 607 1582 647 ut
1606 619 1793 662 puerum
1864 633 1865 637 =

329 674 444 717 male
463 674 763 731 praecinctum
783 676 1001 717 canerent.
1061 674 1294 717 Praeterea
1311 674 1654 731 margaritarum
1673 674 1793 731 cupi·
1857 686 1878 731 ζμ

330 743 537 786 dissimus
553 745 660 794 erat,
676 758 796 800 quas,
811 743 983 800 pondus
998 758 1149 785 earum
1164 743 1389 786 interdum
1403 757 1540 785 manu
1554 742 1794 794 conferens,
1833 758 1836 763 ’
1854 745 1878 790 ῙΞ

330 812 618 856 discernebat.
667 811 780 856 Cum
796 827 900 870 ergo
917 811 1079 856 Cecilio
1093 812 1237 855 inuito
1251 827 1344 855 rem
1364 814 1417 855 ut
1431 811 1597 855 faceret
1615 814 1794 855 senatus
1856 825 1863 868 ξ

330 882 596 924 auctoritate
625 881 940 932 denuntiasset,
970 884 1023 924 ut
1052 882 1092 925 ei
1123 882 1371 932 uidebatur,
1392 881 1627 924 iniustam:
1662 881 1793 932 Ante,
1801 879 1828 920 '1
1854 888 1858 943 J

330 951 489 1007 inquit,
529 950 760 993 satiaberis
798 951 1064 1008 margaritis.
1133 951 1196 993 At
1234 951 1342 994 haec
1380 949 1497 993 forte
1533 952 1614 993 aut
1651 950 1796 993 aliena

332 1020 606 1062 uidebuntur
620 1021 665 1062 et
680 1034 792 1076 quae
806 1020 894 1062 uiri
910 1020 1040 1063 fortis
1054 1020 1229 1063 animus
1243 1020 1471 1063 honestius
1486 1007 1795 1063 dissimularet.
1852 1012 1878 1078 ᾗ.

181 1103 267 1143 509
288 1103 318 1132 a
334 1089 500 1132 Verum
533 1091 578 1132 et
611 1088 770 1132 famosi
804 1089 941 1131 libelli
979 1089 1033 1132 de
1073 1104 1123 1132 eo
1163 1089 1316 1147 scripti
1356 1091 1462 1132 sunt
1501 1091 1548 1132 et
1585 1087 1796 1131 iocularia

333 1159 530 1201 carmina
560 1158 608 1200 in
643 1173 744 1201 eum
778 1158 951 1215 publice
986 1158 1230 1216 diuulgata,
1259 1160 1313 1201 ut
1346 1160 1414 1201 est
1452 1157 1564 1200 illud
1602 1157 1795 1200 militum
1850 1158 1862 1208 f.

1813 1239 1831 1264 1

333 1228 380 1269 in
410 1228 638 1285 triumpho
668 1227 836 1271 Gallico
865 1227 1156 1270 celebratum:

391 1308 558 1351 Gallias
588 1307 723 1351 Cesar
743 1308 938 1364 subegit,
968 1308 1259 1351 Nichomedes
1289 1307 1494 1352 Gesarem
1506 1321 1516 1361 3

391 1367 434 1408 N
437 1366 684 1409 ichomedes
713 1380 803 1408 non
830 1365 1092 1423 triumphat
1111 1366 1186 1422 qui
1217 1367 1393 1424 subegit
1423 1365 1627 1410 Cesarem
1641 1380 1659 1418 ;-
1808 1424 1811 1427 s
1856 1418 1858 1421 ι

332 1461 383 1489 eo
428 1447 546 1503 quod
595 1447 887 1490 Nichomedes
927 1462 1006 1490 rex
1051 1447 1277 1490 Bithiniae
1323 1446 1528 1490 Cesarem
1570 1446 1797 1490 ferebatur
1850 1442 1862 1510 '3

333 1519 488 1572 stupro
518 1516 752 1573 subegisse,
777 1516 825 1558 in
848 1516 1103 1559 ulteriorem
1130 1516 1493 1567 familiaritatem,
1513 1517 1619 1559 d'um
1648 1516 1796 1559 iunior
1856 1523 1862 1562 ζ

334 1587 458 1634 esset,
478 1585 731 1628 admissum.
791 1585 1067 1627 Facilitatem
1089 1599 1261 1641 quoque
1291 1584 1464 1628 Cesaris
1492 1585 1541 1627 in
1567 1585 1795 1642 allegendo

333 1655 491 1695 senatu
512 1652 663 1696 Cicero
684 1654 816 1697 nimis
836 1654 995 1696 acriter
1019 1647 1064 1696 et
1090 1654 1237 1710 palam
1260 1654 1412 1697 irrisit.
1474 1654 1603 1705 Nam,
1615 1669 1715 1698 cum
1739 1654 1797 1697 ab
1856 1659 1861 1693 ξ

333 1722 506 1778 hospite
541 1737 621 1766 suo
657 1723 812 1766 Publio
844 1723 995 1766 Mallio
1031 1726 1263 1780 rogaretur
1290 1725 1343 1783 ut
1371 1723 1578 1780 priuigno
1613 1738 1692 1766 suo
1724 1723 1797 1766 de-

335 1791 614 1834 curionatum
645 1792 884 1848 expediret,
911 1792 976 1834 ait
1006 1792 1237 1835 assistente
1264 1791 1536 1848 frequentia:
1566 1793 1730 1835 Romae
1759 1792 1798 1835 si

336 1860 407 1902 uis
441 1861 633 1911 habebit,
668 1861 869 1918 Pompeis
904 1861 1079 1904 difficile
1111 1863 1188 1904 est.
1249 1861 1337 1904 Sed
1371 1863 1417 1904 et
1449 1861 1497 1903 in
1527 1862 1713 1918 epistola
1741 1861 1798 1904 ad

337 1929 498 1972 Gaium
531 1929 732 1973 Cassium
765 1930 1027 1973 uiolatorem
1061 1931 1290 1973 dictatoris
1324 1930 1571 1974 mordacius
1600 1931 1798 1988 scripsit:
1816 1934 1858 1975 2*

289 1993 319 2032 b
338 1998 505 2041 Vellem
541 1999 696 2042 Idibus
731 1999 905 2042 Martiis
939 2014 1009 2042 me
1043 2000 1101 2042 ad
1135 2014 1287 2042 cenam
1321 2000 1567 2050 inuitasses,
1601 1999 1799 2056 profecto

336 2068 623 2124 reliquiarum
637 2068 774 2111 nichil
790 2068 958 2119 fuisset,
964 2083 1080 2111 nunc
1092 2084 1161 2111 me
1174 2069 1385 2125 reliquiae
1397 2071 1570 2112 uestrae
1583 2072 1800 2112 exercent.

337 2137 426 2180 Sed
465 2138 707 2195 Augustus,
743 2136 948 2180 fortunae
987 2137 1117 2180 fauor
1156 2140 1201 2180 et
1233 2138 1419 2181 Romani
1452 2138 1583 2181 decus
1613 2138 1798 2195 imperii,

304 2208 307 2210 ’
336 2207 557 2249 auunculo
584 2207 700 2249 Iulio
723 2206 852 2263 longe
878 2207 1118 2284 patientior
1147 2207 1309 2250 extitit.
1370 2206 1483 2251 Cum
1513 2207 1630 2250 enim
1659 2207 1798 2251 Anto-

337 2277 450 2327 nius,
462 2279 707 2319 maternam
728 2275 821 2318 eius
840 2276 1055 2332 originem
1070 2276 1321 2332 despiciens,
1337 2290 1437 2318 eum
1452 2276 1626 2318 Affrum
1640 2289 1798 2333 genere
1815 2270 1878 2390 ΒοΞ

339 2347 384 2386 et
411 2348 573 2386 natura
595 2344 833 2400 panificum
858 2344 1033 2395 diceret,
1052 2344 1134 2387 hoc
1159 2344 1307 2387 ridens
1330 2344 1526 2401 pertulit,
1547 2347 1592 2387 et
1612 2345 1798 2387 eundem
1856 2360 1878 2418 r!

388 2451 408 2475 2
434 2442 478 2476 ab
494 2443 588 2476 irato
604 2443 716 2476 milite
734 2443 825 2477 etc.:
850 2441 944 2477 haec
968 2452 1046 2477 non
1071 2443 1202 2477 narrat
1227 2439 1439 2477 Suetonius.
1627 2449 1719 2486 4,,5
1727 2441 1799 2476 lato

340 2489 443 2523 clauo
460 2490 557 2523 etc.:
585 2501 616 2524 v.
635 2487 737 2524 Suet.
756 2490 828 2523 Iul.
847 2497 905 2533 45.
1085 2497 1106 2532 7
1131 2490 1414 2533 maryam'tarum
1431 2489 1527 2524 etc.:
1550 2499 1582 2522 v.
1602 2487 1704 2524 Suet.
1722 2489 1794 2524 Iul.
1854 2457 1878 2523 f}

340 2544 408 2578 47;
434 2546 530 2579 quae
548 2534 594 2588 de
621 2534 777 2572 Caecilii
801 2546 977 2581 responso
1003 2537 1211 2580 sequuntur
1236 2547 1314 2571 non
1339 2534 1431 2570 alibi
1454 2534 1607 2579 inveni3
1633 2534 1800 2618 cf.P1ip.

339 2583 435 2616 Hist.
453 2583 536 2616 Nat.
556 2581 606 2617 ix.
626 2591 680 2627 57.
827 2593 869 2626 14
894 2584 987 2617 illud
1004 2584 1162 2618 militum
1173 2584 1267 2619 etc.:
1294 2594 1325 2618 v.
1346 2581 1444 2618 Suet.
1463 2583 1534 2617 Iul.
1554 2592 1610 2627 49.

339 2629 568 2663 Facilitatem
596 2631 691 2665 etc.:
729 2629 894 2665 Maerob.
921 2631 994 2665 Sat.
1021 2629 1060 2664 ii.
1087 2640 1107 2674 3
1136 2629 1153 2675 ξ
1185 2640 1238 2664 11.
1390 2639 1437 2672 24
1461 2631 1502 2664 in
1526 2630 1676 2674 epistola
1700 2629 1797 2665 etc.:

341 2674 505 2710 Macrob.
519 2677 593 2711 Sat.
612 2675 652 2711 ii.
671 2686 690 2721 3
712 2675 729 2722 ξ
754 2687 805 2721 13.
955 2678 998 2712 28
1014 2678 1193 2721 fortunae
1201 2678 1340 2722 fauor
1364 2674 1390 2710 i.
1400 2677 1473 2721 e.f
1440 2677 1617 2721 fortunae
1633 2677 1813 2720 deliciae,
1775 2543 1878 2768 σέ

1847 2770 1878 2950 l

342 2733 453 2775 quern
475 2722 645 2758 vocabuli
665 2725 785 2767 fauor
809 2735 961 2759 sensum
987 2735 1063 2759 non
1091 2735 1137 2759 ex
1161 2723 1238 2759 alio
1264 2724 1417 2760 auctore
1443 2722 1605 2759 citatum
1630 2722 1798 2760 invenire
1858 2765 1862 2768 Δ

342 2768 461 2815 potui.
604 2779 649 2816 29
673 2771 857 2806 ,Antonius
874 2772 968 2807 etc.:
993 2782 1026 2806 v.
1046 2769 1146 2807 Suet.
1171 2772 1261 2816 Auy.
1276 2780 1310 2815 4.

454 2837 519 2873 2'26
