1878 3172
188 157 269 213 384
280 167 319 212 ‚a
358 190 363 196 .
657 154 918 223 IOANNIS
958 154 1474 200 SARESBERIENSIS

336 275 479 320 Nemo
507 276 648 320 sciens
677 276 803 319 illum
832 277 979 327 laedit,
1010 291 1141 333 quem
1171 276 1311 320 credit
1340 277 1555 330 amicum;

394 346 565 404 Regula
592 346 683 389 fida
713 346 869 403 nimis:
908 348 917 366 ‘
932 347 1131 403 quisquis
1161 346 1388 397 amandus,
1418 346 1562 390 amet?

337 415 459 459 Haec
489 415 717 458 hominum
740 415 968 471 *disiuncta
997 415 1109 458 solet
1138 416 1403 473 coniungere
1433 415 1577 475 corda,

394 485 489 528 Ista
517 488 663 542 potest
691 485 914 528 hominem
943 485 1174 528 conciliare
1203 485 1311 528 Deo.

338 553 435 597 Hac
464 554 573 597 duce
602 568 731 610 carpe
758 554 891 606 uiam,
918 554 1140 611 gradienti
1168 568 1297 596 nemo
1325 552 1512 605 nocebit,

397 623 455 666 Et
484 623 649 679 poteris
677 626 857 666 cunctas
886 625 1013 666 tutus
1042 623 1155 666 inire
1184 637 1352 666 manus.
1499 624 1503 626 ⁴

338 780 424 823 Illa
452 784 602 824 tamen
630 782 868 824 metuenda
896 796 1065 834 manus,
1097 796 1209 838 quae
1232 784 1404 832 tractat
1432 781 1606 839 iniquas

396 850 567 901 Sordes,
596 865 729 906 quam
757 850 983 893 maculant
1011 865 1113 893 aera
1143 851 1285 894 colore
1314 865 1405 895 suo.

338 918 442 962 Non
470 920 575 976 quia
602 919 818 976 polluitur
847 922 892 962 et
921 919 1092 976 polluit,
1122 923 1189 963 est
1219 919 1457 977 fugienda3

396 988 484 1031 Sed
514 989 721 1045 quoniam
750 1003 958 1031 nummus
987 989 1135 1032 toxica
1164 1004 1297 1032 saeua
1325 989 1452 1046 gerit.

291 1052 319 1090 b
338 1057 501 1100 Toxica
530 1060 788 1114 perpetuam
817 1058 1019 1114 paritura
1048 1057 1299 1115 famemque
1328 1058 1547 1114 sitimque,

396 1126 455 1169 Et
482 1127 687 1169 miseram
716 1127 869 1177 uitam,
899 1128 1054 1169 mortis
1084 1130 1130 1170 et
1159 1142 1287 1169 omne
1315 1142 1465 1185 genus.

337 1195 476 1238 Nulla
504 1196 629 1238 libris
658 1195 743 1238 erit
773 1199 879 1252 apta
907 1211 1065 1238 manus
1095 1196 1321 1253 ferrugine
1350 1196 1492 1239 tincta
1504 1210 1514 1248 ;

395 1265 489 1308 Nec
517 1268 747 1307 nummata
776 1268 945 1321 queunt
973 1265 1105 1308 corda
1133 1280 1290 1308 uacare
1319 1265 1457 1309 libris.

338 1333 442 1376 Non
469 1336 537 1376 est
566 1334 761 1376 eiusdem
789 1349 1078 1390 nummosque
1107 1334 1328 1390 librosque
1356 1334 1554 1391 probare,

397 1402 765 1458 Persequiturque
793 1402 929 1445 libros
957 1418 1078 1460 grex,
1109 1403 1308 1459 Epicure,
1335 1406 1454 1446 tuus.

339 1472 463 1529 Ignis
494 1471 708 1513 auaritiae
738 1486 838 1514 cum
867 1471 1048 1514 faenum
1078 1472 1221 1514 carnis
1251 1471 1412 1522 adurit,

396 1540 563 1597 Surgit,
593 1543 638 1582 et
666 1542 894 1582 aeternum
923 1541 1140 1583 construit
1168 1552 1307 1597 usque
1336 1540 1496 1584 focum.

339 1609 501 1652 Omnia
529 1623 629 1651 611111
658 1609 797 1665 possit
825 1624 982 1652 manus
1013 1610 1351 1667 Omnipotentis,
1381 1624 1541 1653 auarae

396 1678 559 1721 Mentis
588 1681 827 1735 egestatem
856 1693 946 1721 11011
975 1679 1136 1721 satiare
1165 1681 1322 1735 potest.

338 1747 442 1790 Non
471 1747 632 1789 satiare
662 1750 807 1803 potest
835 1762 993 1790 manus
1023 1748 1351 1804 Omnipotentis
1381 1762 1589 1791 auarum:

395 1817 478 1859 Dic
507 1817 617 1858 mihi
647 1817 746 1873 quis
774 1817 948 1873 poterit,
978 1817 1095 1873 quod
1124 1818 1279 1873 nequit
1307 1817 1385 1860 illa
1413 1819 1604 1860 manus?

303 1918 306 1921 -
337 1886 497 1928 Nonne
527 1885 635 1928 satis
662 1885 795 1928 miser
823 1888 900 1936 est,
931 1901 1060 1942 quem
1089 1901 1168 1929 1166
1198 1886 1319 1929 Deus
1348 1886 1442 1943 ipse
1470 1886 1600 1929 beare

394 1954 566 1997 Sufficit
583 1954 603 1995 Ρ
640 1954 826 1997 ulterius
856 1955 954 2011 quis
983 1955 1117 1997 miser
1146 1970 1238 1998 esse
1267 1957 1445 2012 potest?

337 2023 650 2080 Nummipetae
679 2038 778 2066 cum
807 2023 1016 2066 libricolis
1044 2027 1270 2081 nequeunt
1299 2024 1430 2067 simul
1460 2039 1552 2067 esse

296 2102 321 2131 c
394 2092 571 2143 Ambos,
600 2092 726 2135 crede
755 2092 877 2142 mihi,
906 2107 996 2146 non
1024 2093 1144 2150 capit
1172 2108 1262 2135 una
1291 2093 1458 2136 domus.

337 2161 454 2217 Ergo
484 2175 590 2204 caue
619 2161 811 2211 miseros,
841 2176 920 2203 nec
951 2161 1007 2203 ab
1036 2162 1105 2204 his
1135 2162 1221 2204 nisi
1250 2162 1399 2204 tristia
1428 2176 1597 2219 speres:

393 2230 511 2272 Nam
540 2229 689 2272 miseri
718 2230 872 2282 cultor,
902 2231 1000 2286 quis
1030 2230 1116 2273 nisi
1146 2231 1322 2281 stultus,
1353 2231 1470 2274 erit?

337 2298 417 2341 Est
447 2299 631 2354 antiqua
659 2298 801 2347 nimis,
833 2299 965 2342 nimis
995 2302 1062 2343 est
1093 2300 1313 2342 sententia
1342 2314 1459 2350 vera,

394 2366 537 2419 Quam
566 2368 750 2410 docuere
779 2371 939 2424 patres,
971 2369 1140 2411 Ennius
1170 2372 1304 2425 atque
1334 2368 1467 2412 Cato:

339 2548 382 2574 22
408 2538 549 2584 nequid
564 2538 598 2573 A
740 2515 900 2586 31¹'defit
918 2541 942 2577 S

1820 1010 1861 1034 10

1818 1357 1856 1389 15

1817 1706 1858 1730 20

1773 2035 1858 2083 ,2⁵

1814 2395 1858 2429 30

387 2678 430 2713 16
454 2690 551 2722 9rex,
567 2680 733 2724 Epicure,
751 2685 854 2716 tuus:
887 2692 921 2716 v.
938 2680 1026 2716 Hor.
1044 2682 1113 2726 Ep.
1131 2679 1156 2714 i.
1174 2690 1196 2724 4
1213 2680 1260 2715 ad
1277 2679 1367 2715 calc.
1464 2689 1508 2724 23
1535 2680 1664 2715 miser:
1688 2681 1798 2716 miser

337 2723 495 2769 Anglice
509 2742 542 2753 =
555 2738 701 2761 auarus.
869 2737 915 2772 30
938 2729 1089 2763 Ennius
1104 2732 1206 2774 atque
1226 2728 1333 2763 Cato:
1365 2725 1413 2763 cf.
1429 2725 1519 2762 Hor.
1535 2726 1609 2762 Ars
1624 2728 1720 2764 Poet.
1740 2728 1794 2774 56,

339 2771 433 2807 Cato
451 2773 543 2808 Dist.
562 2772 607 2808 iv.
628 2775 682 2819 16,
704 2782 757 2817 17.
1786 2774 1795 2797 ·’

451 2845 491 2869 10
