1878 3172
134 175 221 215 399
241 166 271 204 b
620 160 879 204 IOANNIS
909 125 1420 203 SARESBERIENSIS
1608 156 1716 218 [ΗΒ.
1732 168 1752 200 1

290 281 532 339 perfectam
563 284 608 324 et
636 280 877 323 maximam
908 279 1166 338 armoniam.
1231 277 1346 323 Cum
1375 293 1483 322 uero
1511 279 1559 321 in
1588 278 1753 322 eisdem

290 351 514 394 armonica
557 350 808 393 arismetica
850 348 921 391 uel
966 348 1233 405 geometrica
1276 347 1414 390 trium
1462 348 1754 391 terminorum

290 419 527 462 medietate
547 419 732 469 exultat,
745 418 985 474 semiplena
1004 416 1192 459 uictoria
1214 419 1292 459 est.
1340 416 1534 469 Quaeuis
1553 416 1754 468 aliarum,

292 489 375 531 etsi
402 489 665 545 contingant
691 487 803 530 citra
826 485 1043 542 triumphi
1070 485 1269 542 gloriam,
1289 488 1370 528 aut
1395 485 1589 528 ludentis
1617 483 1754 527 felici-

292 560 432 600 tatem
457 559 537 599 aut
563 556 674 599 artis
700 556 907 612 peritiam
934 557 1251 612 protestantur.
1312 554 1557 597 Iocundum
1578 553 1756 610 quidem
1776 574 1795 607 5

293 629 338 669 et
359 625 636 668 fructuosum
664 628 731 668 est
754 639 1038 667 numerorum
1058 638 1185 666 nosse
1205 624 1459 674 certamina,
1480 624 1556 681 qui
1577 624 1757 680 deprae-

292 695 463 738 dationi
492 694 779 737 inuem'antur
799 694 991 744 obnoxii,
1012 696 1057 736 et
1087 708 1175 750 qua
1205 693 1376 736 ratione
1406 693 1454 736 in
1482 693 1638 737 castris
1667 693 1759 735 sint

293 764 370 806 alii
391 764 589 813 tutiores,
610 763 806 806 omnium
827 763 1121 819 periculorum
1142 763 1300 820 ignari,
1320 762 1407 805 nisi
1432 762 1548 805 forte
1574 762 1757 805 circum-

293 833 418 876 uenti
439 833 495 875 ab
515 833 717 875 hostibus
737 833 1032 888 captiuentur.
1084 832 1233 874 Huius
1253 832 1485 889 uoluptate
1505 830 1758 874 certaminis

253 918 277 947 c
296 902 593 952 Tholomeum‚
622 901 939 951 Alexandrum,
967 900 1185 953 Cesarem,
1217 900 1444 952 Catonem,
1473 900 1619 958 ipsum
1651 914 1757 956 quo·
1778 917 1821 942 ιο

294 986 379 1028 que
426 971 627 1014 Samium
665 970 893 1027 grauiores
932 985 1086 1027 operas
1125 970 1313 1028 legimus
1351 973 1631 1027 temperasse,
1671 983 1759 1026 quo

294 1041 429 1083 etiam
450 1040 567 1083 inter
586 1040 828 1082 ludendum
848 1040 895 1082 id
922 1043 1116 1097 agerent,
1137 1040 1255 1083 unde
1275 1043 1422 1083 essent
1446 1038 1760 1097 philosophicis

294 1109 484 1166 negotiis
533 1109 738 1166 aptiores.
814 1109 925 1152 Alea
963 1124 1070 1152 uero
1110 1109 1255 1152 exciso
1295 1123 1431 1166 regno
1470 1109 1603 1151 Asiae
1642 1107 1761 1150 inter

295 1178 527 1220 manubias
543 1192 720 1220 euersae
740 1178 864 1220 urbis
884 1193 973 1220 non
993 1179 1075 1220 sub
1091 1193 1181 1220 una
1196 1181 1373 1220 tantum
1388 1178 1531 1235 specie
1547 1177 1761 1234 migrauit

295 1247 352 1290 ad
374 1247 574 1290 Graecos.
637 1247 755 1290 Hinc
782 1248 993 1297 thessara,
1014 1247 1217 1298 calculus,
1237 1247 1403 1297 tabula,
1423 1246 1521 1289 urio
1547 1246 1620 1289 uel
1647 1245 1759 1288 Dar·
1780 1262 1820 1296 15

295 1317 412 1359 dana
440 1331 602 1373 pugna,
623 1316 817 1368 tricolus,
838 1316 970 1368 senio,
995 1317 1270 1369 monarchus,
1291 1316 1488 1367 orbiculi,
1508 1316 1761 1367 taliorchus,

296 1386 464 1442 uulpes,
497 1400 683 1441 quorum
718 1388 859 1428 artem
892 1386 1047 1429 utilius
1082 1389 1150 1428 est
1179 1386 1399 1429 dediscere
1429 1400 1562 1442 quam
1592 1385 1760 1428 docere.

299 1454 409 1507 Quis
429 1454 655 1496 enimnon
676 1455 914 1506 erubescat,
936 1455 973 1497 si
994 1455 1125 1497 sortis
1146 1469 1250 1497 suae
1277 1454 1469 1511 gratiam
1488 1469 1578 1497 non
1599 1453 1762 1497 uirtuti

299 1522 458 1564 debeat
477 1523 553 1565 sed
573 1523 775 1566 taxillis?
825 1524 935 1576 Quis
955 1524 1111 1566 fretilli
1138 1524 1355 1589 cQam
1375 1538 1481 1566 suae
1500 1523 1762 1580 prudentiae

303 1605 392 1633 non
413 1591 560 1633 doleat
579 1591 822 1636 anteferri?
883 1593 1043 1636 Nonne
1063 1593 1172 1635 satis
1192 1593 1442 1649 improbata
1461 1596 1529 1635 est
1549 1592 1760 1649 cuiusque
1781 1610 1826 1635 πο

303 1651 415 1703 artis
435 1660 704 1713 exercitatio,
718 1676 806 1717 qua
821 1665 987 1718 quanto
1008 1662 1193 1719 quisque
1209 1662 1388 1713 doctior,
1400 1665 1528 1705 tanto
1547 1661 1763 1718 nequior?

254 1733 282 1773 d
303 1729 485 1771 Aleator
504 1729 681 1785 quidem
701 1731 843 1773 omnis
872 1731 944 1774 hic
974 1735 1053 1774 est.
1113 1731 1443 1774 Mendaciorum
1472 1730 1690 1787 siquidem
1720 1733 1766 1774 et

300 1798 594 1855 periuriorum
614 1802 758 1842 mater
778 1803 844 1842 est
871 1800 978 1853 alea,
1000 1803 1045 1843 et
1067 1815 1123 1842 ex
1143 1800 1276 1844 alieni
1302 1800 1656 1857 concupiscentia
1683 1813 1764 1843 sua

299 1868 507 1925 prodigit,
539 1871 585 1910 et
615 1868 785 1911 nullam
824 1870 991 1912 habens
1025 1869 1282 1927 patrimonii
1322 1870 1628 1922 reuerentiam,
1662 1884 1763 1912 cum

299 1937 411 1980 illud
439 1937 655 1988 effuderit,
675 1938 835 1981 sensim
856 1939 904 1981 in
931 1939 1055 1982 furta
1075 1940 1289 1982 dilabitur
1309 1942 1354 1982 et
1380 1939 1571 1996 rapinas.
1632 1939 1762 1982 Illam
1783 1955 1825 1990 ²5

300 2021 407 2048 uero
433 2006 635 2048 nonnulli
662 2006 932 2063 praeferunt,
954 2008 1001 2050 in
1031 2023 1120 2064 qua
1146 2008 1300 2051 Vlixes
1326 2008 1482 2051 lusisse
1508 2008 1686 2066 legitur,
1713 2023 1764 2051 eo

302 2075 419 2132 quod
446 2075 613 2132 ingenii
641 2075 921 2132 aliquatenus
941 2077 1083 2119 multa
1109 2077 1397 2120 meditatione
1421 2077 1614 2120 excitare
1643 2077 1766 2120 uide-

301 2147 405 2187 atur
443 2159 638 2187 acumen.
698 2145 786 2188 Sed
817 2161 873 2189 ex
907 2161 958 2189 eo
1003 2146 1138 2190 michi
1184 2146 1364 2190 uidetur
1401 2147 1627 2204 perditior,
1665 2161 1766 2190 cum

302 2213 439 2256 nichil
465 2213 687 2257 infelicius
714 2215 774 2258 sit
801 2230 933 2272 quam
960 2216 1008 2258 in
1038 2231 1100 2267 eo,
1121 2216 1168 2258 in
1188 2231 1276 2273 quo
1295 2216 1529 2259 minimum
1551 2215 1767 2272 proficias,

304 2327 325 2353 2
351 2317 596 2355 arismethica
614 2317 701 2354 GBS
871 2330 914 2356 12
939 2319 1221 2373 phylosophicis
1238 2318 1298 2356 OB
1461 2319 1504 2355 16
1527 2329 1725 2355 monarcus
1742 2317 1768 2354 S

353 2422 374 2448 2
397 2414 631 2457 yeometrica:
675 2412 759 2448 vide
794 2412 894 2458 quod
927 2412 972 2448 de
1006 2411 1263 2458 progressione
1298 2410 1531 2458 geometrica
1562 2409 1619 2445 in
1636 2410 1769 2447 tabula

305 2459 492 2495 scaccaria
517 2459 817 2495 demonstratum
842 2471 922 2496 esse
945 2462 1122 2495 narratur
1146 2471 1206 2505 ap.
1228 2458 1347 2505 Hyde,
1366 2459 1462 2512 {lisa
1490 2459 1711 2503 Shahiludii,
1728 2457 1768 2495 ii.

306 2518 344 2551 p.
360 2515 412 2551 55.
463 2505 517 2541 Cf
529 2505 656 2551 Linde,
674 2509 793 2543 Gesch.
806 2509 884 2542 und
894 2509 1018 2542 Litter.
1029 2509 1091 2542 des
1101 2507 1355 2551 Schachspiels‚
1368 2505 1393 2541 i.
1407 2515 1469 2551 pp.
1482 2515 1615 2558 4seqq3
1714 2515 1768 2559 15,

312 2563 354 2598 19
387 2554 520 2596 tabula,
551 2556 713 2589 ΐαοεὶῑῐὶ3ε
746 2554 793 2590 de
834 2555 1042 2590 tabularum
1076 2556 1115 2590 et
1151 2554 1364 2589 taxillorum
1400 2552 1502 2598 apud
1536 2552 1618 2589 aevi
1651 2552 1768 2589 medii

309 2599 543 2636 academicos
574 2601 836 2637 aestimatione
870 2601 1126 2647 comparativa
1159 2600 1206 2637 cf.
1241 2599 1432 2644 Rashdall,
1471 2600 1701 2635 Universities
1732 2601 1777 2644 of

310 2649 457 2691 Europe
473 2649 514 2682 in
531 2648 587 2682 the
603 2650 741 2684 Middle
758 2650 862 2694 Aqes,
880 2648 904 2683 i.
922 2661 958 2694 p.
977 2657 1054 2731 1295,
1065 2661 1101 2684 n.
1199 2658 1243 2683 22
1267 2647 1542 2682 Mendaciorum
1555 2648 1648 2682 etc.:
1673 2646 1768 2682 citat

312 2694 488 2730 Chaucer.
506 2695 721 2731 Pardoners
741 2697 827 2731 Tale
846 2704 922 2742 591,
915 2705 1008 2777 ,ἑ92
1174 2705 1218 2739 23
1244 2706 1289 2729 eae
1303 2695 1417 2729 alieni
1433 2695 1527 2730 etc.:
1558 2705 1591 2730 v.
1617 2692 1767 2730 Sallust.

315 2742 421 2778 Catil.
449 2750 490 2786 5;
525 2741 573 2777 cf.
598 2741 683 2779 Tac.
710 2744 827 2779 Germ.
853 2754 910 2789 31,
963 2742 1063 2779 idon.
1085 2741 1210 2788 Apoll.
1234 2740 1289 2778 iii.
1313 2750 1345 2787 5,
1365 2740 1497 2777 Ioann.
1524 2739 1668 2777 Saresb.
1700 2742 1768 2777 Vit.

312 2789 478 2825 Anselmi
493 2788 556 2825 vii.

421 2859 464 2903 36
