1878 3172
197 172 277 222 488
298 181 322 210 c
665 167 925 211 IOANNIS
965 166 1474 210 SARESBERIENSIS
1571 150 1577 156 ’
1607 166 1720 226 [ΜΒ.
1736 177 1798 210 111

337 291 417 332 aut
447 290 659 345 quattuor
687 287 813 344 paria
841 287 889 329 in
919 301 1078 330 amore.
1141 286 1238 330 Hoc
1265 287 1411 344 ipsum
1441 286 1622 330 Arbiter
1649 289 1801 330 noster

338 357 599 415 ingemiscit,
631 357 714 400 etsi
749 357 931 400 alterius
967 356 1174 399 uideatur
1207 356 1402 399 induisse
1435 370 1692 413 personam3
1734 355 1800 398 ait

339 442 479 470 enim:

513 524 687 567 Nomen
718 524 936 566 amicitiae
967 523 1003 566 si
1034 526 1251 580 quatenus
1281 523 1460 579 expedit
1489 523 1626 575 heret,

570 582 762 626 calculus
791 582 838 624 in
868 582 1022 624 tabula
1050 582 1210 624 mobile
1239 581 1363 624 ducit
1391 595 1512 638 opus

293 639 322 678 d
512 654 612 684 cum
642 640 824 683 fortuna
853 643 1014 690 manet,
1043 640 1220 682 uultum
1250 639 1438 682 seruatis
1466 638 1622 690 amici3

571 713 671 741 cum
701 698 869 750 cecidit,
899 698 1022 754 turpi
1050 697 1227 740 uertitis
1256 711 1334 740 ora
1364 697 1484 754 fuga.

513 756 634 799 Grex
663 757 758 813 agit
787 756 834 798 in
864 770 993 798 scena
1022 756 1219 806 mimum,
1249 758 1376 811 pater
1404 755 1479 798 ille
1507 756 1704 807 uocatur,

570 815 689 857 filius
718 815 801 864 hic,
831 829 990 856 nomen
1021 813 1175 855 diuitis
1204 813 1278 856 ille
1307 816 1456 865 tenet;
1867 813 1878 868 ’3

512 887 617 915 mox
646 872 722 914 ubi
753 872 959 914 ridendas
988 871 1168 914 inclusit
1196 871 1360 928 pagina
1388 874 1548 927 partes,
1820 883 1865 910 ια’

570 945 677 973 uera
706 930 822 973 redit
852 929 998 980 facies,
1028 929 1306 972 dissimulata
1334 929 1462 986 perit.

493 1077 599 1135 Cap.
631 1078 669 1122 8.
719 1077 783 1121 De
811 1076 1059 1121 ‘mundana
1088 1052 1297 1129 comedia,
1326 1077 1399 1121 uel
1427 1077 1648 1134 tragedia.
1866 1059 1878 1148 {J

1869 1160 1878 1183 a

402 1175 461 1218 Et
491 1175 668 1233 quidem
699 1175 891 1233 eleganti
920 1176 1066 1218 utitur
1098 1175 1399 1226 similitudine,
1429 1175 1534 1232 quia
1563 1174 1656 1218 fere
1683 1174 1802 1231 quic·

342 1245 449 1302 quid
468 1245 515 1287 in
535 1245 669 1287 turba
686 1245 940 1302 prophanae
954 1245 1254 1288 multitudinis
1268 1245 1419 1303 agitur
1431 1243 1651 1288 comediae
1671 1258 1804 1300 quam
1868 1240 1873 1290 J

341 1314 406 1357 rei
437 1317 588 1371 gestae
621 1314 810 1358 similius
843 1318 922 1358 est.
992 1315 1166 1366 Militia,
1201 1314 1360 1371 inquit,
1387 1317 1454 1357 est
1482 1314 1580 1356 uita
1612 1313 1803 1356 hominis
1823 1315 1870 1362 15ss

343 1397 475 1440 super
501 1386 677 1426 terram.
736 1383 810 1434 At,
840 1383 877 1426 si
904 1387 1056 1427 nostra
1085 1386 1284 1441 tempora
1313 1383 1595 1440 propheticus
1621 1382 1805 1440 spiritus
1838 1400 1844 1405 ·
1866 1379 1878 1440 ἶἸ

343 1453 623 1509 concepisset,
639 1452 859 1495 diceretur
878 1452 1052 1510 egregie
1073 1453 1177 1509 quia
1197 1453 1392 1495 comedia
1412 1456 1479 1495 est
1498 1452 1595 1495 uita
1614 1451 1805 1495 hominis

344 1536 476 1578 super
506 1524 684 1574 terram,
708 1521 786 1563 ubi
816 1521 1000 1578 quisque
1030 1522 1099 1564 sui
1131 1522 1294 1564 oblitus
1329 1536 1559 1578 personam
1595 1520 1807 1578 exprimit

343 1591 545 1633 alienam.
604 1590 692 1632 Sed
722 1589 838 1633 forte
868 1605 918 1633 eo
946 1591 1186 1647 prophetae
1215 1590 1362 1633 tendit
1388 1590 1625 1641 oraculum,
1649 1593 1702 1633 ut
1731 1604 1805 1632 eos
1855 1630 1861 1647 .-

194 1666 279 1715 489
299 1677 327 1706 a
345 1674 454 1716 quos
473 1659 670 1702 nondum
690 1662 810 1702 terra
829 1659 1068 1712 absorbuit,
1080 1659 1234 1703 doceat
1253 1660 1418 1717 iugiter
1436 1660 1641 1703 militare,
1686 1659 1804 1702 Nam
1824 1670 1842 1694 ²

345 1728 422 1784 qui
441 1728 607 1785 captiui
628 1728 839 1771 uitiorum
860 1729 1053 1786 impulsu
1077 1730 1319 1772 trahuntur
1338 1729 1395 1772 ad
1414 1743 1573 1786 penam
1594 1729 1708 1771 sicut
1727 1728 1807 1772 bos
1864 1750 1867 1782 f

345 1798 639 1840 immolandus
678 1798 735 1840 ad
773 1798 1013 1851 uictimam,
1045 1799 1257 1841 abeuntes
1295 1801 1396 1856 post
1434 1797 1808 1855 concupiscentias

346 1881 460 1919 suas,
488 1867 571 1909 etsi
601 1881 780 1924 corpore
809 1867 1048 1910 uideantur
1074 1868 1324 1911 inhabitare
1351 1867 1624 1925 superficiem
1651 1870 1807 1918 terrae,

346 1936 441 1978 uiui
462 1939 611 1979 tamen
632 1937 798 1979 absorti
815 1939 920 1979 sunt
940 1940 985 1979 et
1005 1937 1276 1980 descendunt
1292 1937 1339 1979 in
1355 1937 1576 1979 infernum
1591 1936 1806 1980 uiuentes.

347 2005 416 2056 Et,
437 2005 474 2048 si
495 2006 631 2047 alium
647 2006 858 2048 orationis
873 2006 1098 2062 sequimur
1112 2009 1300 2063 tropum,
1313 2009 1478 2049 terram
1493 2019 1806 2062 usquequaque
1826 2018 1843 2043 2
1863 2061 1868 2066 .

345 2075 602 2117 inhabitant
621 2089 808 2131 quorum
829 2076 1103 2118 conuersatio
1123 2075 1304 2118 minime
1327 2075 1374 2117 in
1394 2074 1498 2118 celis
1529 2078 1596 2117 est
1618 2088 1698 2117 nec
1721 2074 1806 2117 sibi

346 2144 492 2187 sciunt
510 2144 679 2200 aliquid
706 2144 753 2185 in
783 2144 874 2187 celo
895 2159 998 2197 esse,
1019 2147 1065 2187 et
1090 2145 1137 2187 id
1166 2145 1402 2188 dumtaxat
1428 2144 1636 2187 affectant
1659 2143 1808 2187 animo
1865 2123 1878 2221 Ξ

1870 2222 1878 2255 4

1866 2257 1878 2327 l.

347 2213 465 2269 quod
485 2213 681 2256 cernitur
700 2227 831 2269 super
847 2216 1021 2256 terram.
1081 2213 1166 2256 His
1187 2228 1359 2270 quoque
1378 2213 1540 2255 militia
1559 2212 1675 2270 iugis
1695 2212 1808 2255 indi·
1866 2221 1874 2262 ζ

347 2282 474 2332 citur,
505 2281 665 2338 quibus
696 2283 764 2336 (ut
795 2282 851 2324 ad
879 2281 1054 2325 fabulas
1083 2282 1330 2338 redeamus)
1360 2296 1439 2324 nec
1472 2281 1593 2324 unda
1620 2280 1808 2331 Tantali,
1870 2307 1871 2310 =

348 2351 458 2394 Ticii
492 2351 658 2401 uultur,
689 2353 787 2393 rota
815 2351 1014 2402 Yxionis‚
1055 2351 1260 2394 Belidum
1293 2365 1418 2403 urna,
1450 2365 1607 2393 saxum
1642 2349 1809 2407 Sisiphi
1827 2328 1878 2433 36}

349 2494 370 2519 2
395 2483 560 2519 induisse
586 2468 764 2520 uideatur
790 2483 824 2518 A
1000 2483 1054 2528 16,
1079 2491 1121 2527 17
1145 2482 1198 2519 At
1224 2481 1256 2519 si
1285 2482 1413 2519 nostra
1430 2510 1439 2519 .
1457 2508 1466 2517 .
1483 2509 1492 2518 .
1509 2480 1674 2518 hominis
1699 2492 1810 2528 super
1862 2482 1878 2534 ’3

348 2533 489 2566 terram
506 2533 546 2567 ob
562 2532 858 2567 homoeoteleuton>
874 2543 941 2567 om.
960 2530 1035 2575 OB,
1043 2533 1179 2575 forsan
1197 2530 1243 2565 A²
1365 2530 1406 2565 18
1432 2528 1513 2575 ubi]
1531 2528 1604 2564 nisi
1619 2528 1653 2563 A
1733 2557 1735 2559 .
1763 2538 1808 2574 23
1862 2534 1878 2574 '33¹¹

351 2589 462 2624 super
479 2578 615 2614 faciem
633 2578 728 2614 CBA
870 2580 916 2615 26
939 2577 981 2613 in
997 2577 1088 2614 celis
1108 2579 1164 2614 est
1180 2576 1336 2613 minime
1355 2576 1395 2612 Μ
1537 2586 1584 2621 30
1607 2574 1745 2612 ixionis
1761 2575 1794 2611 A
1857 2580 1878 2610 »ῖ-

397 2714 420 2749 4
443 2705 583 2739 Nomen
601 2706 694 2740 ete:
719 2704 872 2741 Petron.
888 2705 961 2739 Sat.
982 2702 1000 2750 ξ
1020 2704 1076 2739 80.
1268 2710 1308 2748 15
1334 2702 1473 2737 Militia
1490 2701 1582 2738 eta:
1608 2699 1674 2736 Iob
1692 2698 1754 2735 vii.
1777 2708 1816 2736 1..
1857 2601 1878 2753 {i

350 2761 395 2796 23
420 2752 485 2786 etsi
503 2751 595 2787 etc.:
621 2751 667 2788 cf.
687 2750 821 2787 Dantis
837 2752 991 2796 Inferno
1013 2748 1143 2786 xxxiii.
1165 2758 1228 2786 121
1243 2761 1344 2794 seqq.
1486 2758 1532 2792 24
1556 2749 1639 2783 uiui
1656 2749 1750 2785 etc.:
1775 2758 1808 2784 v.
1864 2756 1878 2793 “33

349 2798 459 2834 Num.
475 2797 551 2834 xvi.
568 2808 625 2843 30.
767 2800 813 2835 26
837 2799 1059 2834 conuersatio
1075 2799 1117 2833 in
1133 2798 1237 2833 celis:
1266 2794 1431 2842 Philipp.
1449 2794 1504 2830 iii.
1525 2805 1581 2831 20.
1866 2795 1873 2805 '⁴

462 2877 526 2912 190
