1878 3172
88 176 189 211 ou».
201 163 271 226 tv]
604 165 1002 211 POLICRATICV
1003 163 1039 208 S
1559 177 1638 217 419
1657 177 1685 208 c

87 284 390 328 ministrorum
420 300 579 329 manus
609 286 743 329 enixa
775 288 843 328 est
876 299 1050 342 agnam.
1108 284 1197 328 Sed
1228 287 1274 328 et
1306 285 1441 328 ianua
1474 285 1544 327 in-

86 353 262 396 terioris
307 355 411 405 edis,
451 370 568 411 quae
611 355 872 412 respiciebat
917 354 974 396 ad
1017 354 1241 404 orientem,
1285 369 1385 397 cum
1429 357 1544 397 esset

88 436 161 464 ere
191 423 331 466 solido
358 423 527 474 induta,
556 439 606 467 ac
634 424 815 481 perinde
843 423 1044 465 immensi
1073 423 1290 479 ponderis,
1319 437 1432 479 quae
1462 423 1543 465 uix

8 492 39 550 ’ἡ
86 490 249 548 uiginti
298 492 407 535 uiris
455 507 626 536 summo
672 495 833 536 conatu
880 492 1206 549 impellentibus
1254 492 1543 541 clauderetur,

50 576 70 608 5
86 558 242 602 ferreis
280 576 452 617 quoque
490 562 690 605 uectibus
733 564 779 604 et
819 562 927 604 seris
967 561 1140 603 munita
1178 575 1229 604 ac
1267 561 1453 617 pessulis
1494 561 1543 603 in

85 627 227 671 altum
265 629 465 673 demissis
502 634 728 674 teneretur
772 631 995 680 obstricta,
1034 632 1214 687 repente
1253 630 1363 672 hora
1399 629 1542 672 noctis

85 700 223 747 sexta,
242 698 386 754 prima
412 702 457 742 et
482 700 689 742 uicesima
712 700 783 742 die
808 699 980 749 mensis,
1000 699 1207 755 apparuit
1232 701 1387 755 sponte
1413 701 1539 755 pate-

86 764 217 809 facta.
275 767 364 810 Sed
390 771 436 810 et
461 771 685 812 transacto
712 769 782 811 die
810 768 924 812 festo
952 771 1053 825 post
1078 768 1248 824 aliquot
1277 768 1371 810 dies
1395 768 1539 824 prima
1553 769 1583 810 d

85 837 132 876 et
161 835 375 892 uigesima
408 837 479 879 die
513 838 674 880 mensis
712 837 990 887 Arthemesii,
1019 837 1095 893 qui
1129 836 1247 894 apud
1281 851 1361 879 nos
1395 837 1540 880 Maius

26 919 70 943 10
85 907 281 954 uocatur,
299 906 575 963 prodigiosus
595 907 802 963 apparuit
819 907 942 949 uisus
962 909 1007 948 et
1024 906 1156 948 fidem
1182 920 1293 962 pene
1317 906 1541 949 excedens.

86 971 215 1024 Quod
258 988 362 1016 uere
404 974 566 1018 falsum
609 979 843 1032 putaretur
881 976 967 1017 nisi
1006 975 1230 1018 oculorum
1268 975 1400 1017 fidem
1439 990 1539 1017 con-

83 1041 303 1084 firmasset
339 1043 555 1086 malorum
604 1047 835 1087 consecuta
877 1044 1100 1101 pernicies.
1179 1043 1355 1085 Etenim
1404 1058 1539 1100 prope

84 1109 189 1152 solis
226 1124 426 1154 occasum
474 1113 560 1155 uisi
605 1116 710 1156 sunt
748 1128 902 1156 currus
941 1115 987 1155 et
1035 1107 1275 1169 quadrigae
1323 1112 1371 1154 in
1419 1113 1539 1154 omni

84 1178 261 1235 regione
288 1194 368 1236 per
393 1195 537 1223 aerem
565 1185 610 1224 et
636 1185 904 1225 armatorum
931 1182 1131 1224 cohortes
1154 1181 1325 1224 misceri
1348 1181 1540 1223 nubibus

26 1263 66 1297 15
83 1249 130 1289 et
166 1247 297 1290 urbes
325 1249 584 1292 circumdari
614 1251 864 1307 agminibus
895 1250 1155 1307 improuisis.
1226 1250 1280 1292 In
1312 1250 1400 1292 alio
1433 1250 1540 1292 item

83 1314 156 1357 die
184 1315 309 1367 festo,
336 1318 412 1374 qui
443 1318 719 1362 Pentecostes
748 1319 1006 1376 appellatur,
1034 1321 1168 1361 noctu
1198 1318 1443 1361 sacerdotes
1471 1319 1538 1360 in·

82 1385 220 1440 gressi
250 1386 464 1442 templum
493 1387 550 1429 ad
579 1388 824 1431 ministeria
854 1403 910 1430 ex
944 1402 1064 1430 more
1098 1387 1366 1444 complenda,
1394 1388 1538 1444 primo
1591 1443 1593 1445 -

82 1453 259 1509 quidem
284 1458 431 1498 motus
454 1457 664 1512 quosdam
686 1457 983 1513 strepitusque
1002 1459 1243 1506 senserunt,
1263 1459 1360 1498 tum
1381 1456 1538 1498 deinde

82 1535 211 1565 uoces
236 1523 405 1567 subitas
433 1525 622 1567 audiunt
647 1526 862 1568 dicentes:
892 1526 1133 1582 Migremus
1159 1525 1272 1575 hinc,
1298 1526 1538 1582 migremus

23 1608 67 1632 ao
84 1605 139 1632 ex
179 1592 355 1635 sedibus
392 1593 500 1636 istis.
578 1594 773 1637 Additur
817 1595 887 1637 his
927 1595 1061 1636 etiam
1100 1594 1223 1636 aliud
1270 1594 1537 1646 terribilius;

82 1660 246 1702 etenim
276 1661 454 1717 quidam
486 1662 685 1705 Ananiae
713 1663 832 1705 filius
861 1663 984 1705 Iesus
1018 1663 1207 1717 nomine,
1240 1663 1312 1705 uir
1339 1663 1536 1719 plebeius
1552 1678 1636 1717 420
1656 1681 1686 1709 a

82 1731 128 1770 et
155 1729 356 1780 rusticus,
386 1734 431 1772 et
459 1734 563 1773 ante
592 1735 799 1787 quartum
828 1731 932 1774 belli
966 1746 1143 1781 annum,
1172 1746 1272 1774 cum
1301 1732 1459 1774 ciuitas
1488 1732 1536 1773 in

80 1811 189 1853 pace
206 1801 252 1841 et
271 1799 544 1842 abundantia
561 1801 832 1857 perduraret,
851 1801 899 1842 in
919 1801 990 1843 die
1011 1800 1125 1843 festo
1153 1801 1536 1844 tabernaculorum

82 1869 262 1921 repente
287 1867 475 1910 clamare
501 1869 666 1924 coepit:
696 1869 796 1911 Vox
822 1869 878 1911 ab
904 1869 1084 1919 oriente,
1103 1883 1194 1911 uox
1219 1869 1276 1911 ab
1302 1870 1535 1919 occidente,

22 1947 64 1981 ²5
81 1948 171 1976 uox
191 1949 219 1976 a
238 1938 448 1990 quattuor
472 1937 629 1987 uentis,
648 1952 739 1979 uox
764 1952 895 1993 super
914 1937 1212 1980 Ierosolimam
1239 1941 1284 1980 et
1308 1939 1535 1994 templum,

81 2016 172 2044 uox
211 2017 343 2059 super
378 2019 557 2060 sponsos
596 2008 641 2047 et
679 2020 872 2061 sponsas,
910 2021 1000 2047 uox
1039 2020 1171 2062 super
1207 2007 1444 2062 populum:
1488 2010 1535 2048 et

79 2070 377 2113 indesinenter
411 2072 481 2114 die
514 2076 732 2128 noctuque
770 2088 850 2129 per
879 2088 1029 2115 omnes
1065 2074 1235 2129 plateas
1276 2074 1534 2116 circumiens

78 2138 186 2181 haec
224 2139 467 2192 clamabat3
507 2155 645 2196 usque
685 2155 771 2197 quo
810 2141 989 2197 quidam
1027 2142 1239 2197 primores
1278 2157 1332 2184 ex
1371 2144 1534 2199 populo

78 2206 177 2257 uiri,
210 2208 336 2250 uelut
373 2208 559 2251 infausti
597 2209 814 2266 praesagii
851 2210 1154 2266 indignatione
1193 2212 1409 2261 commoti,
1441 2226 1533 2254 cor-

19 2294 63 2326 30
78 2279 254 2331 reptum
302 2277 523 2319 hominem
567 2278 720 2320 multis
765 2278 1023 2320 uerberibus
1063 2278 1270 2321 afficiunt.
1347 2280 1410 2322 At
1458 2280 1532 2323 ille

78 2359 354 2400 nequaquam
392 2360 473 2401 pro
511 2360 557 2388 se
591 2346 758 2401 aliquid
796 2346 990 2402 loquens,
1024 2347 1100 2388 sed
1134 2362 1214 2389 nec
1249 2362 1321 2390 eos
1355 2349 1532 2404 quidem

78 2413 155 2468 qui
182 2413 561 2456 circumsteterant
587 2414 833 2470 deprecans,
861 2415 1033 2457 easdem
1060 2430 1188 2458 uoces
1213 2417 1311 2472 pari
1338 2417 1531 2460 obstina-

76 2481 197 2523 tione
228 2485 273 2524 et
306 2483 493 2525 clamore
527 2483 763 2539 repetebat.
823 2484 934 2525 Tum
965 2484 1183 2540 principes
1222 2485 1531 2542 intelligentes,

77 2553 130 2602 ut
162 2565 231 2593 res
265 2555 372 2604 erat,
401 2552 595 2594 numinis
627 2567 718 2594 esse
754 2552 800 2593 in
834 2553 932 2595 uiro
963 2556 1119 2603 motus,
1148 2554 1395 2610 perducunt
1429 2570 1529 2597 eum

75 2683 99 2716 4
133 2684 193 2708 xx
222 2673 288 2709 SM
452 2685 475 2721 9
508 2674 698 2712 artemesii
731 2674 797 2710 SM
963 2684 1005 2721 25
1041 2678 1220 2721 quattuor
1246 2677 1332 2714 BA:
1366 2678 1459 2714 iiiior
1488 2680 1528 2715 M

75 2720 343 2812 {zldqigzlxens
367 2721 401 2756 A
580 2733 632 2768 32*
659 2722 985 2759 circumsteterant
1014 2723 1070 2759 B:
1106 2723 1174 2770 qui
1198 2724 1528 2763 circumsteterant

128 2845 209 2868 vm
783 2838 810 2865 1·
1379 2842 1421 2879 7³
