1878 3172
95 147 195 181 m.
210 134 314 196 m]
336 118 338 121 ’
606 133 1040 180 PomoRATIcvs
1564 143 1648 184 442
1667 145 1697 175 a

93 269 195 300 cum
223 258 270 299 et
297 255 414 299 diem
442 254 696 298 uidentibus
725 254 894 298 cunctis
922 253 1126 304 illustret,
1145 255 1362 310 temperet
1389 253 1551 305 orbem,

93 324 201 367 anni
226 327 426 381 tempora
449 323 633 374 diuidat,
652 323 833 366 inducat
858 337 1006 366 rerum
1031 322 1368 373 uicissitudines,
1389 325 1435 365 et
1462 323 1552 366 alia

93 392 286 449 plurima
305 407 416 449 quae
435 406 553 435 nunc
576 391 758 450 longum
783 394 851 434 est
871 406 1087 434 enarrare.
1146 390 1235 434 Sed
1261 391 1365 434 licet
1389 391 1551 434 multa-

93 475 194 504 rum
212 462 460 505 utilitatum
485 461 533 504 in
553 475 604 504 eo
623 464 669 504 et
687 461 735 504 in
753 461 909 504 ceteris
928 475 1084 521 causae
1103 459 1336 511 resideant,
1355 460 1551 517 ipsorum
1568 464 1598 503 b

39 541 76 582 '5
93 533 244 574 tamen
263 533 309 574 et
326 531 523 575 omnium
542 545 654 587 quae
680 532 797 574 recte
816 533 932 581 sunt,
951 544 1042 572 una
1068 532 1136 573 est
1164 532 1210 573 et
1235 529 1380 586 prima
1407 544 1552 579 causa,

94 613 207 655 quae
237 599 451 642 mundum
485 598 592 642 fecit
620 599 822 655 propriae
850 599 1096 642 maiestatis
1124 598 1335 656 potentia,
1364 612 1552 654 eumque

92 668 335 725 sapientiae
353 683 458 711 suae
477 668 646 711 uirtute
666 671 711 711 et
731 665 1026 711 immensitate
1046 666 1260 710 formauit
1278 669 1324 710 et
1343 667 1551 717 firmauit,

93 739 139 779 et
176 740 230 779 ut
267 737 308 780 ei
341 739 435 780 tam
468 735 762 779 substantiam
796 751 928 794 quam
968 736 1161 779 formam
1193 735 1424 788 conferret,
1457 735 1551 779 sola

91 805 275 848 inducta
298 808 365 848 est
393 805 602 849 bonitate.

34 894 77 919 10
150 874 315 917 Verum
334 875 635 918 mathematici
654 873 727 918 uel
749 874 996 932 planetarii,
1015 874 1122 917 dum
1141 873 1425 932 professionis
1444 888 1550 917 suae

89 943 336 1000 potentiam
355 942 542 986 dilatare
561 943 779 994 nituntur,
798 943 846 986 in
866 943 1025 987 erroris
1045 946 1091 987 et
1110 943 1352 1001 impietatis
1370 941 1549 985 menda-

89 1011 158 1054 cia
177 1011 539 1068 perniciosissime
557 1014 780 1056 corruunt.
829 1012 922 1056 Nec
942 1012 1251 1069 cuiuscumque
1271 1012 1381 1055 artis
1396 1011 1550 1068 regula

90 1084 294 1123 seruatur
327 1081 462 1132 illesa,
491 1082 578 1124 nisi
617 1081 724 1124 dum
762 1080 882 1125 infra
921 1082 1088 1139 proprii
1123 1082 1297 1139 generis
1330 1081 1549 1124 ambitum

90 1149 329 1200 cohibetur,
363 1151 621 1207 praesertim
659 1164 759 1194 cum
799 1151 928 1193 iuxta
965 1151 1208 1208 sapientem
1247 1150 1455 1207 frequens
1488 1149 1550 1192 sit
1601 1156 1603 1159 “

33 1236 74 1271 15
91 1217 259 1274 aliquid
306 1222 436 1261 extra
473 1219 671 1276 regulam
719 1219 922 1262 inueniri.
996 1219 1152 1263 Omnis
1191 1219 1355 1262 etenim
1394 1218 1548 1276 regula

91 1286 222 1329 alicui
246 1288 397 1344 generi
423 1302 570 1331 rerum
590 1288 916 1331 accommodata
935 1291 1012 1331 est.
1083 1288 1133 1331 Si
1157 1302 1263 1331 uero
1286 1286 1547 1331 traducatur
1565 1296 1590 1325 c

88 1353 148 1397 ad
166 1354 299 1410 aliud,
317 1356 470 1399 statim
499 1356 547 1398 in
576 1356 811 1400 ueritatem
840 1356 1049 1414 impingit
1077 1356 1314 1399 obnoxiam
1344 1354 1545 1398 falsitati.

89 1422 140 1465 Si
183 1437 288 1480 ergo
325 1425 627 1468 mathematici
664 1425 905 1482 probabilis
944 1425 1202 1474 matheseos,
1242 1423 1289 1466 id
1328 1427 1406 1474 est,
1445 1424 1545 1467 doc-

89 1490 265 1535 trinalis
303 1496 450 1536 essent
486 1494 574 1537 fine
612 1493 820 1544 contenti,
861 1496 906 1536 et
954 1508 1103 1536 ueram
1149 1494 1328 1550 possent
1372 1493 1546 1549 assequi

30 1570 76 1595 ²0
90 1559 351 1616 positionem
385 1561 624 1613 stellarum,
659 1565 704 1605 et
738 1577 794 1605 ex
824 1562 963 1619 signis
994 1562 1087 1605 suis
1119 1562 1267 1605 sobria
1298 1561 1546 1604 eruditione

88 1629 328 1672 secundum
367 1631 485 1687 quod
522 1631 787 1674 naturaliter
817 1631 1086 1688 proueniunt
1119 1630 1381 1688 qualitatem
1418 1644 1543 1687 prae·

87 1697 199 1741 scire
253 1701 503 1757 temporum
557 1703 604 1743 et
657 1700 969 1758 speculationis
1021 1715 1127 1743 suae
1182 1699 1545 1753 iocundissimum

86 1779 266 1823 carpere
303 1767 509 1812 fructum.
569 1767 683 1812 Cum
721 1783 827 1812 uero
867 1769 1060 1811 dilatant
1097 1768 1335 1826 philateria
1374 1782 1455 1811 sua
1499 1771 1545 1812 et

88 1836 375 1892 magnificant
421 1837 628 1888 fimbrias,
666 1838 773 1880 dum
821 1837 1228 1881 constellationibus
1271 1840 1317 1880 et
1354 1837 1545 1893 planetis

29 1914 72 1949 ³5
90 1902 277 1946 nimium
309 1904 492 1947 uirtutis
525 1906 763 1957 ascribunt,
793 1906 856 1948 eis
889 1906 1035 1948 nescio
1069 1920 1202 1962 quam
1233 1906 1545 1948 auctoritatem

89 1986 271 2029 operum
299 1973 576 2023 ascribentes,
595 1973 643 2015 in
671 1973 880 2017 creatoris
908 1972 1205 2030 prorumpunt
1232 1973 1466 2024 iniuriam3
1499 1976 1545 2016 et

87 2040 195 2084 dum
228 2041 406 2084 celestia
444 2055 556 2097 quae
588 2044 784 2084 tractant
819 2042 876 2084 ad
910 2042 1194 2084 sobrietatem
1228 2056 1318 2083 non
1352 2042 1544 2098 sapiunt,

86 2108 217 2151 iuxta
254 2108 500 2166 apostolum
539 2109 666 2152 stulti
706 2113 824 2153 sunt.
891 2109 1003 2152 Vide
1042 2109 1091 2151 in
1130 2113 1343 2166 quantam
1382 2109 1544 2152 erroris

86 2177 296 2234 abyssum
344 2177 401 2219 ab
444 2176 552 2234 ipsis
601 2177 833 2220 celestibus
881 2177 1052 2220 cadant.
1121 2177 1542 2221 Constellationibus
1627 2193 1748 2217 10-ae

28 2259 72 2292 30
87 2247 179 2289 suis
212 2246 438 2289 ascribunt
471 2246 631 2290 omnia.
688 2246 755 2288 Tu
788 2246 953 2288 uideris
986 2261 1044 2288 an
1074 2246 1155 2289 fiat
1185 2246 1226 2289 ei
1257 2246 1432 2297 iniuria,
1464 2246 1540 2303 qui
1557 2250 1586 2291 <1

86 2314 194 2358 fecit
218 2315 360 2358 celum
387 2317 434 2357 et
458 2317 623 2357 terram
648 2317 693 2357 et
715 2315 863 2357 omnia
891 2329 1002 2371 quae
1031 2315 1079 2356 in
1103 2314 1166 2357 eis
1194 2317 1312 2357 sunt.
1370 2315 1542 2358 Deinde

87 2397 184 2427 eam
222 2383 496 2427 constellatio
539 2382 670 2426 rebus
709 2384 1013 2426 necessitatem
1062 2383 1229 2435 indicit,
1267 2386 1321 2426 ut
1367 2384 1543 2427 arbitrii

85 2451 275 2509 perimat
322 2451 583 2494 libertatem.
660 2449 733 2493 An
776 2454 821 2494 et
859 2451 941 2494 hoc
979 2454 1107 2502 recte,
1150 2455 1295 2495 tecum
1334 2452 1540 2497 delibera,

90 2566 107 2593 1
133 2556 257 2593 cuntis
272 2557 306 2591 A
492 2565 513 2591 2
537 2553 829 2591 necessitudines
845 2553 879 2588 A
1067 2564 1110 2600 23
1134 2554 1362 2600 philacteria
1375 2554 1409 2591 A
1425 2568 1484 2592 ma
1486 2569 1538 2603 r.9

87 2613 108 2639 2
114 2612 131 2649 5
156 2604 367 2640 asscribunt
384 2602 409 2638 S
550 2603 596 2638 26
619 2601 865 2638 asscribentes
882 2600 907 2637 S
1048 2612 1094 2647 29
1117 2601 1281 2638 abissum
1299 2603 1333 2638 A

134 2713 180 2747 23
203 2704 360 2739 dilatant
381 2703 478 2739 etc:
507 2700 616 2736 Matt.
641 2698 745 2735 xxiii.
766 2708 797 2745 5.
939 2700 983 2735 28
1007 2700 1112 2735 ima
1135 2701 1354 2746 apostolum:
1379 2713 1415 2736 v.
1432 2700 1538 2739 Rom.

85 2747 113 2784 i.
132 2759 187 2786 22.
327 2759 384 2794 30,
403 2758 446 2795 31
471 2760 534 2795 qut
527 2748 634 2793 fecit
650 2749 743 2783 etc.:
771 2746 828 2782 Ps.
844 2745 916 2782 xlv.
934 2747 967 2783 6.

1367 2827 1427 2852 111
