1878 3172
177 170 254 210 391
273 171 303 200 a

275 760 304 798 b

647 156 907 202 IOANNIS
947 154 1459 200 SARESBERIENSIS
1635 154 1749 216 [ΜΒ.
1763 167 1784 200 1

320 279 566 322 extinctum
591 278 841 322 Adonidem
868 277 1001 320 defiet
1020 277 1183 327 Venus,
1203 276 1371 319 habens
1395 290 1567 333 semper
1589 289 1690 320 cum
1709 291 1783 320 ue-

320 348 500 391 natione
534 348 606 390 uel
636 348 818 390 robusta
847 346 1167 390 commercium.
1226 345 1346 388 Dum
1376 345 1501 388 Maro
1532 344 1785 403 Cartaginis

320 417 436 460 altae
452 417 671 459 iocaretur
685 416 939 473 hospitium,
954 415 1199 459 amantium
1215 417 1323 457 uota
1341 414 1572 458 conciliare
1586 415 1785 466 nesciuit,

320 486 407 529 nisi
423 486 485 528 eis
501 486 556 528 ab
572 485 906 542 opportunitate
926 484 1119 527 uenandi
1140 483 1315 540 dilapsu
1330 483 1553 535 comitum,
1572 483 1786 527 siluarum

320 555 513 598 latebras
533 557 758 597 reseraret.
819 554 892 597 Sic
913 553 1028 597 forte
1049 554 1154 610 quia
1169 553 1367 596 studium
1382 554 1465 596 hoc
1480 568 1507 595 a
1521 553 1786 597 conscientia
1805 564 1824 598 5

321 624 613 681 turpitudinis
653 624 747 666 odit
793 623 949 675 lucem,
983 623 1098 666 sicut
1137 638 1161 666 e
1200 625 1355 666 contra
1392 622 1581 680 legitimi
1624 622 1787 666 amoris

322 693 486 750 gaudia
506 693 704 735 solennes
724 693 834 736 lueis
854 707 959 735 suae
979 691 1239 749 praeferunt
1259 692 1422 735 taedas.

382 762 523 814 Quem
545 762 678 805 michi
699 762 826 805 dabis
845 762 1044 805 uirorum
1063 762 1317 812 illustrium,
1337 761 1415 818 qui
1440 761 1544 805 huic
1563 760 1786 818 uoluptati

322 831 607 874 uehementer
627 832 868 874 inhaeserit
883 832 900 875 2

466 923 638 966 Fixerit
667 923 916 980 aeripedem
945 937 1122 967 ceruam
1151 923 1265 974 licet,
1295 926 1376 966 aut
1406 923 1626 966 Erimanti
1806 945 1847 968 10

465 981 653 1038 placarit
681 996 862 1025 nemora

322 1073 466 1115 uictor
494 1073 680 1124 Alcides,
707 1088 797 1116 non
826 1073 1049 1130 uoluptati
1080 1087 1196 1124 suae,
1221 1073 1298 1116 sed
1326 1073 1527 1130 publicae
1557 1072 1787 1129 prospexit

321 1142 520 1185 utilitati.
585 1143 758 1200 Aprum
793 1142 1049 1187 Calidoniae
1080 1146 1352 1186 uastatorem
1383 1142 1594 1186 strauerit
1626 1142 1786 1185 Melea-

320 1226 410 1268 ger,
449 1227 539 1254 non
578 1212 732 1255 mulsit
771 1213 969 1255 animum
1015 1213 1258 1269 uoluptate,
1299 1212 1375 1254 sed
1424 1211 1550 1254 hoste
1592 1211 1785 1268 patriam

321 1280 540 1324 liberauit.
612 1281 797 1324 Fuderit
832 1284 986 1324 auctor
1013 1282 1200 1324 Romani
1227 1281 1402 1338 generis
1430 1295 1661 1324 ceruorum
1693 1295 1784 1323 cor·
1806 1300 1844 1334 15

322 1363 441 1405 pora,
461 1365 550 1392 non
572 1365 713 1393 uanae
733 1350 978 1407 uoluptatis
999 1350 1217 1401 solatium,
1238 1350 1314 1393 sed
1335 1350 1419 1393 sibi
1441 1352 1486 1393 et
1505 1350 1633 1392 sociis
1654 1364 1785 1406 quae-

322 1418 430 1460 siuit
461 1419 720 1475 suffragium
752 1419 885 1463 uitae.
956 1419 1103 1476 Opera
1134 1419 1409 1477 singulorum
1449 1433 1505 1461 ex
1545 1422 1709 1462 euentu
1741 1422 1787 1462 et
1842 1456 1848 1461 .

322 1487 547 1544 proposito
587 1488 863 1539 colorantur3
907 1503 976 1531 res
1017 1489 1179 1546 quippe
1219 1489 1376 1532 decora
1409 1491 1488 1539 est,
1524 1489 1562 1531 si
1601 1489 1787 1531 honesta

321 1571 453 1599 causa
479 1558 773 1613 praecesserit.
834 1557 943 1610 Quis
973 1560 1123 1600 tamen
1152 1558 1381 1601 hominum
1410 1572 1656 1614 canumque
1685 1572 1786 1600 con-

323 1625 490 1668 struxit
524 1626 779 1677 exercitum,
812 1629 865 1669 ut
899 1641 988 1669 non
1023 1630 1115 1669 tam
1149 1641 1229 1669 sua
1261 1641 1394 1683 quam
1433 1626 1579 1669 aliena
1616 1626 1786 1669 uirtute
1806 1644 1849 1669 πο

281 1710 305 1738 c
323 1708 423 1736 cum
477 1695 630 1737 bestiis
684 1695 945 1739 dimicaret?
1025 1696 1221 1748 Quidni?
1271 1695 1492 1739 infelicem
1543 1695 1786 1745 bestiolam,

321 1763 595 1820 lepusculum
622 1764 842 1815 timidum,
869 1767 997 1807 tanto
1024 1764 1213 1808 fortasse
1242 1765 1530 1821 praedabitur
1556 1766 1786 1821 apparatu.

322 1831 371 1875 Si
406 1847 512 1875 uero
547 1833 728 1876 clariore
760 1834 935 1890 praeda,
962 1849 1092 1877 ceruo
1127 1834 1244 1877 forte
1274 1835 1346 1877 uel
1377 1849 1496 1891 apro,
1525 1833 1787 1876 uenantium

321 1901 445 1944 labor
469 1902 694 1952 effulserit,
714 1902 767 1945 fit
787 1902 967 1959 plausus
991 1903 1296 1956 intolerabilis,
1317 1903 1523 1946 exultant
1542 1905 1787 1953 uenatoreS‚

321 1973 455 2027 caput
483 1971 672 2027 praedae
700 1974 746 2014 et
769 1971 968 2015 solennia
996 1972 1212 2029 quaedam
1236 1972 1377 2029 spolia
1405 1971 1788 2029 triumphantibus
1807 1989 1847 2024 25

321 2039 636 2096 praeferuntur
647 2054 657 2092 3
697 2055 845 2098 regem
880 2040 1162 2099 Capadocum
1193 2045 1373 2099 captum
1405 2041 1567 2092 credas,
1602 2041 1664 2084 sic
1694 2055 1786 2084 cor-

321 2109 488 2151 nicines
527 2112 572 2152 et
615 2109 819 2153 tibicines
859 2111 1012 2154 uideas
1052 2111 1264 2154 uictoriae
1303 2111 1491 2169 gloriam
1530 2110 1807 2153 declamare.'

321 2177 418 2220 Illis
447 2181 637 2220 mestum
667 2178 825 2222 indicit
854 2179 1022 2222 femina
1049 2183 1179 2237 capta
1209 2180 1459 2232 silentium;
1499 2179 1572 2222 uel
1600 2179 1639 2222 si
1669 2178 1786 2221 forte

321 2246 484 2302 praeda
522 2247 723 2300 nobilior,
762 2248 1204 2293 circumuenientium
1249 2249 1399 2307 potius
1449 2248 1607 2291 fraude
1653 2261 1786 2304 quam

321 2315 491 2358 uiribus
530 2319 850 2372 prosternatur.
923 2318 973 2361 Si
1013 2319 1252 2376 capreolus,
1291 2318 1364 2361 uel
1403 2318 1528 2376 lepus
1566 2316 1785 2367 ceciderit,
1805 2332 1847 2366 30

319 2441 342 2475 6
366 2439 550 2485 legittimi
569 2440 634 2476 SM
793 2451 813 2487 7
840 2442 1041 2479 sollemnes
1058 2443 1083 2479 S
1246 2452 1290 2489 25
1317 2441 1440 2489 capud
1456 2441 1490 2477 A
1599 2439 1788 2478 sollennia

319 2486 376 2523 A:
403 2487 601 2523 sollemnia
618 2488 642 2525 S
784 2498 829 2535 27
855 2490 1047 2527 declarare
1063 2489 1179 2526 A²Ms

369 2606 389 2631 2
415 2597 521 2632 Maro
537 2609 544 2632 :
570 2609 602 2632 v.
620 2597 729 2644 Verg.
748 2600 840 2634 Aen.
859 2598 904 2634 iv.
927 2600 993 2635 160
1006 2610 1107 2645 seqq.
1249 2599 1272 2634 6
1301 2598 1453 2642 leyitimi
1467 2598 1538 2634 etc.
1554 2609 1562 2633 :
1588 2596 1636 2633 cf.
1651 2598 1784 2635 Polior.

323 2642 398 2677 viii.
417 2653 469 2678 11.
489 2652 556 2687 749
570 2653 607 2679 13.
769 2656 812 2681 10
827 2648 959 2690 fixerit
981 2648 1070 2683 etc.:
1096 2646 1210 2692 Verg.
1226 2647 1317 2681 Aen.
1336 2644 1383 2680 vi.
1401 2646 1480 2689 803,
1503 2646 1582 2688 804.
1744 2655 1784 2680 12

322 2691 486 2725 Alcides:
512 2690 622 2737 Verg.
649 2693 741 2728 Aen.
758 2692 804 2727 vi.
826 2694 906 2729 802.
1053 2704 1095 2738 13
1119 2695 1317 2737 Meleaqer:
1346 2703 1379 2728 v.
1400 2690 1505 2728 Ovid.
1529 2692 1675 2728 Metam.
1695 2691 1786 2734 viii3

323 2736 372 2773 cf.
397 2737 494 2790 Hyg.
522 2737 611 2774 Fab.
634 2739 691 2774 ed.
718 2739 842 2775 Schm.
866 2752 902 2786 p.
928 2750 984 2785 29,
1010 2738 1035 2776 l.
1066 2751 1120 2776 12.
1246 2747 1285 2785 15
1313 2739 1465 2774 Fuderit
1487 2739 1582 2775 etc.:
1615 2750 1647 2774 v.
1671 2738 1786 2785 Verg.

322 2785 413 2820 Aen.
438 2795 462 2819 1.
484 2785 551 2829 184
567 2795 667 2831 seqq.
763 2788 807 2823 26
832 2799 946 2833 reyem
976 2787 1223 2834 Capadocum;
1249 2786 1333 2823 vide
1350 2785 1440 2822 Hor.
1456 2787 1527 2832 Ep.
1544 2785 1569 2822 i.
1586 2786 1619 2822 6.
1637 2795 1694 2832 39.

434 2863 475 2887 22
