<?xml version="1.0" encoding="UTF-8"?>
<!DOCTYPE html PUBLIC "-//W3C//DTD XHTML 1.0 Transitional//EN"
    "http://www.w3.org/TR/xhtml1/DTD/xhtml1-transitional.dtd">
<html xmlns="http://www.w3.org/1999/xhtml" xml:lang="en" lang="en">
 <head>
  <title>
</title>
<meta http-equiv="Content-Type" content="text/html;charset=utf-8" />
  <meta name='ocr-system' content='tesseract 3.04.00' />
  <meta name='ocr-capabilities' content='ocr_page ocr_carea ocr_par ocr_line ocrx_word'/>
</head>
<body>
  <div class='ocr_page' id='page_1' title='image "./ioannissaresberi01johnuoft_0197.png"; bbox 0 0 1878 3172; ppageno 0'>
   <div class='ocr_carea' id='block_1_1' title="bbox 93 165 1036 230">
    <p class='ocr_par' dir='ltr' id='par_1_1' title="bbox 93 165 1036 230">
     <span class='ocr_line' id='line_1_1' title="bbox 93 165 1036 230; baseline -0.006 -15"><span class='ocrx_word' id='word_1_1' title='bbox 93 181 192 215; x_wconf 76' lang='lat' dir='ltr'>uAP.</span> <span class='ocrx_word' id='word_1_2' title='bbox 207 167 339 230; x_wconf 70' lang='lat' dir='ltr'>xxv1]</span> <span class='ocrx_word' id='word_1_3' title='bbox 601 165 1036 213; x_wconf 84' lang='lat' dir='ltr'><strong>POLICRATICVS</strong></span> 
     </span>
    </p>
   </div>
   <div class='ocr_carea' id='block_1_2' title="bbox 3 283 1553 2425">
    <p class='ocr_par' dir='ltr' id='par_1_2' title="bbox 3 283 1553 2417">
     <span class='ocr_line' id='line_1_2' title="bbox 92 283 1548 345; baseline -0.005 -13"><span class='ocrx_word' id='word_1_4' title='bbox 92 290 248 333; x_wconf 86' lang='lat' dir='ltr'>Totius</span> <span class='ocrx_word' id='word_1_5' title='bbox 273 288 461 345; x_wconf 88' lang='lat' dir='ltr'>denique</span> <span class='ocrx_word' id='word_1_6' title='bbox 487 287 651 331; x_wconf 87' lang='lat' dir='ltr'>ueteris</span> <span class='ocrx_word' id='word_1_7' title='bbox 676 286 978 344; x_wconf 83' lang='lat' dir='ltr'>philosophiae</span> <span class='ocrx_word' id='word_1_8' title='bbox 1006 285 1209 343; x_wconf 84' lang='lat' dir='ltr'>princeps</span> <span class='ocrx_word' id='word_1_9' title='bbox 1233 284 1360 327; x_wconf 88' lang='lat' dir='ltr'>Plato</span> <span class='ocrx_word' id='word_1_10' title='bbox 1391 283 1548 336; x_wconf 85' lang='lat' dir='ltr'>leuem,</span> 
     </span>
     <span class='ocr_line' id='line_1_3' title="bbox 92 352 1549 414; baseline -0.005 -13"><span class='ocrx_word' id='word_1_11' title='bbox 92 361 145 402; x_wconf 88' lang='lat' dir='ltr'>ut</span> <span class='ocrx_word' id='word_1_12' title='bbox 171 358 328 409; x_wconf 83' lang='lat' dir='ltr'>fertur,</span> <span class='ocrx_word' id='word_1_13' title='bbox 351 357 487 414; x_wconf 90' lang='lat' dir='ltr'>(quod</span> <span class='ocrx_word' id='word_1_14' title='bbox 506 359 656 400; x_wconf 87' lang='lat' dir='ltr'>tamen</span> <span class='ocrx_word' id='word_1_15' title='bbox 679 356 734 399; x_wconf 92' lang='lat' dir='ltr'>de</span> <span class='ocrx_word' id='word_1_16' title='bbox 759 355 953 398; x_wconf 86' lang='lat' dir='ltr'>Homero</span> <span class='ocrx_word' id='word_1_17' title='bbox 972 354 1121 397; x_wconf 90' lang='lat' dir='ltr'>uerius</span> <span class='ocrx_word' id='word_1_18' title='bbox 1145 353 1380 410; x_wconf 74' lang='lat' dir='ltr'><strong>diceretur)</strong></span> <span class='ocrx_word' id='word_1_19' title='bbox 1403 352 1549 395; x_wconf 89' lang='lat' dir='ltr'>nescio</span> 
     </span>
     <span class='ocr_line' id='line_1_4' title="bbox 92 421 1550 483; baseline -0.004 -14"><span class='ocrx_word' id='word_1_20' title='bbox 92 441 225 483; x_wconf 90' lang='lat' dir='ltr'>quam</span> <span class='ocrx_word' id='word_1_21' title='bbox 251 428 489 469; x_wconf 87' lang='lat' dir='ltr'>nautarum</span> <span class='ocrx_word' id='word_1_22' title='bbox 513 424 811 481; x_wconf 88' lang='lat' dir='ltr'>quaestionem</span> <span class='ocrx_word' id='word_1_23' title='bbox 839 423 1057 480; x_wconf 85' lang='lat' dir='ltr'>explicare</span> <span class='ocrx_word' id='word_1_24' title='bbox 1086 437 1175 465; x_wconf 91' lang='lat' dir='ltr'>non</span> <span class='ocrx_word' id='word_1_25' title='bbox 1204 422 1363 479; x_wconf 87' lang='lat' dir='ltr'>potuit.</span> <span class='ocrx_word' id='word_1_26' title='bbox 1422 421 1550 464; x_wconf 83' lang='lat' dir='ltr'>Vnde</span> 
     </span>
     <span class='ocr_line' id='line_1_5' title="bbox 90 490 1553 550; baseline -0.004 -12"><span class='ocrx_word' id='word_1_27' title='bbox 90 508 192 537; x_wconf 90' lang='lat' dir='ltr'>cum</span> <span class='ocrx_word' id='word_1_28' title='bbox 235 495 293 537; x_wconf 88' lang='lat' dir='ltr'>ab</span> <span class='ocrx_word' id='word_1_29' title='bbox 335 493 498 537; x_wconf 89' lang='lat' dir='ltr'>eisdem</span> <span class='ocrx_word' id='word_1_30' title='bbox 536 492 836 550; x_wconf 87' lang='lat' dir='ltr'>impudentius</span> <span class='ocrx_word' id='word_1_31' title='bbox 875 495 921 535; x_wconf 88' lang='lat' dir='ltr'>et</span> <span class='ocrx_word' id='word_1_32' title='bbox 958 491 1225 548; x_wconf 73' lang='lat' dir='ltr'>protractius</span> <span class='ocrx_word' id='word_1_33' title='bbox 1263 490 1553 540; x_wconf 84' lang='lat' dir='ltr'>derideretur,</span> 
     </span>
     <span class='ocr_line' id='line_1_6' title="bbox 42 557 1549 619; baseline -0.003 -13"><span class='ocrx_word' id='word_1_34' title='bbox 42 557 75 614; x_wconf 53' lang='lat'>&#39;5</span> <span class='ocrx_word' id='word_1_35' title='bbox 93 565 146 605; x_wconf 91' lang='lat' dir='ltr'>ut</span> <span class='ocrx_word' id='word_1_36' title='bbox 179 566 276 606; x_wconf 87' lang='lat' dir='ltr'>erat</span> <span class='ocrx_word' id='word_1_37' title='bbox 311 563 384 606; x_wconf 92' lang='lat' dir='ltr'>uir</span> <span class='ocrx_word' id='word_1_38' title='bbox 417 561 654 605; x_wconf 82' lang='lat' dir='ltr'>uerecundi</span> <span class='ocrx_word' id='word_1_39' title='bbox 684 561 864 619; x_wconf 88' lang='lat' dir='ltr'>ingenii,</span> <span class='ocrx_word' id='word_1_40' title='bbox 898 561 1023 617; x_wconf 80' lang='lat' dir='ltr'>quasi</span> <span class='ocrx_word' id='word_1_41' title='bbox 1053 559 1248 603; x_wconf 79' lang='lat' dir='ltr'>toxicato</span> <span class='ocrx_word' id='word_1_42' title='bbox 1279 558 1549 603; x_wconf 83' lang='lat' dir='ltr'>confusionis</span> 
     </span>
     <span class='ocr_line' id='line_1_7' title="bbox 92 627 1548 688; baseline -0.003 -13"><span class='ocrx_word' id='word_1_43' title='bbox 92 632 235 675; x_wconf 86' lang='lat' dir='ltr'>iaculo</span> <span class='ocrx_word' id='word_1_44' title='bbox 254 631 477 688; x_wconf 85' lang='lat' dir='ltr'>perfossus</span> <span class='ocrx_word' id='word_1_45' title='bbox 496 630 554 673; x_wconf 88' lang='lat' dir='ltr'>ad</span> <span class='ocrx_word' id='word_1_46' title='bbox 572 633 758 673; x_wconf 92' lang='lat' dir='ltr'>mortem</span> <span class='ocrx_word' id='word_1_47' title='bbox 777 629 984 686; x_wconf 90' lang='lat' dir='ltr'>spiritum</span> <span class='ocrx_word' id='word_1_48' title='bbox 1003 629 1292 672; x_wconf 89' lang='lat' dir='ltr'>nouissimum</span> <span class='ocrx_word' id='word_1_49' title='bbox 1309 627 1548 671; x_wconf 82' lang='lat' dir='ltr'>exhalauit.</span> 
     </span>
     <span class='ocr_line' id='line_1_8' title="bbox 94 697 1550 755; baseline -0.003 -12"><span class='ocrx_word' id='word_1_50' title='bbox 94 700 319 743; x_wconf 87' lang='lat' dir='ltr'>Puduerat</span> <span class='ocrx_word' id='word_1_51' title='bbox 352 699 470 742; x_wconf 88' lang='lat' dir='ltr'>enim</span> <span class='ocrx_word' id='word_1_52' title='bbox 505 698 622 755; x_wconf 89' lang='lat' dir='ltr'>quod</span> <span class='ocrx_word' id='word_1_53' title='bbox 656 698 781 755; x_wconf 85' lang='lat' dir='ltr'>quasi</span> <span class='ocrx_word' id='word_1_54' title='bbox 815 698 953 741; x_wconf 88' lang='lat' dir='ltr'>totius</span> <span class='ocrx_word' id='word_1_55' title='bbox 987 697 1249 741; x_wconf 82' lang='lat' dir='ltr'>Academiae</span> <span class='ocrx_word' id='word_1_56' title='bbox 1283 697 1550 754; x_wconf 89' lang='lat' dir='ltr'>improperio</span> 
     </span>
     <span class='ocr_line' id='line_1_9' title="bbox 94 765 1549 826; baseline -0.003 -14"><span class='ocrx_word' id='word_1_57' title='bbox 94 769 472 826; x_wconf 83' lang='lat' dir='ltr'>exprobrauerant</span> <span class='ocrx_word' id='word_1_58' title='bbox 509 767 751 825; x_wconf 87' lang='lat' dir='ltr'>principem</span> <span class='ocrx_word' id='word_1_59' title='bbox 789 767 1149 824; x_wconf 90' lang='lat' dir='ltr'>philosophorum</span> <span class='ocrx_word' id='word_1_60' title='bbox 1188 765 1369 809; x_wconf 86' lang='lat' dir='ltr'>Greciae</span> <span class='ocrx_word' id='word_1_61' title='bbox 1414 765 1549 808; x_wconf 90' lang='lat' dir='ltr'>etiam</span> 
     </span>
     <span class='ocr_line' id='line_1_10' title="bbox 95 834 1550 894; baseline 0 -16"><span class='ocrx_word' id='word_1_62' title='bbox 95 836 280 878; x_wconf 86' lang='lat' dir='ltr'>minima</span> <span class='ocrx_word' id='word_1_63' title='bbox 308 836 522 894; x_wconf 87' lang='lat' dir='ltr'>ignorare.</span> <span class='ocrx_word' id='word_1_64' title='bbox 594 835 690 878; x_wconf 93' lang='lat' dir='ltr'>Hoc</span> <span class='ocrx_word' id='word_1_65' title='bbox 719 838 868 878; x_wconf 92' lang='lat' dir='ltr'>autem</span> <span class='ocrx_word' id='word_1_66' title='bbox 902 835 1059 878; x_wconf 86' lang='lat' dir='ltr'>asserit</span> <span class='ocrx_word' id='word_1_67' title='bbox 1089 834 1328 877; x_wconf 88' lang='lat' dir='ltr'>Flauianus</span> <span class='ocrx_word' id='word_1_68' title='bbox 1359 834 1406 876; x_wconf 92' lang='lat' dir='ltr'>in</span> <span class='ocrx_word' id='word_1_69' title='bbox 1436 834 1550 878; x_wconf 90' lang='lat' dir='ltr'>libro</span> 
     </span>
     <span class='ocr_line' id='line_1_11' title="bbox 37 902 1551 962; baseline 0 -16"><span class='ocrx_word' id='word_1_70' title='bbox 37 923 80 946; x_wconf 88' lang='lat'>10</span> <span class='ocrx_word' id='word_1_71' title='bbox 96 905 173 961; x_wconf 93' lang='lat' dir='ltr'>qui</span> <span class='ocrx_word' id='word_1_72' title='bbox 209 905 277 948; x_wconf 90' lang='lat' dir='ltr'>De</span> <span class='ocrx_word' id='word_1_73' title='bbox 310 905 512 962; x_wconf 86' lang='lat' dir='ltr'>uestigiis</span> <span class='ocrx_word' id='word_1_74' title='bbox 546 904 904 961; x_wconf 85' lang='lat' dir='ltr'>philosophorum</span> <span class='ocrx_word' id='word_1_75' title='bbox 938 903 1193 946; x_wconf 77' lang='lat' dir='ltr'>inscribitur</span> <span class='ocrx_word' id='word_1_76' title='bbox 1226 902 1551 946; x_wconf 83' lang='lat' dir='ltr'>Xenofontinos</span> 
     </span>
     <span class='ocr_line' id='line_1_12' title="bbox 94 971 1551 1028; baseline -0.001 -12"><span class='ocrx_word' id='word_1_77' title='bbox 94 973 286 1018; x_wconf 78' lang='lat' dir='ltr'>faciente</span> <span class='ocrx_word' id='word_1_78' title='bbox 323 974 495 1016; x_wconf 84' lang='lat' dir='ltr'>inuidia</span> <span class='ocrx_word' id='word_1_79' title='bbox 539 973 750 1016; x_wconf 84' lang='lat' dir='ltr'>aduersus</span> <span class='ocrx_word' id='word_1_80' title='bbox 796 972 993 1015; x_wconf 86' lang='lat' dir='ltr'>Platonis</span> <span class='ocrx_word' id='word_1_81' title='bbox 1038 971 1225 1028; x_wconf 87' lang='lat' dir='ltr'>gloriam</span> <span class='ocrx_word' id='word_1_82' title='bbox 1270 971 1551 1028; x_wconf 88' lang='lat' dir='ltr'>impudenter</span> 
     </span>
     <span class='ocr_line' id='line_1_13' title="bbox 93 1041 1550 1099; baseline -0.001 -15"><span class='ocrx_word' id='word_1_83' title='bbox 93 1042 284 1093; x_wconf 83' lang='lat' dir='ltr'>finxisse,</span> <span class='ocrx_word' id='word_1_84' title='bbox 318 1042 423 1086; x_wconf 88' lang='lat' dir='ltr'>licet</span> <span class='ocrx_word' id='word_1_85' title='bbox 457 1041 770 1099; x_wconf 88' lang='lat' dir='ltr'>quamplurimi</span> <span class='ocrx_word' id='word_1_86' title='bbox 805 1055 905 1084; x_wconf 89' lang='lat' dir='ltr'>eum</span> <span class='ocrx_word' id='word_1_87' title='bbox 934 1041 991 1084; x_wconf 95' lang='lat' dir='ltr'>ob</span> <span class='ocrx_word' id='word_1_88' title='bbox 1025 1043 1347 1084; x_wconf 83' lang='lat' dir='ltr'>sacramentum</span> <span class='ocrx_word' id='word_1_89' title='bbox 1377 1041 1550 1084; x_wconf 90' lang='lat' dir='ltr'>numeri</span> 
     </span>
     <span class='ocr_line' id='line_1_14' title="bbox 95 1109 1550 1167; baseline -0.002 -13"><span class='ocrx_word' id='word_1_90' title='bbox 95 1114 295 1154; x_wconf 86' lang='lat' dir='ltr'>asserant</span> <span class='ocrx_word' id='word_1_91' title='bbox 340 1111 460 1154; x_wconf 89' lang='lat' dir='ltr'>ultro</span> <span class='ocrx_word' id='word_1_92' title='bbox 503 1111 697 1154; x_wconf 86' lang='lat' dir='ltr'>animam</span> <span class='ocrx_word' id='word_1_93' title='bbox 740 1110 936 1167; x_wconf 86' lang='lat' dir='ltr'>posuisse</span> <span class='ocrx_word' id='word_1_94' title='bbox 981 1109 1058 1152; x_wconf 90' lang='lat' dir='ltr'>illo</span> <span class='ocrx_word' id='word_1_95' title='bbox 1101 1109 1234 1152; x_wconf 89' lang='lat' dir='ltr'>etatis</span> <span class='ocrx_word' id='word_1_96' title='bbox 1282 1123 1387 1152; x_wconf 88' lang='lat' dir='ltr'>suae</span> <span class='ocrx_word' id='word_1_97' title='bbox 1432 1124 1550 1152; x_wconf 92' lang='lat' dir='ltr'>anno</span> 
     </span>
     <span class='ocr_line' id='line_1_15' title="bbox 93 1178 1549 1237; baseline -0.001 -15"><span class='ocrx_word' id='word_1_98' title='bbox 93 1179 280 1237; x_wconf 88' lang='lat' dir='ltr'>expleto,</span> <span class='ocrx_word' id='word_1_99' title='bbox 314 1194 444 1237; x_wconf 88' lang='lat' dir='ltr'>quem</span> <span class='ocrx_word' id='word_1_100' title='bbox 478 1180 743 1223; x_wconf 84' lang='lat' dir='ltr'>nouenarius</span> <span class='ocrx_word' id='word_1_101' title='bbox 782 1179 829 1221; x_wconf 94' lang='lat' dir='ltr'>in</span> <span class='ocrx_word' id='word_1_102' title='bbox 869 1193 915 1221; x_wconf 92' lang='lat' dir='ltr'>se</span> <span class='ocrx_word' id='word_1_103' title='bbox 954 1179 1099 1235; x_wconf 89' lang='lat' dir='ltr'>ipsum</span> <span class='ocrx_word' id='word_1_104' title='bbox 1138 1178 1297 1221; x_wconf 87' lang='lat' dir='ltr'>ductus</span> <span class='ocrx_word' id='word_1_105' title='bbox 1336 1178 1549 1230; x_wconf 85' lang='lat' dir='ltr'>effecerat,</span> 
     </span>
     <span class='ocr_line' id='line_1_16' title="bbox 31 1246 1549 1304; baseline -0.003 -11"><span class='ocrx_word' id='word_1_106' title='bbox 31 1267 74 1303; x_wconf 87' lang='lat'>&#39;15</span> <span class='ocrx_word' id='word_1_107' title='bbox 93 1262 144 1290; x_wconf 91' lang='lat' dir='ltr'>eo</span> <span class='ocrx_word' id='word_1_108' title='bbox 163 1248 280 1304; x_wconf 89' lang='lat' dir='ltr'>quod</span> <span class='ocrx_word' id='word_1_109' title='bbox 300 1248 459 1292; x_wconf 85' lang='lat' dir='ltr'>exinde</span> <span class='ocrx_word' id='word_1_110' title='bbox 485 1263 574 1291; x_wconf 91' lang='lat' dir='ltr'>non</span> <span class='ocrx_word' id='word_1_111' title='bbox 597 1248 764 1292; x_wconf 88' lang='lat' dir='ltr'>accedit</span> <span class='ocrx_word' id='word_1_112' title='bbox 787 1247 1056 1290; x_wconf 84' lang='lat' dir='ltr'>humanitati</span> <span class='ocrx_word' id='word_1_113' title='bbox 1083 1247 1170 1290; x_wconf 89' lang='lat' dir='ltr'>nisi</span> <span class='ocrx_word' id='word_1_114' title='bbox 1196 1247 1320 1290; x_wconf 91' lang='lat' dir='ltr'>labor</span> <span class='ocrx_word' id='word_1_115' title='bbox 1346 1250 1391 1290; x_wconf 88' lang='lat' dir='ltr'>et</span> <span class='ocrx_word' id='word_1_116' title='bbox 1414 1246 1549 1289; x_wconf 90' lang='lat' dir='ltr'>dolor.</span> 
     </span>
     <span class='ocr_line' id='line_1_17' title="bbox 93 1315 1550 1374; baseline -0.001 -15"><span class='ocrx_word' id='word_1_117' title='bbox 93 1316 254 1360; x_wconf 85' lang='lat' dir='ltr'>Fateor</span> <span class='ocrx_word' id='word_1_118' title='bbox 287 1317 464 1374; x_wconf 90' lang='lat' dir='ltr'>quidem</span> <span class='ocrx_word' id='word_1_119' title='bbox 498 1332 568 1360; x_wconf 91' lang='lat' dir='ltr'>me</span> <span class='ocrx_word' id='word_1_120' title='bbox 599 1317 787 1373; x_wconf 92' lang='lat' dir='ltr'>paucula</span> <span class='ocrx_word' id='word_1_121' title='bbox 820 1316 930 1359; x_wconf 87' lang='lat' dir='ltr'>scire</span> <span class='ocrx_word' id='word_1_122' title='bbox 967 1319 1012 1359; x_wconf 90' lang='lat' dir='ltr'>et</span> <span class='ocrx_word' id='word_1_123' title='bbox 1041 1330 1140 1359; x_wconf 92' lang='lat' dir='ltr'>cum</span> <span class='ocrx_word' id='word_1_124' title='bbox 1171 1315 1325 1358; x_wconf 89' lang='lat' dir='ltr'>multis</span> <span class='ocrx_word' id='word_1_125' title='bbox 1358 1315 1550 1372; x_wconf 90' lang='lat' dir='ltr'>plurima</span> 
     </span>
     <span class='ocr_line' id='line_1_18' title="bbox 91 1384 1551 1442; baseline 0.001 -15"><span class='ocrx_word' id='word_1_126' title='bbox 91 1385 308 1442; x_wconf 88' lang='lat' dir='ltr'>ignorare,</span> <span class='ocrx_word' id='word_1_127' title='bbox 337 1400 416 1430; x_wconf 90' lang='lat' dir='ltr'>nec</span> <span class='ocrx_word' id='word_1_128' title='bbox 445 1389 594 1429; x_wconf 92' lang='lat' dir='ltr'>tamen</span> <span class='ocrx_word' id='word_1_129' title='bbox 628 1386 749 1428; x_wconf 88' lang='lat' dir='ltr'>uitae</span> <span class='ocrx_word' id='word_1_130' title='bbox 782 1400 944 1428; x_wconf 91' lang='lat' dir='ltr'>munus</span> <span class='ocrx_word' id='word_1_131' title='bbox 975 1385 1100 1442; x_wconf 83' lang='lat' dir='ltr'>quasi</span> <span class='ocrx_word' id='word_1_132' title='bbox 1135 1384 1354 1427; x_wconf 87' lang='lat' dir='ltr'>Homerus</span> <span class='ocrx_word' id='word_1_133' title='bbox 1383 1384 1551 1440; x_wconf 90' lang='lat' dir='ltr'>pudore</span> 
     </span>
     <span class='ocr_line' id='line_1_19' title="bbox 92 1452 1552 1510; baseline -0.001 -13"><span class='ocrx_word' id='word_1_134' title='bbox 92 1453 238 1497; x_wconf 88' lang='lat' dir='ltr'>uictus</span> <span class='ocrx_word' id='word_1_135' title='bbox 265 1454 418 1498; x_wconf 91' lang='lat' dir='ltr'>abicio.</span> <span class='ocrx_word' id='word_1_136' title='bbox 475 1453 524 1497; x_wconf 89' lang='lat' dir='ltr'>Si</span> <span class='ocrx_word' id='word_1_137' title='bbox 545 1468 649 1510; x_wconf 89' lang='lat' dir='ltr'>ergo</span> <span class='ocrx_word' id='word_1_138' title='bbox 672 1453 977 1510; x_wconf 91' lang='lat' dir='ltr'>prouidentiae</span> <span class='ocrx_word' id='word_1_139' title='bbox 1001 1456 1046 1496; x_wconf 92' lang='lat' dir='ltr'>et</span> <span class='ocrx_word' id='word_1_140' title='bbox 1072 1452 1199 1495; x_wconf 89' lang='lat' dir='ltr'>liberi</span> <span class='ocrx_word' id='word_1_141' title='bbox 1226 1452 1400 1496; x_wconf 90' lang='lat' dir='ltr'>arbitrii</span> <span class='ocrx_word' id='word_1_142' title='bbox 1426 1452 1552 1495; x_wconf 90' lang='lat' dir='ltr'>litem</span> 
     </span>
     <span class='ocr_line' id='line_1_20' title="bbox 93 1521 1551 1579; baseline 0 -13"><span class='ocrx_word' id='word_1_143' title='bbox 93 1536 351 1579; x_wconf 84' lang='lat' dir='ltr'>componere</span> <span class='ocrx_word' id='word_1_144' title='bbox 388 1537 478 1566; x_wconf 92' lang='lat' dir='ltr'>non</span> <span class='ocrx_word' id='word_1_145' title='bbox 511 1522 689 1575; x_wconf 89' lang='lat' dir='ltr'>sufficio,</span> <span class='ocrx_word' id='word_1_146' title='bbox 720 1522 757 1565; x_wconf 91' lang='lat' dir='ltr'>si</span> <span class='ocrx_word' id='word_1_147' title='bbox 793 1522 987 1566; x_wconf 81' lang='lat' dir='ltr'>fatorum</span> <span class='ocrx_word' id='word_1_148' title='bbox 1022 1524 1067 1565; x_wconf 91' lang='lat' dir='ltr'>et</span> <span class='ocrx_word' id='word_1_149' title='bbox 1101 1521 1331 1565; x_wconf 85' lang='lat' dir='ltr'>facilitatis</span> <span class='ocrx_word' id='word_1_150' title='bbox 1365 1524 1551 1566; x_wconf 86' lang='lat' dir='ltr'>naturae</span> 
     </span>
     <span class='ocr_line' id='line_1_21' title="bbox 36 1591 1549 1649; baseline -0.001 -15"><span class='ocrx_word' id='word_1_151' title='bbox 36 1612 78 1635; x_wconf 68' lang='grc' dir='ltr'>ιο</span> <span class='ocrx_word' id='word_1_152' title='bbox 94 1591 434 1649; x_wconf 87' lang='lat' dir='ltr'>repugnantiam</span> <span class='ocrx_word' id='word_1_153' title='bbox 471 1605 640 1648; x_wconf 89' lang='lat' dir='ltr'>nequeo</span> <span class='ocrx_word' id='word_1_154' title='bbox 683 1591 956 1642; x_wconf 88' lang='lat' dir='ltr'>concordare,</span> <span class='ocrx_word' id='word_1_155' title='bbox 998 1591 1214 1648; x_wconf 88' lang='lat' dir='ltr'>numquid</span> <span class='ocrx_word' id='word_1_156' title='bbox 1257 1591 1355 1635; x_wconf 91' lang='lat' dir='ltr'>ideo</span> <span class='ocrx_word' id='word_1_157' title='bbox 1401 1591 1549 1633; x_wconf 91' lang='lat' dir='ltr'>minus</span> 
     </span>
     <span class='ocr_line' id='line_1_22' title="bbox 93 1659 1549 1716; baseline 0 -14"><span class='ocrx_word' id='word_1_158' title='bbox 93 1673 248 1702; x_wconf 89' lang='lat' dir='ltr'>uerum</span> <span class='ocrx_word' id='word_1_159' title='bbox 275 1662 342 1702; x_wconf 89' lang='lat' dir='ltr'>est</span> <span class='ocrx_word' id='word_1_160' title='bbox 370 1660 459 1702; x_wconf 90' lang='lat' dir='ltr'>ista</span> <span class='ocrx_word' id='word_1_161' title='bbox 484 1660 606 1703; x_wconf 60' lang='lat' dir='ltr'>esse?</span> <span class='ocrx_word' id='word_1_162' title='bbox 664 1659 789 1702; x_wconf 89' lang='lat' dir='ltr'>Sicut</span> <span class='ocrx_word' id='word_1_163' title='bbox 812 1660 859 1702; x_wconf 93' lang='lat' dir='ltr'>in</span> <span class='ocrx_word' id='word_1_164' title='bbox 888 1660 984 1702; x_wconf 90' lang='lat' dir='ltr'>iure</span> <span class='ocrx_word' id='word_1_165' title='bbox 1007 1659 1129 1702; x_wconf 90' lang='lat' dir='ltr'>ciuili</span> <span class='ocrx_word' id='word_1_166' title='bbox 1155 1674 1256 1702; x_wconf 90' lang='lat' dir='ltr'>reus</span> <span class='ocrx_word' id='word_1_167' title='bbox 1285 1659 1549 1716; x_wconf 86' lang='lat' dir='ltr'>frequentis·</span> 
     </span>
     <span class='ocr_line' id='line_1_23' title="bbox 92 1727 1550 1787; baseline 0 -16"><span class='ocrx_word' id='word_1_168' title='bbox 92 1728 201 1771; x_wconf 88' lang='lat' dir='ltr'>sime</span> <span class='ocrx_word' id='word_1_169' title='bbox 221 1727 508 1771; x_wconf 88' lang='lat' dir='ltr'>fauorabilior</span> <span class='ocrx_word' id='word_1_170' title='bbox 526 1732 605 1781; x_wconf 89' lang='lat' dir='ltr'>est,</span> <span class='ocrx_word' id='word_1_171' title='bbox 622 1728 686 1771; x_wconf 90' lang='lat' dir='ltr'>ita</span> <span class='ocrx_word' id='word_1_172' title='bbox 706 1728 921 1785; x_wconf 89' lang='lat' dir='ltr'>quaedam</span> <span class='ocrx_word' id='word_1_173' title='bbox 941 1731 1046 1771; x_wconf 91' lang='lat' dir='ltr'>sunt</span> <span class='ocrx_word' id='word_1_174' title='bbox 1066 1729 1113 1770; x_wconf 90' lang='lat' dir='ltr'>in</span> <span class='ocrx_word' id='word_1_175' title='bbox 1133 1728 1550 1787; x_wconf 88' lang='lat' dir='ltr'>inuestigationibus</span> 
     </span>
     <span class='ocr_line' id='line_1_24' title="bbox 91 1797 1549 1854; baseline 0.001 -15"><span class='ocrx_word' id='word_1_176' title='bbox 91 1797 414 1854; x_wconf 84' lang='lat' dir='ltr'>philosophicis,</span> <span class='ocrx_word' id='word_1_177' title='bbox 442 1797 520 1839; x_wconf 91' lang='lat' dir='ltr'>ubi</span> <span class='ocrx_word' id='word_1_178' title='bbox 549 1798 805 1854; x_wconf 90' lang='lat' dir='ltr'>plerumque</span> <span class='ocrx_word' id='word_1_179' title='bbox 834 1798 979 1854; x_wconf 91' lang='lat' dir='ltr'>potior</span> <span class='ocrx_word' id='word_1_180' title='bbox 1007 1812 1110 1854; x_wconf 88' lang='lat' dir='ltr'>pars</span> <span class='ocrx_word' id='word_1_181' title='bbox 1139 1798 1319 1841; x_wconf 87' lang='lat' dir='ltr'>uidetur</span> <span class='ocrx_word' id='word_1_182' title='bbox 1348 1798 1549 1841; x_wconf 88' lang='lat' dir='ltr'>auctoris.</span> 
     </span>
     <span class='ocr_line' id='line_1_25' title="bbox 94 1866 1550 1910; baseline 0.001 -2"><span class='ocrx_word' id='word_1_183' title='bbox 94 1866 191 1909; x_wconf 90' lang='lat' dir='ltr'>Hoc</span> <span class='ocrx_word' id='word_1_184' title='bbox 210 1870 357 1909; x_wconf 87' lang='lat' dir='ltr'>autem</span> <span class='ocrx_word' id='word_1_185' title='bbox 378 1881 434 1909; x_wconf 82' lang='lat' dir='ltr'>ex</span> <span class='ocrx_word' id='word_1_186' title='bbox 457 1866 633 1909; x_wconf 84' lang='lat' dir='ltr'>defectu</span> <span class='ocrx_word' id='word_1_187' title='bbox 655 1869 807 1909; x_wconf 90' lang='lat' dir='ltr'>nostro</span> <span class='ocrx_word' id='word_1_188' title='bbox 832 1866 1024 1909; x_wconf 90' lang='lat' dir='ltr'>arbitror</span> <span class='ocrx_word' id='word_1_189' title='bbox 1047 1867 1234 1909; x_wconf 90' lang='lat' dir='ltr'>euenire.</span> <span class='ocrx_word' id='word_1_190' title='bbox 1293 1867 1550 1910; x_wconf 88' lang='lat' dir='ltr'>Intellectus</span> 
     </span>
     <span class='ocr_line' id='line_1_26' title="bbox 3 1927 1549 1991; baseline 0 -14"><span class='ocrx_word' id='word_1_191' title='bbox 3 1927 6 1933; x_wconf 46' lang='lat'><strong>¹</strong></span> <span class='ocrx_word' id='word_1_192' title='bbox 35 1953 75 1986; x_wconf 83' lang='lat'>²5</span> <span class='ocrx_word' id='word_1_193' title='bbox 94 1933 212 1977; x_wconf 86' lang='lat' dir='ltr'>enim</span> <span class='ocrx_word' id='word_1_194' title='bbox 231 1934 346 1977; x_wconf 86' lang='lat' dir='ltr'>circa</span> <span class='ocrx_word' id='word_1_195' title='bbox 364 1948 510 1977; x_wconf 89' lang='lat' dir='ltr'>rerum</span> <span class='ocrx_word' id='word_1_196' title='bbox 529 1934 672 1991; x_wconf 91' lang='lat' dir='ltr'>prima</span> <span class='ocrx_word' id='word_1_197' title='bbox 690 1934 907 1990; x_wconf 90' lang='lat' dir='ltr'>principia</span> <span class='ocrx_word' id='word_1_198' title='bbox 926 1934 1086 1977; x_wconf 90' lang='lat' dir='ltr'>deficit.</span> <span class='ocrx_word' id='word_1_199' title='bbox 1124 1933 1179 1975; x_wconf 93' lang='lat' dir='ltr'>In</span> <span class='ocrx_word' id='word_1_200' title='bbox 1198 1935 1268 1977; x_wconf 90' lang='lat' dir='ltr'>his</span> <span class='ocrx_word' id='word_1_201' title='bbox 1287 1935 1549 1977; x_wconf 88' lang='lat' dir='ltr'>scrutinium</span> 
     </span>
     <span class='ocr_line' id='line_1_27' title="bbox 93 2002 1549 2058; baseline 0 -14"><span class='ocrx_word' id='word_1_202' title='bbox 93 2002 412 2058; x_wconf 91' lang='lat' dir='ltr'>prouidentiae,</span> <span class='ocrx_word' id='word_1_203' title='bbox 429 2002 900 2058; x_wconf 88' lang='lat' dir='ltr'>inuestigationemque</span> <span class='ocrx_word' id='word_1_204' title='bbox 923 2002 1145 2052; x_wconf 88' lang='lat' dir='ltr'>materiae,</span> <span class='ocrx_word' id='word_1_205' title='bbox 1169 2005 1214 2045; x_wconf 90' lang='lat' dir='ltr'>et</span> <span class='ocrx_word' id='word_1_206' title='bbox 1240 2003 1343 2044; x_wconf 93' lang='lat' dir='ltr'>fidei</span> <span class='ocrx_word' id='word_1_207' title='bbox 1372 2005 1549 2045; x_wconf 88' lang='lat' dir='ltr'>nostrae</span> 
     </span>
     <span class='ocr_line' id='line_1_28' title="bbox 92 2069 1547 2126; baseline 0 -14"><span class='ocrx_word' id='word_1_208' title='bbox 92 2070 255 2112; x_wconf 87' lang='lat' dir='ltr'>multos</span> <span class='ocrx_word' id='word_1_209' title='bbox 275 2069 483 2112; x_wconf 88' lang='lat' dir='ltr'>articulos</span> <span class='ocrx_word' id='word_1_210' title='bbox 502 2069 727 2125; x_wconf 87' lang='lat' dir='ltr'>aptissime</span> <span class='ocrx_word' id='word_1_211' title='bbox 746 2083 899 2112; x_wconf 88' lang='lat' dir='ltr'>censeo</span> <span class='ocrx_word' id='word_1_212' title='bbox 919 2069 1152 2112; x_wconf 90' lang='lat' dir='ltr'>numerari.</span> <span class='ocrx_word' id='word_1_213' title='bbox 1224 2070 1342 2112; x_wconf 90' lang='lat' dir='ltr'>Dum</span> <span class='ocrx_word' id='word_1_214' title='bbox 1372 2070 1419 2111; x_wconf 89' lang='lat' dir='ltr'>in</span> <span class='ocrx_word' id='word_1_215' title='bbox 1449 2084 1547 2126; x_wconf 93' lang='lat' dir='ltr'>pro-</span> 
     </span>
     <span class='ocr_line' id='line_1_29' title="bbox 91 2137 1547 2194; baseline 0 -14"><span class='ocrx_word' id='word_1_216' title='bbox 91 2138 291 2180; x_wconf 91' lang='lat' dir='ltr'>uidentia</span> <span class='ocrx_word' id='word_1_217' title='bbox 324 2138 456 2180; x_wconf 84' lang='lat' dir='ltr'>unius</span> <span class='ocrx_word' id='word_1_218' title='bbox 495 2138 696 2194; x_wconf 90' lang='lat' dir='ltr'>querelae</span> <span class='ocrx_word' id='word_1_219' title='bbox 734 2137 980 2180; x_wconf 89' lang='lat' dir='ltr'>molestiam</span> <span class='ocrx_word' id='word_1_220' title='bbox 1014 2137 1204 2194; x_wconf 88' lang='lat' dir='ltr'>perimis,</span> <span class='ocrx_word' id='word_1_221' title='bbox 1239 2138 1365 2180; x_wconf 90' lang='lat' dir='ltr'>uelut</span> <span class='ocrx_word' id='word_1_222' title='bbox 1398 2138 1547 2181; x_wconf 89' lang='lat' dir='ltr'>Ydrae</span> 
     </span>
     <span class='ocr_line' id='line_1_30' title="bbox 90 2205 1547 2263; baseline -0.001 -14"><span class='ocrx_word' id='word_1_223' title='bbox 90 2206 287 2262; x_wconf 86' lang='lat' dir='ltr'>praeciso</span> <span class='ocrx_word' id='word_1_224' title='bbox 325 2206 469 2263; x_wconf 87' lang='lat' dir='ltr'>capite</span> <span class='ocrx_word' id='word_1_225' title='bbox 507 2206 701 2262; x_wconf 89' lang='lat' dir='ltr'>plurium</span> <span class='ocrx_word' id='word_1_226' title='bbox 736 2208 1014 2248; x_wconf 91' lang='lat' dir='ltr'>succrescunt</span> <span class='ocrx_word' id='word_1_227' title='bbox 1047 2205 1194 2261; x_wconf 90' lang='lat' dir='ltr'>capita</span> <span class='ocrx_word' id='word_1_228' title='bbox 1228 2206 1547 2261; x_wconf 90' lang='lat' dir='ltr'>quaestionum.</span> 
     </span>
     <span class='ocr_line' id='line_1_31' title="bbox 34 2274 1549 2331; baseline 0.001 -14"><span class='ocrx_word' id='word_1_229' title='bbox 34 2293 76 2325; x_wconf 80' lang='lat'>30</span> <span class='ocrx_word' id='word_1_230' title='bbox 93 2274 143 2318; x_wconf 85' lang='lat' dir='ltr'>Si</span> <span class='ocrx_word' id='word_1_231' title='bbox 173 2275 222 2317; x_wconf 92' lang='lat' dir='ltr'>in</span> <span class='ocrx_word' id='word_1_232' title='bbox 259 2275 469 2318; x_wconf 86' lang='lat' dir='ltr'>materiae</span> <span class='ocrx_word' id='word_1_233' title='bbox 508 2274 666 2317; x_wconf 89' lang='lat' dir='ltr'>siluam</span> <span class='ocrx_word' id='word_1_234' title='bbox 704 2274 1021 2331; x_wconf 85' lang='lat' dir='ltr'>progredimur,</span> <span class='ocrx_word' id='word_1_235' title='bbox 1055 2274 1155 2316; x_wconf 89' lang='lat' dir='ltr'>ilico</span> <span class='ocrx_word' id='word_1_236' title='bbox 1196 2274 1393 2330; x_wconf 91' lang='lat' dir='ltr'>patimur</span> <span class='ocrx_word' id='word_1_237' title='bbox 1431 2275 1549 2331; x_wconf 90' lang='lat' dir='ltr'>quod</span> 
     </span>
     <span class='ocr_line' id='line_1_32' title="bbox 94 2369 1551 2425; baseline 0 -18"><span class='ocrx_word' id='word_1_238' title='bbox 94 2381 112 2408; x_wconf 91' lang='lat'>1</span> <span class='ocrx_word' id='word_1_239' title='bbox 138 2370 332 2416; x_wconf 87' lang='lat' dir='ltr'>filosophie</span> <span class='ocrx_word' id='word_1_240' title='bbox 350 2370 411 2406; x_wconf 86' lang='lat' dir='ltr'>CB</span> <span class='ocrx_word' id='word_1_241' title='bbox 554 2381 575 2406; x_wconf 88' lang='lat'>2</span> <span class='ocrx_word' id='word_1_242' title='bbox 601 2381 726 2407; x_wconf 89' lang='lat' dir='ltr'>omero</span> <span class='ocrx_word' id='word_1_243' title='bbox 744 2369 784 2406; x_wconf 66' lang='grc' dir='ltr'>(Ξι</span> <span class='ocrx_word' id='word_1_244' title='bbox 932 2371 956 2406; x_wconf 89' lang='grc'>6</span> <span class='ocrx_word' id='word_1_245' title='bbox 979 2370 1146 2407; x_wconf 83' lang='lat' dir='ltr'>exalauit</span> <span class='ocrx_word' id='word_1_246' title='bbox 1159 2370 1235 2406; x_wconf 84' lang='lat' dir='ltr'>AM</span> <span class='ocrx_word' id='word_1_247' title='bbox 1375 2373 1396 2407; x_wconf 91' lang='lat'><em>8</em></span> <span class='ocrx_word' id='word_1_248' title='bbox 1421 2371 1551 2425; x_wconf 78' lang='lat' dir='ltr'>phylo—</span> 
     </span>
    </p>
   </div>
   <div class='ocr_carea' id='block_1_3' title="bbox 91 2416 1550 2502">
    <p class='ocr_par' dir='ltr' id='par_1_3' title="bbox 91 2416 1550 2502">
     <span class='ocr_line' id='line_1_33' title="bbox 92 2416 1550 2501; baseline 0.001 -47"><span class='ocrx_word' id='word_1_249' title='bbox 92 2418 296 2501; x_wconf 45' lang='lat' dir='ltr'>sopssmrum</span> <span class='ocrx_word' id='word_1_250' title='bbox 313 2417 341 2500; x_wconf 58' lang='grc' dir='ltr'>(ἐ</span> <span class='ocrx_word' id='word_1_251' title='bbox 353 2464 377 2500; x_wconf 75' lang='lat' dir='ltr'>S</span> <span class='ocrx_word' id='word_1_252' title='bbox 380 2417 655 2500; x_wconf 51' lang='lat' dir='ltr'>1⁵fritloasophorum</span> <span class='ocrx_word' id='word_1_253' title='bbox 672 2416 703 2451; x_wconf 92' lang='grc' dir='ltr'><strong>Β</strong></span> <span class='ocrx_word' id='word_1_254' title='bbox 846 2428 890 2453; x_wconf 89' lang='lat'>22</span> <span class='ocrx_word' id='word_1_255' title='bbox 917 2417 959 2453; x_wconf 91' lang='lat' dir='ltr'>in</span> <span class='ocrx_word' id='word_1_256' title='bbox 977 2429 1044 2454; x_wconf 88' lang='lat' dir='ltr'>om.</span> <span class='ocrx_word' id='word_1_257' title='bbox 1061 2417 1134 2453; x_wconf 88' lang='lat' dir='ltr'>AM</span> <span class='ocrx_word' id='word_1_258' title='bbox 1275 2428 1322 2464; x_wconf 92' lang='lat'>29</span> <span class='ocrx_word' id='word_1_259' title='bbox 1345 2419 1506 2465; x_wconf 79' lang='lat' dir='ltr'>presciso</span> <span class='ocrx_word' id='word_1_260' title='bbox 1524 2418 1550 2455; x_wconf 89' lang='lat' dir='ltr'>S</span> 
     </span>
     <span class='ocr_line' id='line_1_34' title="bbox 91 2476 316 2502; baseline -0.004 -1"><span class='ocrx_word' id='word_1_261' title='bbox 91 2477 135 2501; x_wconf 84' lang='lat' dir='ltr'>su</span> <span class='ocrx_word' id='word_1_262' title='bbox 183 2476 316 2502; x_wconf 77' lang='lat' dir='ltr'>rescun</span> 
     </span>
    </p>
   </div>
   <div class='ocr_carea' id='block_1_4' title="bbox 91 2548 1550 2833">
    <p class='ocr_par' dir='ltr' id='par_1_4' title="bbox 91 2548 1550 2820">
     <span class='ocr_line' id='line_1_35' title="bbox 140 2548 1550 2587; baseline 0 0"><span class='ocrx_word' id='word_1_263' title='bbox 140 2561 162 2587; x_wconf 84' lang='lat'>2</span> <span class='ocrx_word' id='word_1_264' title='bbox 186 2552 229 2586; x_wconf 80' lang='lat' dir='ltr'>de</span> <span class='ocrx_word' id='word_1_265' title='bbox 244 2552 421 2587; x_wconf 79' lang='lat' dir='ltr'>Homero:</span> <span class='ocrx_word' id='word_1_266' title='bbox 443 2550 552 2586; x_wconf 91' lang='lat' dir='ltr'>Hanc</span> <span class='ocrx_word' id='word_1_267' title='bbox 569 2548 737 2585; x_wconf 84' lang='lat' dir='ltr'>fabulam</span> <span class='ocrx_word' id='word_1_268' title='bbox 760 2551 889 2585; x_wconf 87' lang='lat' dir='ltr'>narrat</span> <span class='ocrx_word' id='word_1_269' title='bbox 912 2551 1046 2586; x_wconf 87' lang='lat' dir='ltr'>auctor</span> <span class='ocrx_word' id='word_1_270' title='bbox 1066 2551 1167 2585; x_wconf 77' lang='lat' dir='ltr'>Vitae</span> <span class='ocrx_word' id='word_1_271' title='bbox 1191 2551 1342 2586; x_wconf 73' lang='lat' dir='ltr'>Homeri</span> <span class='ocrx_word' id='word_1_272' title='bbox 1364 2549 1550 2587; x_wconf 88' lang='lat' dir='ltr'>Herodoti</span> 
     </span>
     <span class='ocr_line' id='line_1_36' title="bbox 91 2596 1548 2642; baseline 0.001 -10"><span class='ocrx_word' id='word_1_273' title='bbox 91 2596 246 2633; x_wconf 86' lang='lat' dir='ltr'>nomine</span> <span class='ocrx_word' id='word_1_274' title='bbox 264 2597 479 2642; x_wconf 83' lang='lat' dir='ltr'>inscriptae,</span> <span class='ocrx_word' id='word_1_275' title='bbox 498 2597 544 2633; x_wconf 90' lang='lat' dir='ltr'>de</span> <span class='ocrx_word' id='word_1_276' title='bbox 562 2596 722 2632; x_wconf 89' lang='lat' dir='ltr'>Platone</span> <span class='ocrx_word' id='word_1_277' title='bbox 745 2598 938 2632; x_wconf 84' lang='lat' dir='ltr'>narratam</span> <span class='ocrx_word' id='word_1_278' title='bbox 959 2596 1000 2632; x_wconf 90' lang='lat' dir='ltr'>in</span> <span class='ocrx_word' id='word_1_279' title='bbox 1022 2596 1120 2633; x_wconf 89' lang='lat' dir='ltr'>libro</span> <span class='ocrx_word' id='word_1_280' title='bbox 1146 2596 1318 2633; x_wconf 85' lang='lat' dir='ltr'>Flaviani</span> <span class='ocrx_word' id='word_1_281' title='bbox 1342 2597 1475 2634; x_wconf 84' lang='lat' dir='ltr'>amisso</span> <span class='ocrx_word' id='word_1_282' title='bbox 1502 2598 1548 2635; x_wconf 91' lang='lat' dir='ltr'>de</span> 
     </span>
     <span class='ocr_line' id='line_1_37' title="bbox 91 2643 1547 2697; baseline 0.002 -18"><span class='ocrx_word' id='word_1_283' title='bbox 91 2643 272 2690; x_wconf 80' lang='lat' dir='ltr'>Vestigiis</span> <span class='ocrx_word' id='word_1_284' title='bbox 290 2646 328 2680; x_wconf 91' lang='lat' dir='ltr'>et</span> <span class='ocrx_word' id='word_1_285' title='bbox 345 2643 593 2697; x_wconf 85' lang='lat' dir='ltr'>Dogmatibus</span> <span class='ocrx_word' id='word_1_286' title='bbox 615 2643 958 2688; x_wconf 88' lang='lat' dir='ltr'>Philosophorum</span> <span class='ocrx_word' id='word_1_287' title='bbox 947 2643 1128 2680; x_wconf 75' lang='lat' dir='ltr'>mvenisse</span> <span class='ocrx_word' id='word_1_288' title='bbox 1143 2643 1294 2680; x_wconf 86' lang='lat' dir='ltr'>videtur</span> <span class='ocrx_word' id='word_1_289' title='bbox 1316 2644 1473 2687; x_wconf 86' lang='lat' dir='ltr'>Noster,</span> <span class='ocrx_word' id='word_1_290' title='bbox 1499 2646 1547 2682; x_wconf 89' lang='lat' dir='ltr'>cf.</span> 
     </span>
     <span class='ocr_line' id='line_1_38' title="bbox 93 2689 1549 2744; baseline 0.002 -19"><span class='ocrx_word' id='word_1_291' title='bbox 93 2690 273 2727; x_wconf 87' lang='lat' dir='ltr'>Ioannem</span> <span class='ocrx_word' id='word_1_292' title='bbox 286 2690 516 2727; x_wconf 86' lang='lat' dir='ltr'>Wallensem</span> <span class='ocrx_word' id='word_1_293' title='bbox 529 2690 595 2736; x_wconf 89' lang='lat' dir='ltr'>qui</span> <span class='ocrx_word' id='word_1_294' title='bbox 611 2691 691 2726; x_wconf 89' lang='lat' dir='ltr'>flor.</span> <span class='ocrx_word' id='word_1_295' title='bbox 709 2701 741 2725; x_wconf 89' lang='lat' dir='ltr'>a.</span> <span class='ocrx_word' id='word_1_296' title='bbox 762 2692 848 2734; x_wconf 84' lang='lat'>1283</span> <span class='ocrx_word' id='word_1_297' title='bbox 866 2689 908 2725; x_wconf 90' lang='lat' dir='ltr'>in</span> <span class='ocrx_word' id='word_1_298' title='bbox 928 2691 1268 2744; x_wconf 73' lang='lat' dir='ltr'>Compendiloquio</span> <span class='ocrx_word' id='word_1_299' title='bbox 1258 2691 1311 2727; x_wconf 85' lang='lat' dir='ltr'>1ii.</span> <span class='ocrx_word' id='word_1_300' title='bbox 1330 2703 1353 2736; x_wconf 86' lang='lat'><strong>4</strong></span> <span class='ocrx_word' id='word_1_301' title='bbox 1372 2692 1443 2737; x_wconf 62' lang='lat' dir='ltr'>(ed,</span> <span class='ocrx_word' id='word_1_302' title='bbox 1456 2693 1549 2729; x_wconf 89' lang='lat' dir='ltr'>Ven</span> 
     </span>
     <span class='ocr_line' id='line_1_39' title="bbox 97 2736 1550 2820; baseline 0.001 -47"><span class='ocrx_word' id='word_1_303' title='bbox 97 2739 198 2783; x_wconf 86' lang='lat'>1496.</span> <span class='ocrx_word' id='word_1_304' title='bbox 132 2749 253 2820; x_wconf 54' lang='grc' dir='ltr'>ΜΞ.</span> <span class='ocrx_word' id='word_1_305' title='bbox 276 2738 372 2783; x_wconf 88' lang='lat'><strong>196).</strong></span> <span class='ocrx_word' id='word_1_306' title='bbox 421 2737 477 2774; x_wconf 89' lang='lat' dir='ltr'>De</span> <span class='ocrx_word' id='word_1_307' title='bbox 502 2736 670 2773; x_wconf 83' lang='lat' dir='ltr'>Flaviani</span> <span class='ocrx_word' id='word_1_308' title='bbox 696 2736 791 2772; x_wconf 91' lang='lat' dir='ltr'>libro</span> <span class='ocrx_word' id='word_1_309' title='bbox 813 2736 884 2772; x_wconf 87' lang='lat' dir='ltr'>vid.</span> <span class='ocrx_word' id='word_1_310' title='bbox 910 2737 1011 2782; x_wconf 89' lang='lat' dir='ltr'>quod</span> <span class='ocrx_word' id='word_1_311' title='bbox 1032 2737 1174 2784; x_wconf 87' lang='lat' dir='ltr'>optime</span> <span class='ocrx_word' id='word_1_312' title='bbox 1195 2738 1372 2775; x_wconf 85' lang='lat' dir='ltr'>disseruit</span> <span class='ocrx_word' id='word_1_313' title='bbox 1392 2739 1550 2775; x_wconf 84' lang='lat' dir='ltr'>Schaar-</span> 
     </span>
    </p>

    <p class='ocr_par' dir='ltr' id='par_1_5' title="bbox 132 2783 1550 2833">
     <span class='ocr_line' id='line_1_40' title="bbox 132 2783 1550 2833; baseline 0.002 -13.15"><span class='ocrx_word' id='word_1_314' title='bbox 132 2783 213 2820; x_wconf 87' lang='lat' dir='ltr'>hmi</span> <span class='ocrx_word' id='word_1_315' title='bbox 239 2786 267 2821; x_wconf 90' lang='lat' dir='ltr'>t.</span> <span class='ocrx_word' id='word_1_316' title='bbox 282 2785 408 2821; x_wconf 81' lang='lat' dir='ltr'>Iohan.</span> <span class='ocrx_word' id='word_1_317' title='bbox 422 2785 559 2821; x_wconf 77' lang='lat' dir='ltr'>Saresb.</span> <span class='ocrx_word' id='word_1_318' title='bbox 573 2796 637 2831; x_wconf 87' lang='lat' dir='ltr'>pp.</span> <span class='ocrx_word' id='word_1_319' title='bbox 658 2785 780 2830; x_wconf 88' lang='lat'><strong>103-6.</strong></span> <span class='ocrx_word' id='word_1_320' title='bbox 847 2794 902 2820; x_wconf 90' lang='lat'>21.</span> <span class='ocrx_word' id='word_1_321' title='bbox 922 2797 961 2820; x_wconf 89' lang='lat' dir='ltr'>m</span> <span class='ocrx_word' id='word_1_322' title='bbox 974 2797 1053 2822; x_wconf 82' lang='lat' dir='ltr'>mre</span> <span class='ocrx_word' id='word_1_323' title='bbox 1065 2787 1180 2823; x_wconf 81' lang='lat' dir='ltr'>civili:</span> <span class='ocrx_word' id='word_1_324' title='bbox 1199 2797 1232 2822; x_wconf 83' lang='lat' dir='ltr'>v.</span> <span class='ocrx_word' id='word_1_325' title='bbox 1246 2787 1329 2832; x_wconf 74' lang='lat' dir='ltr'>Diq.</span> <span class='ocrx_word' id='word_1_326' title='bbox 1341 2786 1368 2822; x_wconf 89' lang='lat'>1.</span> <span class='ocrx_word' id='word_1_327' title='bbox 1383 2786 1550 2833; x_wconf 77' lang='lat'>17§125.</span> 
     </span>
    </p>
   </div>
   <div class='ocr_carea' id='block_1_5' title="bbox 1376 2861 1438 2894">
    <p class='ocr_par' dir='ltr' id='par_1_6' title="bbox 1376 2861 1438 2894">
     <span class='ocr_line' id='line_1_41' title="bbox 1376 2861 1438 2894; baseline 0 -9"><span class='ocrx_word' id='word_1_328' title='bbox 1376 2861 1438 2894; x_wconf 84' lang='lat'>141</span> 
     </span>
    </p>
   </div>
   <div class='ocr_carea' id='block_1_6' title="bbox 1564 163 1704 212">
    <p class='ocr_par' dir='ltr' id='par_1_7' title="bbox 1564 163 1704 212">
     <span class='ocr_line' id='line_1_42' title="bbox 1564 163 1704 212; baseline -0.014 -8"><span class='ocrx_word' id='word_1_329' title='bbox 1564 163 1655 212; x_wconf 84' lang='lat'>460</span> <span class='ocrx_word' id='word_1_330' title='bbox 1675 164 1704 202; x_wconf 90' lang='lat' dir='ltr'>b</span> 
     </span>
    </p>
   </div>
   <div class='ocr_carea' id='block_1_7' title="bbox 1564 286 1594 324">
    <p class='ocr_par' dir='ltr' id='par_1_8' title="bbox 1564 286 1594 324">
     <span class='ocr_line' id='line_1_43' title="bbox 1564 286 1594 324; baseline 0 0"><span class='ocrx_word' id='word_1_331' title='bbox 1564 286 1594 324; x_wconf 93' lang='lat' dir='ltr'>b</span> 
     </span>
    </p>
   </div>
   <div class='ocr_carea' id='block_1_8' title="bbox 1566 1327 1592 1356">
    <p class='ocr_par' dir='ltr' id='par_1_9' title="bbox 1566 1327 1592 1356">
     <span class='ocr_line' id='line_1_44' title="bbox 1566 1327 1592 1356; baseline 0 0"><span class='ocrx_word' id='word_1_332' title='bbox 1566 1327 1592 1356; x_wconf 76' lang='lat' dir='ltr'>c</span> 
     </span>
    </p>
   </div>
   <div class='ocr_carea' id='block_1_9' title="bbox 1563 2142 1592 2181">
    <p class='ocr_par' dir='ltr' id='par_1_10' title="bbox 1563 2142 1592 2181">
     <span class='ocr_line' id='line_1_45' title="bbox 1563 2142 1592 2181; baseline 0 0"><span class='ocrx_word' id='word_1_333' title='bbox 1563 2142 1592 2181; x_wconf 88' lang='lat' dir='ltr'>d</span> 
     </span>
    </p>
   </div>
  </div>
 </body>
</html>
