1878 3172
177 169 255 209 545
271 160 299 198 b
649 156 803 200 IOAN
805 156 848 199 N
852 156 909 200 IS
949 155 1461 210 SARESBERIENSIS
1625 153 1735 215 [ΜΒ.
1751 165 1780 199 v

320 276 460 330 Quale
499 279 567 319 est
605 276 723 334 quod
762 276 872 319 alios
907 290 1171 319 ueneramur
1208 276 1434 334 ingenuos,
1463 277 1563 320 aliis
1601 276 1782 320 seruiles

318 346 606 389 contumelias
625 345 882 402 irrogamus.
942 345 1136 388 Istorum
1163 345 1345 388 diuitias
1367 345 1576 398 colimus;
1604 345 1782 388 illorum
1823 338 1826 341 ’

318 415 669 472 contempnimus
688 417 1006 471 paupertatem.

338 478 339 482 ¹
377 483 599 526 Naturam
638 483 827 526 diffinire
870 483 1045 526 difficile
1091 498 1184 526 esse
1229 483 1388 526 asserit
1426 483 1610 528 Tullius.
1687 483 1782 542 Ego

319 553 539 596 difficilius
578 552 707 597 credo
747 553 936 595 diffinire
972 552 1210 603 fortunam,
1247 567 1297 596 eo
1329 553 1447 610 quod
1480 553 1614 596 huius
1647 553 1782 604 nulla,
1800 569 1818 603 ⁵

318 622 437 664 illius
457 622 607 679 aliqua
633 621 883 664 substantia
910 623 988 664 est.
1048 621 1225 664 Natura
1249 621 1466 679 siquidem
1492 622 1623 665 rebus
1649 621 1781 678 origi-

317 706 418 734 nem
450 691 655 748 praebet3
697 691 814 747 quod
849 705 1127 747 nequaquam
1159 694 1284 742 esset,
1314 691 1353 734 si
1385 691 1434 734 in
1465 691 1655 734 ueritate
1686 691 1782 748 ipsa

316 775 406 804 non
447 763 572 804 esset.
631 760 760 813 Quod
795 759 912 802 enim
947 760 1125 803 omnino
1159 774 1248 803 non
1284 763 1363 811 est,
1393 760 1524 804 alicui
1558 763 1782 817 praestare

317 845 406 872 non
441 831 588 887 potest
625 831 678 872 ut
711 829 781 871 sit.
840 828 904 871 At
938 828 1121 871 fortuna
1151 843 1251 872 cum
1290 844 1379 872 non
1412 830 1482 880 sit,
1514 844 1604 873 non
1636 831 1783 886 potest

275 910 299 940 c
317 898 510 943 diffiniri.
568 898 623 940 In
644 912 695 941 eo
714 897 931 955 siquidem
952 898 1070 955 quod
1089 913 1178 941 non
1199 901 1277 950 est,
1297 913 1387 942 non
1410 901 1557 956 potest
1576 899 1781 956 cuiquam
1801 916 1844 941 ιο

316 970 517 1011 constare
537 966 645 1024 quid
666 967 736 1009 sit.

375 1037 572 1079 Efferant
595 1031 798 1093 Epicurei
823 1036 1081 1093 praecipuas
1108 1036 1350 1080 sententias
1377 1050 1491 1087 suas,
1515 1050 1625 1093 quas
1644 1035 1782 1079 kiria-

314 1106 453 1149 doxas
491 1109 664 1156 uocant,
700 1105 860 1162 quibus
900 1106 1039 1148 totius
1074 1106 1376 1162 philosophiae
1415 1108 1579 1163 putant
1616 1105 1782 1148 seruire

314 1189 575 1232 processum,
600 1177 646 1218 et
675 1189 796 1218 more
825 1189 904 1218 suo
931 1174 1138 1218 fortunae
1165 1174 1386 1218 subiciant
1409 1175 1627 1218 uniuersa.
1687 1174 1781 1232 Ego

315 1245 363 1286 in
392 1245 486 1295 hoc,
511 1244 626 1287 sicut
650 1246 696 1286 et
722 1244 769 1285 in
800 1244 1015 1301 plurimis,
1037 1243 1291 1287 Plutarcum
1321 1258 1475 1288 censeo
1501 1243 1780 1293 audiendum,
1800 1258 1841 1293 15

316 1313 392 1370 qui
428 1313 553 1356 deam
587 1328 731 1356 cecam
765 1313 991 1356 colendam
1025 1328 1116 1356 esse
1150 1317 1297 1370 negat,
1328 1327 1525 1356 asserens
1559 1327 1656 1356 eam
1694 1312 1781 1355 nisi
1836 1359 1842 1363 ,

316 1398 343 1424 a
371 1382 483 1426 cecis
512 1382 595 1425 coli
630 1397 719 1425 non
749 1397 885 1439 posse.
946 1383 1091 1425 Multa
1125 1397 1298 1439 quoque
1327 1382 1535 1439 proponit
1569 1381 1781 1438 exempla,

317 1452 477 1508 quibus
507 1451 648 1508 liquet
683 1466 833 1494 omnes
868 1466 992 1494 cecae
1023 1451 1130 1494 deae
1159 1452 1350 1494 cultores
1383 1454 1552 1495 cecatos
1582 1454 1628 1494 et
1655 1465 1779 1508 prae-

315 1521 522 1577 cipitatos
569 1520 750 1563 tandem
796 1520 843 1562 in
892 1520 1068 1563 foueam
1113 1520 1376 1563 exterminii.
1447 1520 1654 1563 Testatur
1698 1520 1780 1563 hoc

316 1590 470 1641 Galba,
490 1589 578 1646 qui,
605 1591 747 1632 totam
779 1592 943 1631 etatem
973 1589 1219 1632 luculenter
1247 1589 1491 1646 producens
1519 1589 1567 1631 in
1596 1589 1778 1639 senium,
1799 1608 1842 1632 20

318 1658 451 1701 huius
491 1658 597 1700 deae
638 1657 944 1700 familiaritate
988 1661 1033 1700 et
1064 1658 1187 1700 cultu
1227 1658 1274 1700 in
1314 1658 1438 1700 breui
1479 1658 1621 1700 elatus
1656 1661 1702 1701 et
1732 1658 1782 1700 in

317 1728 509 1771 breuiori
524 1727 839 1784 praecipitatus
856 1730 932 1769 est.
984 1727 1186 1780 Qualiter
1204 1730 1365 1778 autem,
1380 1727 1499 1784 apud
1519 1727 1781 1770 Suetonium

273 1805 301 1845 d
319 1811 489 1853 quaere.
551 1796 763 1849 Queritur
788 1798 938 1839 tamen
962 1796 1191 1853 praefatus
1214 1796 1501 1853 philosophus
1527 1800 1572 1839 et
1601 1796 1648 1838 in
1674 1811 1782 1840 aure

318 1866 407 1907 iam
447 1865 555 1908 dicti
593 1865 804 1922 principis
843 1865 1173 1908 lacrimabiliter
1213 1865 1474 1923 ingemiscit,
1513 1865 1630 1922 quod
1673 1865 1779 1909 haec

314 1933 426 1976 uitio
465 1934 662 1977 cecitatis
706 1937 752 1976 et
806 1934 1069 1977 temeritatis
1107 1934 1317 1991 probrosa
1360 1933 1443 1976 dea
1486 1937 1532 1977 et
1574 1934 1778 1978 omnibus
1798 1951 1838 1986 25

314 2001 606 2059 ignominiosa
634 2002 891 2045 numinibus
917 2003 1114 2045 omnium
1147 2002 1328 2045 deorum
1363 2002 1530 2059 templa
1558 2002 1780 2045 fedauerit

316 2072 361 2113 et
396 2070 578 2114 deorum
613 2070 810 2113 omnium
839 2071 1134 2128 praeripuerit
1168 2059 1351 2122 culth
1378 2073 1430 2114 ut
1464 2073 1639 2128 praeter
1679 2072 1779 2115 edes

319 2211 374 2246 12,
408 2211 448 2247 13
485 2201 709 2247 kyriadoxas
737 2201 812 2237 AM
1022 2211 1062 2247 13
1087 2200 1361 2248 phylosophiae
1390 2200 1431 2237 Μ
1634 2210 1675 2255 15
1701 2201 1781 2249 plu-

317 2249 490 2331 ᾑῗιῖἒιιωι
507 2249 548 2284 Μ
738 2259 782 2295 23
807 2248 1063 2295 phylosophus
1079 2248 1119 2284 M
1286 2258 1332 2294 24
1349 2254 1431 2295 post
1453 2247 1671 2295 ingemiscit
1695 2251 1779 2286 add.

316 2308 336 2332 e

364 2423 387 2457 4
422 2415 604 2449 Naturam
631 2415 727 2450 eta:
770 2425 802 2449 v.
832 2411 909 2449 Cic.
935 2415 977 2448 de
1009 2413 1145 2448 Invent.
1181 2422 1209 2448 1.
1243 2422 1287 2457 24
1325 2411 1344 2459 ξ
1379 2422 1778 2459 34.12,13

316 2461 553 2497 kiriadooeas:
594 2472 642 2496 sc.
669 2459 763 2506 κυρία
744 2474 783 2496 ας
812 2460 851 2495 δο
843 2461 935 2505 ’ξας;
973 2471 1003 2496 v.
1034 2459 1108 2495 Cic.
1135 2462 1177 2495 de
1201 2461 1283 2494 Fin.
1313 2469 1344 2494 2.
1371 2468 1391 2503 7
1415 2458 1434 2506 ξ
1460 2469 1517 2496 20.
1736 2469 1776 2507 15

315 2508 553 2543 Plutarcum:
586 2507 627 2543 in
643 2509 874 2543 Institutione
893 2508 1065 2552 Traiani3
1093 2506 1139 2543 cf.
1159 2505 1259 2542 Plut.
1276 2508 1319 2542 de
1334 2507 1500 2542 Fortuna
1517 2518 1547 2543 c.
1565 2517 1586 2542 2
1591 2506 1716 2564 (98A,
1736 2509 1779 2553 Β)

316 2557 417 2589 ποῖον
441 2554 470 2615 δΔ
495 2570 535 2590 ου
516 2556 555 2591 ὐκ
579 2555 762 2600 ἀναιρεῖιτα
793 2556 839 2597 βο
840 2556 900 2589 υλε
885 2553 996 2600 ευτήρι
999 2569 1037 2589 ον
1069 2569 1114 2590 πο
1096 2556 1203 2590 όλεως
1227 2580 1236 2589 .
1262 2580 1272 2590 .
1297 2580 1306 2589 .
1332 2554 1362 2588 εἷ
1389 2554 1455 2590 ὑπὸ
1487 2556 1528 2598 τῇ
1561 2553 1648 2600 τύχῃ
1679 2554 1777 2590 πάντ’

315 2600 421 2643 ἐστι’,ν
447 2600 487 2646 ἣν
519 2617 559 2637 τυ
541 2602 657 2648 υφλὴν
687 2601 786 2637 λοιδο
768 2605 922 2648 οροῦμεν,
947 2603 993 2637 ὡς
1024 2601 1151 2647 τυφλοὶ
1141 2615 1300 2648 πιεριπι
1289 2602 1444 2637 {nvom-cs·
1471 2602 1577 2645 αὐτῇ;
1612 2601 1645 2636 τί
1673 2600 1703 2636 δ’
1738 2601 1778 2637 οὗ

315 2663 357 2692 με
341 2647 426 2682 εὀλλ
409 2663 467 2692 ομε
471 2663 499 2691 ν,
518 2647 599 2684 ὅταν
622 2650 740 2695 ὥσπερ
769 2649 903 2694 ὄμματα
930 2650 991 2693 τὴν
1017 2648 1199 2692 εὐβουλίαν
1225 2649 1303 2683 ἐκκο
1294 2648 1434 2693 'xitum-es·
1461 2648 1571 2684 αὐτῶν
1603 2650 1665 2683 τοῦ
1697 2649 1777 2692 βίον

314 2695 452 2739 τυφλὴν
478 2710 518 2741 χε
520 2710 668 2743 ιραγωγο
670 2710 689 2731 ν
716 2697 920 2740 λαμβάνωμε
906 2709 963 2738 ε,·ν
1142 2705 1190 2730 20
1229 2695 1369 2730 Galba:
1404 2705 1434 2730 v.
1463 2693 1564 2731 Suet.
1599 2695 1714 2731 Galba
1742 2705 1775 2740 4,

317 2743 370 2823 Γ118.
516 2752 561 2788 23
596 2745 791 2789 praefatus
818 2723 1076 2788 philosophus:
1119 2741 1354 2778 Plutarchus.
1497 2751 1541 2787 24
1569 2744 1776 2789 principis:

349 2799 481 2824 ralanl.

427 2869 489 2904 ²9²
