1878 3172
194 96 272 136 573
289 97 319 126 a
661 82 921 127 IOANNIS
951 81 1461 127 SARESBERIENSIS
1640 81 1794 144 [ΜΒΝ
1859 0 1878 282 ³

337 203 537 246 admittit
563 217 696 259 quam
723 203 764 245 ei
790 202 1003 260 praestito
1029 205 1301 246 sacramento
1326 202 1496 246 faciant
1519 200 1651 246 fidem
1677 203 1795 260 quod

337 273 535 315 iustitiae
550 287 655 315 suae
670 272 878 315 insistent
892 274 937 315 et
951 271 1246 328 calumpniam
1266 287 1439 316 omnem
1453 272 1619 316 facient
1631 272 1797 330 procul.
1860 262 1878 328 3:

292 351 320 389 b
338 341 476 384 Actor
495 341 673 398 quidem
691 341 809 384 iuret
826 355 916 384 non
935 341 1264 398 calumpniandi
1290 341 1437 385 animo
1455 342 1581 385 litem
1607 341 1796 385 mouisse
1863 334 1878 386 ’,ἶ

338 412 415 454 8811
445 411 739 454 existimando
770 411 931 454 bonam
959 411 1121 454 habere
1151 425 1329 454 causam
1359 413 1406 454 et
1436 411 1553 468 quod
1581 410 1718 455 nichil
1747 410 1795 452 111
1863 418 1878 463 ᾗ.

337 483 434 523 tota
467 480 547 523 lite
578 480 712 523 faciet
742 479 1038 537 calumpniose
1075 482 1129 522 ut
1165 494 1246 523 nec
1283 480 1486 537 probatio
1522 494 1602 524 nec
1640 479 1795 522 dilatio
1812 495 1832 531 5
1868 502 1870 506 ·

337 549 623 593 frustratoria
653 549 860 606 exigatur
892 549 968 592 sed
1007 549 1054 591 id
1087 549 1229 592 solum
1265 549 1382 606 quod
1412 549 1586 592 iustitia
1617 549 1796 592 uidetur
1867 578 1871 597 ξ

338 619 526 676 exigere.
599 618 717 662 Reus
751 620 899 661 autem
933 618 1100 660 iurabit
1133 617 1251 674 quod
1294 621 1458 675 putans
1495 633 1542 662 se
1580 618 1696 661 bona
1729 617 1796 659 in·
1866 599 1878 654 1

338 688 505 731 stantia
542 688 611 730 uti
654 688 858 744 peruenit
900 687 957 730 ad
996 687 1302 731 reluctandum
1341 690 1387 731 et
1425 687 1542 744 quod
1580 688 1629 729 in
1673 687 1796 730 nullo

337 757 476 800 totius
514 757 607 800 litis
646 757 832 800 articulo
871 757 1167 813 calumpniose
1205 757 1468 809 uersabitur,
1502 756 1549 800 id
1588 756 1729 800 solum
1768 770 1796 799 a
1862 754 1869 782 ²·

337 825 481 868 iudice
509 825 582 868 uel
611 825 864 867 aduersario
893 825 1075 882 exigens
1107 825 1223 882 quod
1252 840 1332 882 pro
1361 825 1551 869 ueritate
1578 827 1711 882 putat
1739 839 1796 868 ex
1815 839 1857 864 10

338 895 597 938 necessitate
617 895 816 937 iustitiae
837 894 1146 937 exhibendum.
1204 894 1400 951 Vterque
1426 909 1533 938 uero
1558 894 1797 937 iuramenti
1864 894 1878 968 ’Ξ

339 964 408 1006 8111
438 967 637 1007 extrema
662 964 859 1007 clausula
884 964 966 1007 hoc
995 964 1318 1020 complectetur,
1338 967 1390 1007 ut
1412 963 1561 1007 iurent
1589 978 1635 1007 se
1661 963 1799 1007 nichil
1870 969 1878 1027 ξ

339 1033 510 1076 dedisse
549 1035 629 1076 aut
667 1033 917 1090 promisisse
955 1036 1035 1076 aut
1073 1033 1254 1077 daturos
1293 1048 1386 1077 8888
1418 1033 1492 1077 1181
1529 1048 1609 1091 per
1641 1047 1687 1076 se
1725 1032 1798 1075 uel
1871 1042 1878 1092 ἢ

339 1117 419 1159 per
438 1102 627 1145 mediam
648 1117 878 1159 personam
905 1103 999 1146 siue
1026 1103 1244 1146 iudicibus
1270 1103 1364 1146 siue
1389 1102 1489 1146 aliis
1515 1102 1797 1159 quibuscum·

340 1187 424 1229 que
458 1172 656 1228 personis
684 1186 764 1228 pro
794 1187 845 1215 ea
874 1186 1006 1215 causa
1034 1172 1229 1229 exceptis
1258 1172 1328 1215 his
1357 1187 1468 1229 quae
1497 1171 1723 1215 aduocatis
1751 1174 1798 1214 et
1816 1163 1873 1221 15'5‘

340 1241 604 1298 quibusdam
660 1242 759 1284 aliis
807 1241 938 1285 certis
992 1242 1189 1298 personis
1247 1242 1302 1284 de
1357 1241 1467 1284 iuris
1522 1240 1800 1299 indulgentia
1826 1289 1833 1292 ,
1875 1277 1878 1284 .

300 1323 324 1352 c
340 1310 556 1367 praestari
595 1310 708 1355 licet.
788 1310 915 1363 Quod
963 1310 1001 1353 si
1051 1313 1173 1353 actor
1219 1310 1280 1354 sic
1328 1310 1474 1353 iurare
1520 1309 1801 1361 recusauerit,
1871 1301 1878 1371 j

342 1379 547 1422 exclusus
595 1394 623 1421 a
671 1379 750 1422 lite
799 1379 920 1422 cadit
968 1379 1025 1421 ab
1074 1379 1245 1422 actione
1298 1382 1525 1436 tamquam
1574 1379 1800 1436 improbus
1873 1407 1878 1423 <2

341 1449 553 1505 litigator.
597 1448 714 1491 Reus
734 1462 839 1491 uero
859 1448 1107 1491 detrectans
1126 1449 1274 1491 subire
1293 1448 1591 1491 iuramentum
1610 1448 1800 1491 habetur

341 1532 422 1574 pro
441 1516 639 1560 confesso
659 1520 704 1559 et
723 1517 987 1560 sententiam
1013 1517 1339 1574 dampnationis
1365 1519 1580 1574 expectat.
1641 1516 1729 1560 Sed
1753 1520 1799 1560 et
1817 1506 1878 1580 20³⁴}

342 1586 428 1642 ipsi
456 1586 633 1642 patroni
660 1600 901 1636 causarum,
928 1600 1015 1644 quo
1040 1586 1211 1631 fidelior
1236 1586 1375 1646 possit
1401 1600 1494 1629 esse
1519 1585 1800 1637 examinatio,
1867 1578 1878 1651 Ξ

344 1655 401 1697 ab
420 1655 516 1711 ipsa
535 1654 853 1697 contestatione
873 1654 966 1697 litis
985 1655 1232 1699 iuramento
1252 1657 1458 1697 artantur
1482 1654 1540 1697 ad
1565 1654 1802 1698 ueritatem
1867 1649 1878 1714 ἐξ

344 1727 389 1767 81,
427 1723 570 1773 fidem,
600 1723 798 1768 iurantes
830 1724 958 1779 quod,
990 1739 1090 1767 cum
1125 1724 1244 1768 omni
1278 1723 1448 1766 uirtute
1481 1738 1562 1766 sua
1595 1723 1802 1781 omnique
1869 1717 1878 1775 ἔξ

343 1807 425 1849 ope
454 1792 571 1849 quod
602 1792 769 1835 iustum
801 1795 846 1835 81,
879 1807 1035 1838 118111111
1067 1793 1422 1837 existimauerint
1447 1793 1680 1836 clientibus
1709 1794 1801 1837 suis
1866 1799 1878 1852 'j

343 1861 508 1904 inferre
527 1862 839 1918 procurabunt,
859 1861 996 1905 nichil
1016 1862 1153 1906 studii
1173 1862 1472 1919 relinquentes
1491 1865 1625 1919 prout
1643 1862 1800 1919 cuique
1819 1853 1878 1926 θεὲ

343 1931 549 1987 possibile
573 1933 640 1974 est
659 1933 704 1973 et
724 1931 841 1987 quod
868 1946 924 1974 ex
950 1931 1170 1974 industria
1191 1945 1271 1974 sua
1289 1946 1379 1974 non
1402 1931 1662 1988 protrahent
1688 1931 1802 1976 lites.
1864 1925 1878 1971 ’1

345 2000 463 2043 Nam
490 2014 563 2042 eas
589 2003 764 2056 oportet
789 2014 816 2042 a
842 2000 1060 2044 iudicibus
1085 2000 1206 2043 infra
1224 2000 1451 2043 biennium
1469 2001 1542 2043 uel
1561 2001 1803 2043 triennium

345 2069 588 2112 terminari.
664 2068 790 2125 Ipsos
839 2084 1011 2128 quoque
1061 2069 1298 2112 aduocatos
1345 2069 1443 2126 pari
1493 2069 1804 2113 distributione
1867 2070 1870 2071 ⁷

303 2144 332 2184 d
348 2138 550 2195 partibus
579 2138 854 2194 exaequabit,
883 2138 977 2181 siue
1003 2153 1076 2181 eos
1099 2138 1309 2195 petierint
1331 2139 1426 2181 siue
1451 2152 1552 2189 non,
1581 2141 1634 2181 ut
1664 2153 1804 2195 aequo

349 2208 493 2249 Marte
531 2207 670 2263 possit
708 2221 840 2250 causa
878 2207 1121 2263 procedere.
1200 2207 1322 2250 Haec
1365 2210 1514 2250 autem
1552 2207 1720 2264 paritas
1758 2211 1804 2251 et
1821 2221 1865 2255 30

348 2277 395 2318 in
415 2276 598 2319 uirtutis
617 2275 775 2319 merito
796 2279 841 2319 et
860 2276 1100 2319 uiuacitate
1120 2276 1299 2332 ingenii,
1311 2275 1480 2319 consilii
1499 2275 1804 2333 profunditate

351 2395 393 2429 17
419 2386 550 2421 auctor
567 2384 607 2420 M
749 2393 793 2428 27
818 2395 842 2419 a
857 2382 1042 2419 iudicibus
1058 2384 1209 2430 oportet
1223 2383 1257 2419 A

399 2491 431 2526 3,
449 2491 472 2525 4
495 2483 608 2516 Actor
622 2509 631 2517 .
650 2509 658 2518 .
676 2508 685 2517 .
702 2493 869 2517 causam:
895 2479 1007 2516 verba
1023 2478 1237 2516 Iustiniani.
1415 2488 1450 2525 7,
1467 2480 1488 2516 8
1512 2481 1609 2516 Reus
1625 2507 1635 2517 .
1656 2506 1665 2516 .
1682 2507 1691 2516 .
1707 2482 1803 2517 relu·
1877 2520 1878 2527 :

349 2531 540 2564 ctandum:
559 2528 638 2565 fere
655 2529 770 2565 verba
787 2525 997 2563 Iustiniani.
1097 2537 1135 2563 11
1158 2528 1305 2573 Vterque
1321 2527 1414 2563 etc-z
1433 2539 1465 2562 v.
1479 2528 1680 2563 Anthemio.
1693 2528 1802 2563 cxvii.
1875 2533 1878 2578 1

351 2575 436 2611 coll.
453 2574 502 2610 ix.
522 2575 583 2610 tit.
603 2584 621 2620 5
643 2574 661 2621 ξ
684 2585 699 2611 1
721 2576 868 2620 (=Nov.
890 2573 1009 2610 cxxiv.
1030 2573 1080 2619 1).
1180 2583 1220 2618 17
1249 2575 1348 2617 Quod
1370 2576 1404 2609 si
1427 2579 1527 2610 actor
1540 2575 1636 2611 eta:
1661 2586 1693 2610 v.
1712 2573 1801 2610 cod.
1877 2587 1878 2598 ³

352 2621 484 2658 Iustin.
509 2621 547 2657 ii.
578 2623 631 2667 58.
658 2632 678 2658 2
705 2621 746 2669 ἐξ
773 2623 854 2658 6-8.
996 2631 1053 2665 20,
1071 2630 1112 2656 21
1140 2621 1209 2656 Sed
1233 2625 1266 2656 et
1287 2622 1361 2666 ipsi
1379 2622 1529 2666 patroni
1545 2623 1636 2657 etc.:
1660 2633 1695 2658 v.
1715 2621 1802 2658 Cod.

351 2668 405 2704 iii.
429 2679 456 2704 1.
480 2678 521 2712 14
540 2668 557 2714 ξ
577 2679 610 2712 4.
768 2678 812 2713 27
837 2670 933 2704 Nam
949 2679 1008 2703 eas
1024 2670 1118 2704 eta:
1145 2680 1176 2704 v.
1193 2667 1283 2705 0011.
1299 2666 1354 2703 111.
1375 2678 1404 2705 1.
1425 2678 1478 2714 13.
1633 2669 1676 2705 28
1701 2670 1804 2715 Ipsos

349 2727 481 2764 quoque
497 2717 687 2751 aduocatos
703 2717 773 2752 etc.
791 2728 799 2751 z
824 2727 855 2752 v.
873 2714 962 2752 God.
981 2714 1022 2752 ii.
1040 2716 1075 2752 6.
1095 2724 1127 2759 7.

460 2795 528 2829 340
