1878 3172
198 110 277 160 576
299 120 323 149 c
667 107 926 152 IOANNIS
967 106 1475 151 SARESBERIENSIS
1646 104 1754 166 [Lm.
1768 115 1800 149 V

343 227 493 278 officio,
528 227 725 284 personis
763 229 913 270 tamen
953 241 1103 270 eorum
1142 227 1359 278 conuenit,
1393 225 1469 283 qui
1509 227 1662 268 euntes
1699 227 1801 282 post

297 302 326 341 d
343 297 716 353 concupiscentias
742 311 844 339 suas
870 297 918 338 in
944 299 1114 340 sectatu
1144 295 1358 339 auaritiae
1388 298 1434 339 et
1461 293 1800 352 depraedatione
1856 310 1878 322 ν·

339 366 619 423 popularium
648 381 676 409 a
702 366 882 409 tramite
908 366 1146 422 aequitatis
1172 365 1390 408 aberrant.
1449 364 1624 407 Debent
1651 366 1800 406 autem

337 435 479 478 officia
518 435 715 478 omnium
754 449 847 477 esse
890 435 1100 492 gratuita,
1139 437 1192 477 ut
1239 434 1375 477 nichil
1413 433 1534 476 ultra
1579 434 1799 476 statutum
1858 436 1878 491 ᾖξε,

337 504 544 581 exigatur
572 503 649 546 sed
680 518 759 547 nec
789 504 1038 560 recipiatur.
1098 503 1186 546 Sed
1215 503 1332 546 forte
1355 502 1463 560 quid
1491 504 1711 545 statutum
1739 499 1799 543 sit
1815 519 1836 554 ⁵
1862 492 1878 562 {3

338 573 523 629 quaeris.
584 572 818 616 Plebiscito
851 573 1104 616 continetur
1131 587 1188 615 ne
1220 572 1319 629 quis
1353 572 1604 629 praesidum
1637 583 1800 613 munus
1861 582 1864 587 ·

336 642 559 684 donumue
598 644 784 698 caperet,
824 642 910 684 nisi
960 642 1231 685 esculentum
1269 641 1619 699 poculentumue‚
1659 642 1705 683 et
1751 638 1799 682 id

337 711 515 768 quidem
554 711 675 753 intra
715 711 808 753 dies
857 711 1081 768 proximos
1119 711 1393 768 prodigatur.
1471 710 1600 763 Quod
1648 711 1694 752 et
1741 708 1799 751 ad
1853 740 1855 743 .

334 780 615 837 proconsules
654 779 850 836 aliosque
889 781 1177 837 magistratus
1226 795 1283 823 ex
1330 779 1540 822 mandato
1587 777 1798 835 principis
1855 827 1858 830 ,

335 849 510 892 transit.
589 848 692 891 Non
731 863 838 891 uero
877 849 924 891 in
970 852 1115 892 totum
1158 849 1322 893 debent
1360 848 1527 892 exeniis
1566 847 1798 898 abstinere,
1814 851 1831 887 '1
1860 843 1861 846 ¹

335 918 412 960 sed
450 917 630 960 modum
663 918 883 962 adhibere.
942 919 1004 961 Vt
1033 933 1139 962 uero
1169 933 1248 962 nec
1287 919 1335 961 in
1369 921 1515 961 totum
1545 917 1799 960 abstineant
1858 943 1859 946 =

334 1002 414 1030 nec
445 1002 578 1030 auare
612 987 793 1030 modum
828 988 1085 1030 exeniorum
1115 988 1341 1038 excedant,
1370 987 1502 1030 diuus
1532 986 1722 1029 Seuerus
1752 988 1798 1029 et

334 1057 575 1112 imperator
594 1055 849 1099 Antoninus
876 1057 1199 1114 elegantissime
1227 1060 1332 1100 sunt
1359 1056 1544 1114 epistola
1570 1055 1798 1099 moderati.
1860 1055 1867 1066 ⁹

338 1124 477 1169 Cuius
516 1126 728 1182 epistolae
767 1126 904 1168 uerba
941 1130 1047 1169 sunt
1092 1127 1230 1170 haec:
1279 1126 1506 1179 Quantum
1546 1125 1603 1167 ad
1641 1125 1798 1167 exenia

197 1207 272 1247 577
292 1209 321 1237 a
338 1195 543 1252 pertinet,
581 1195 687 1237 audi
726 1196 843 1252 quod
889 1196 1113 1239 sentimus.
1191 1196 1331 1239 Vetus
1375 1194 1658 1252 prouerbium
1705 1196 1797 1237 est:
1816 1203 1876 1249 1⁵4

338 1263 431 1306 Nec
470 1264 629 1314 omnia,
667 1278 747 1307 nec
786 1279 967 1321 semper,
1006 1280 1085 1308 nec
1125 1265 1182 1307 ab
1219 1264 1437 1308 omnibus.
1510 1263 1628 1306 Nam
1667 1262 1798 1306 ualde
1824 1310 1830 1314 ⁸
1861 1259 1878 1303 13³.

335 1333 628 1375 inhumanum
648 1336 716 1376 est
736 1348 763 1375 a
782 1334 956 1377 nemine
977 1335 1194 1391 accipere;
1224 1334 1300 1377 sed
1320 1334 1494 1390 passim,
1514 1332 1796 1385 uilissimum;
1863 1296 1878 1367 l

334 1405 379 1445 et
408 1417 487 1458 per
516 1402 674 1452 omnia,
705 1402 1026 1447 auarissimum.
1100 1403 1229 1456 Quod
1263 1405 1412 1446 autem
1443 1402 1664 1445 mandatis
1694 1416 1794 1445 con-

333 1470 514 1520 tinetur,
546 1485 602 1513 ne
636 1470 801 1513 donum
835 1471 907 1513 uel
941 1486 1103 1514 munus
1134 1472 1228 1528 ipse
1261 1471 1492 1528 proconsul
1531 1471 1603 1514 uel
1638 1471 1715 1527 qui
1746 1471 1794 1513 in

333 1539 420 1582 alio
451 1538 591 1582 officio
621 1539 707 1582 erit
737 1540 924 1596 accipiat
953 1543 1127 1583 ematue
1157 1540 1264 1597 quid
1294 1541 1380 1583 nisi
1409 1540 1554 1583 uictus
1583 1539 1792 1583 cotidiani
1812 1534 1878 1592 mi

331 1622 474 1658 causa,
505 1608 621 1664 quod
651 1608 708 1651 ad
743 1609 900 1651 exenia
928 1609 1018 1651 iam
1047 1624 1136 1652 non
1170 1610 1365 1666 pertinet
1397 1609 1474 1652 sed
1513 1609 1571 1651 ad
1601 1623 1652 1652 ea
1682 1623 1794 1666 quae
1860 1612 1878 1671 3

332 1677 528 1720 edulium
549 1677 763 1720 excedant
787 1692 928 1722 usum.
988 1678 1075 1721 Sed
1101 1693 1180 1721 nec
1205 1679 1361 1721 exenia
1386 1678 1667 1735 producenda
1689 1681 1796 1721 sunt
1864 1671 1878 1738 ξ

332 1746 388 1788 ad
415 1761 649 1788 munerum
676 1746 948 1803 qualitatem.
1008 1747 1131 1790 Licet
1158 1748 1275 1790 enim
1306 1748 1600 1825 patrocinium
1627 1747 1795 1790 iustum
1855 1744 1878 1800 ξτ-

329 1815 470 1872 possit
488 1815 679 1858 uendere
698 1815 939 1859 aduocatus
963 1819 1009 1859 et
1034 1817 1204 1874 peritus
1231 1817 1340 1860 iuris
1365 1831 1524 1860 sanum
1550 1817 1792 1867 consilium,

327 1884 540 1927 iudicium
560 1884 750 1927 uendere
770 1886 949 1928 omnino
968 1900 1057 1928 non
1076 1886 1191 1929 licet.
1249 1886 1412 1936 Cicero,
1432 1901 1532 1929 cum
1552 1887 1599 1928 in
1620 1886 1792 1930 Palatio
1809 1866 1878 1946 25²}-

328 1953 508 1996 domum
535 1953 671 1996 uellet
691 1969 833 1997 emere
860 1957 905 1997 et
929 1956 1159 2011 pecuniam
1181 1956 1228 1998 in
1254 1970 1459 2012 praesens
1482 1970 1571 1998 non
1598 1956 1793 2007 haberet,
1862 1958 1872 1998 {T

330 2036 356 2064 a
384 2021 506 2072 Silla,
534 2022 609 2079 qui
634 2024 742 2065 tunc
769 2038 870 2067 reus
897 2027 1004 2075 erat,
1028 2027 1184 2067 mutuo
1210 2025 1471 2067 sextertium
1497 2024 1633 2067 uicies
1659 2025 1793 2068 tacite
1858 2023 1866 2071 ’ἶ

283 2096 312 2134 b
330 2091 510 2148 accepit.
587 2091 652 2134 Ea
682 2107 763 2143 res,
792 2093 1049 2150 priusquam
1080 2096 1310 2146 emeretur,
1338 2093 1515 2151 prodita
1553 2096 1620 2136 est
1658 2096 1704 2136 et
1743 2094 1793 2136 in
1868 2143 1870 2146 y

328 2160 491 2217 uulgus
522 2160 691 2213 exiuit3
730 2161 1035 2218 obiectumque
1065 2165 1132 2205 est
1161 2162 1201 2205 ei
1232 2162 1348 2218 quod
1377 2162 1607 2219 pecuniam
1636 2162 1792 2205 domus
1858 2154 1878 2191 ‚1

328 2228 537 2271 emendae
567 2244 700 2272 causa
730 2245 758 2272 a
793 2245 867 2274 reo
899 2231 1148 2288 accepisset.
1223 2231 1345 2274 Tunc
1379 2230 1532 2274 Cicero
1562 2231 1791 2288 inopinata
1808 2243 1850 2277 30
1875 2246 1878 2292 ἶ

327 2297 667 2354 obprobratione
712 2303 939 2356 permotus
977 2300 1192 2356 accepisse
1231 2315 1278 2343 se
1316 2300 1509 2357 negauit,
1548 2300 1697 2343 dicens
1744 2314 1791 2343 se
1821 2311 1824 2314 ’
1859 2319 1863 2339 J

330 2411 374 2436 10
398 2401 518 2437 xeniis
536 2401 616 2437 SlM
728 2413 770 2439 12
794 2401 990 2439 xeniorum
1008 2401 1089 2438 S¹M
1198 2411 1242 2446 14
1265 2400 1376 2438 xenia
1393 2401 1433 2437 M
1531 2409 1573 2445 17
1592 2406 1675 2447 post
1691 2400 1792 2438 uilis-
1856 2422 1858 2424 ·

327 2447 465 2484 simum
483 2451 566 2484 add.
584 2451 640 2486 est
658 2449 723 2485 SM
822 2460 865 2495 19
889 2450 1041 2485 domum
1057 2448 1091 2483 A
1188 2459 1228 2485 21
1256 2448 1369 2485 xenia
1385 2447 1424 2483 M
1520 2459 1565 2484 22
1591 2448 1706 2485 xenia
1722 2449 1761 2485 Μ

373 2547 396 2582 6
420 2548 605 2583 Plebiscito
622 2550 719 2584 etc.:
748 2546 1022 2592 Diq.i.18.18.
1231 2557 1274 2582 10
1297 2548 1380 2583 Non
1395 2557 1509 2583 uero.
1557 2548 1790 2593 .qualitatem
1845 2555 1862 2587 ·3

328 2593 411 2639 (557
424 2594 493 2639 A):
519 2606 551 2630 v.
570 2596 653 2640 Diq.
670 2594 694 2631 i.
717 2596 770 2630 16.
787 2597 810 2631 6
829 2593 846 2640 ξ
867 2604 1065 2639 3.13
1090 2595 1323 2630 Antoninus:
1348 2605 1399 2629 sc.
1417 2572 1619 2630 Caracalla.
1741 2604 1787 2639 23
1853 2590 1855 2599 ⁴

325 2642 425 2676 Licet
441 2643 538 2676 enim
554 2643 648 2678 etc.:
672 2654 704 2677 v,
724 2641 826 2677 Grat.
841 2643 978 2677 Decret.
999 2641 1047 2676 ΙΙ.
1065 2640 1114 2677 xi.
1129 2651 1161 2686 3.
1175 2653 1205 2678 c.
1224 2650 1278 2685 71,
1298 2640 1371 2676 xiv.
1392 2649 1467 2694 5⁶0..-
1485 2650 1524 2686 15
1545 2643 1563 2684 §
1587 2651 1602 2677 1
1623 2639 1786 2688 (Friedb.
1846 2643 1859 2695 ᾖ

324 2687 348 2722 1.
367 2688 447 2732 663,
467 2688 550 2733 742)
570 2700 617 2724 ex
640 2688 742 2742 Aug.
762 2690 834 2734 Ep.
852 2687 944 2724 cliii.
963 2687 981 2735 §
1002 2698 1046 2734 23
1066 2687 1211 2735 (Migne
1231 2689 1272 2724 P.
1289 2690 1331 2725 L.
1349 2685 1479 2724 xxxiii.
1497 2687 1595 2735 663).
1742 2697 1785 2735 23

329 2735 449 2771 Cicero
467 2736 564 2773 etc.·
591 2734 687 2773 Gen.
705 2735 771 2772 xii.
793 2746 846 2773 12.

434 2804 502 2849 346
