1878 3172
184 123 259 165 577
280 124 304 155 c
651 111 851 156 IOANN
853 110 912 155 IS
953 103 1480 155 SARESBERIENSIS'·
1632 109 1743 172 [Lm.
1756 122 1788 157 v

1832 0 1847 71 'a

328 231 568 274 monachus
602 233 647 274 et
681 233 932 273 sanctorum
965 229 1148 274 Cosmae
1179 233 1225 274 et
1255 218 1462 274 Damiani
1496 231 1705 275 diaconus
1742 234 1789 275 et
1848 279 1851 286 ζ

284 307 313 346 d
329 300 565 344 cardinalis
592 300 756 343 Romae
776 299 939 357 degens
964 300 1012 342 in
1039 300 1221 343 excelsis
1246 300 1530 358 singulariter
1556 301 1790 352 habitauit,
1846 296 1853 322 ³‘

331 369 558 413 excutiens
584 384 742 412 manus
770 383 871 412 suas
901 369 958 411 ab
984 369 1103 411 omni
1135 383 1327 420 munere,
1356 372 1409 412 ut
1436 369 1632 412 nondum
1658 373 1791 413 natus
1851 377 1869 428 ξ

329 439 389 482 sit
420 439 545 482 cuius
572 453 730 481 aurum
759 438 831 481 uel
861 441 1094 495 argentum
1124 438 1171 480 in
1201 452 1362 481 munus
1390 439 1616 496 acceperit.
1672 437 1791 492 Quid
1856 430 1871 502 ᾗ

329 508 520 551 referam
551 508 807 558 Martinum,
838 508 914 564 qui
945 510 1099 550 contra
1126 522 1292 550 morem
1322 522 1349 551 a
1378 507 1596 565 legatione
1624 522 1793 565 pauper
1809 525 1828 561 5
1853 504 1875 570 ᾖ

330 578 514 629 rediens,
548 592 648 620 cum
688 577 745 620 ab
779 577 980 633 episcopo
1014 577 1269 620 Florentino
1303 591 1465 634 equum
1499 577 1614 621 socio
1647 592 1791 620 neces·

330 647 497 690 sarium
545 661 708 704 magna
756 646 1006 702 compulsus
1055 646 1272 688 instantia
1318 646 1566 703 accepisset,
1607 646 1794 690 eundem
1855 651 1858 653 ’

331 715 530 759 restituit
568 715 784 765 donatori,
824 730 880 758 ex
919 729 1006 771 quo
1045 729 1146 757 eum
1185 715 1242 757 ab
1286 714 1417 770 initio
1459 715 1553 758 dati
1600 715 1796 759 muneris
1855 748 1858 749 ν

333 799 510 828 causam
530 785 578 827 in
598 785 798 827 Romana
818 783 997 827 ecclesia
1016 783 1319 826 uentilandam
1339 783 1544 827 habuisse
1558 784 1796 842 cognouit?
1854 819 1860 846 ·,.

335 853 464 907 Quod
494 857 540 897 et
568 854 743 910 plenius
773 856 952 896 sanctus
982 853 1233 896 Bernardus
1272 852 1610 897 Clareuallensis
1647 853 1795 905 abbas,
1814 859 1856 910 ιζ

337 924 412 980 qui
434 938 535 966 eum
562 922 801 980 perfectius
826 926 1024 974 nouerat,
1043 921 1181 965 refert
1206 922 1254 964 in
1276 921 1389 965 libro
1412 922 1645 966 doctrinali
1666 937 1796 979 quem
1854 938 1855 942 ¹

337 992 394 1035 ad
430 995 631 1035 sanctum
665 991 914 1048 Eugenium
945 991 999 1033 de
1035 988 1415 1048 Contemplatione
1443 991 1515 1035 uel
1539 991 1797 1035 Considera·
1856 1006 1863 1046 ‚j

337 1062 458 1105 tione
499 1061 664 1104 scribit.
744 1061 884 1104 Taceo
923 1060 1041 1117 quod
1083 1060 1348 1104 uenerabilis
1385 1063 1513 1118 pater
1557 1060 1800 1104 Gaufridus
1859 1076 1864 1083 ⁸

340 1130 626 1175 Carnotensis
646 1130 819 1187 legatus
846 1130 1114 1187 Aquitaniae
1139 1129 1476 1186 prouincialium
1502 1144 1685 1173 munera
1709 1145 1800 1173 non

339 1200 515 1257 recepit,
549 1199 636 1242 nisi
674 1199 722 1241 in
761 1214 892 1243 causa
931 1199 1142 1242 esculenti
1176 1201 1221 1242 et
1258 1199 1480 1256 poculenti
1511 1202 1557 1242 et
1586 1199 1668 1243 hoc
1699 1213 1799 1243 cum
1818 1206 1864 1261 ¹⁵’J

345 1327 360 1353 1
380 1321 461 1362 post
477 1314 659 1351 diaconus
674 1326 741 1351 om.
759 1315 797 1350 et
815 1313 880 1349 SM
1025 1323 1039 1349 1
1050 1323 1064 1348 1
1091 1312 1201 1350 nouit
1217 1313 1250 1349 A

342 1419 576 1455 Bernardum
609 1418 869 1454 Redonensem
901 1415 1042 1452 iterum
1075 1415 1124 1451 ob
1157 1417 1418 1463 contemptum
1450 1417 1638 1463 pecuniae
1669 1418 1802 1456 laudat
1859 1411 1871 1448 ’Ἴ

344 1466 505 1502 Ioannes
516 1465 618 1501 infra
628 1464 674 1500 vi.
684 1475 729 1509 24
743 1465 827 1508 (624
837 1464 889 1509 c).
921 1463 1094 1499 Mortuus
1108 1465 1165 1499 est
1176 1475 1212 1500 a.
1224 1474 1238 1500 1
1247 1473 1312 1510 154
1324 1464 1393 1511 (De
1400 1464 1482 1501 Mas
1493 1464 1618 1502 Latrie
1627 1465 1803 1504 loc.cit.).
1861 1494 1864 1500 ,

344 1524 365 1549 2
385 1516 427 1548 in
439 1514 584 1548 excelsis
595 1514 777 1548 habitauit
789 1513 860 1547 etc.
876 1522 884 1546 :
909 1522 940 1546 v.
956 1510 1025 1546 Isa.
1040 1510 1170 1546 xxxiii.
1188 1520 1240 1557 15,
1255 1512 1309 1547 16.
1408 1520 1426 1558 5
1444 1513 1668 1549 Martinam:
1691 1513 1803 1550 Pauli
1861 1515 1867 1532 ⁷

345 1560 416 1597 loc.
440 1571 554 1605 supra,
577 1559 641 1595 cit.
664 1558 872 1594 ‘Martinus
891 1557 1089 1604 presbyter
1110 1557 1209 1594 card.
1235 1557 1270 1593 S.
1287 1557 1473 1604 Stephani
1489 1559 1530 1594 in
1553 1558 1655 1596 Celio
1673 1562 1802 1598 monte

346 1607 412 1653 qui
429 1605 644 1660 Innocentii
663 1605 732 1653 [II]
749 1604 845 1659 actis
861 1616 884 1640 a
901 1615 945 1658 ².3
965 1604 1045 1639 Ian.
1067 1615 1154 1650 1133
1172 1616 1289 1650 usque
1305 1606 1354 1641 ad
1373 1615 1416 1651 19
1431 1606 1510 1643 Mai
1526 1607 1746 1671 subscripsit
1763 1610 1803 1645 et
1859 1629 1867 1651 f,

346 1651 1805 1753 3..}¹1{}.ss¹1¹31¹.¹3{⁶f.13553222‘33205232233.sszssssaffifflssfflessffissg
1861 1692 1866 1720 ³

351 1747 564 1785 Genuensis
581 1749 663 1784 erat
680 1747 877 1789 Martinus,
897 1758 917 1782 e
941 1745 1089 1781 familia
1105 1746 1291 1782 c1bonum
1308 1749 1435 1793 ortus3
1461 1750 1654 1794 promotus
1675 1752 1735 1786 est
1756 1749 1806 1786 ad
1864 1766 1866 1768 ’

348 1796 450 1851 card.
460 1794 668 1842 presbyteri
684 1795 911 1876 diffintatem
923 1793 972 1847 ab
985 1793 1210 1852 Innocentio
1226 1794 1264 1829 II
1277 1793 1366 1838 circ.
1379 1806 1413 1852 a.
1429 1805 1530 1841 1130.
1562 1795 1736 1853 Mortuus
1748 1798 1807 1834 est
1864 1790 1867 1795 ’

349 1841 1573 1927 ῗὲοὑὲεέἑ4ἱῖὲῩὶέζῗιῑέἰθὲῗῂἓθΒῖἓῗέῖᾱῗωωίζῗῖἕῗὲΡεῑὶῗ84·
1598 1845 1808 1937 ἕθὲἕέἒίἴιῷῗ

348 1938 581 1974 Florentino:
619 1936 643 1973 i.
656 1948 687 1973 e.
715 1935 910 1972 Gotifredo
942 1935 988 1972 de
1021 1935 1290 1980 Contalbertis,
1318 1937 1383 1982 qui
1410 1937 1509 1974 sedit
1535 1949 1569 1974 a..
1600 1947 1808 1983 1113—1142

352 1986 400 2030 (v.
434 1983 591 2031 Ughelli
614 1984 700 2020 Ital.
726 1985 826 2019 Sacr.
852 1982 907 2019 iii.
936 1983 982 2027 89
995 1983 1124 2028 seqq.).
1176 1995 1324 2029 equum:
1444 1986 1552 2020 Pisae
1577 1985 1641 2020 ubi
1666 1996 1811 2022 eramus

351 2038 436 2068 tune
460 2037 648 2077 peruectus
675 2036 725 2066 est
753 2030 934 2068 Bernard.
962 2029 1037 2066 loc.
1066 2030 1167 2066 infra
1195 2030 1260 2066 cit.
1315 2030 1350 2065 A
1402 2031 1604 2068 concilium
1632 2031 1810 2069 Pisanum

353 2079 400 2115 ab
438 2078 659 2115 Innocentio
691 2078 729 2113 ΙΙ
762 2089 794 2114 a.
831 2087 921 2123 1134
950 2077 1124 2113 habitum
1156 2077 1308 2124 respicit
1340 2078 1378 2115 S.
1410 2078 1633 2124 Bernardus,
1662 2091 1738 2125 quo
1767 2079 1811 2115 in

353 2125 514 2163 concilio
535 2125 676 2163 iterum
699 2124 1044 2162 excommunicatus
1067 2126 1124 2161 est
1149 2124 1284 2161 Petrus
1304 2125 1440 2162 Leonis
1461 2125 1585 2162 dictus
1603 2125 1811 2164 Anaoletun

354 2172 560 2219 antipapa;
592 2185 627 2208 v.
655 2172 710 2209 De
739 2172 820 2208 Mas
848 2171 974 2208 Latrie
1007 2172 1136 2207 Tre'sor
1159 2173 1202 2207 de
1233 2173 1462 2218 Chmnoloqie
1486 2185 1523 2220 p.
1545 2183 1645 2219 1293.
1767 2184 1807 2211 11

355 2223 465 2267 refert
493 2222 591 2257 etc.:
624 2232 659 2255 v.
689 2219 873 2256 Bernard.
897 2221 940 2255 de
969 2219 1260 2255 Consideratione
1286 2218 1332 2258 iv.
1364 2229 1381 2266 5
1410 2219 1428 2266 ξ
1459 2231 1500 2266 13
1527 2220 1673 2267 (Migne
1700 2222 1743 2257 P.
1766 2222 1810 2258 L.

355 2267 509 2304 clxxxii.
533 2269 613 2312 782,
640 2267 740 2312 783).
869 2276 921 2320 13,
946 2275 989 2311 14
1025 2266 1229 2311 Gausridus
1264 2267 1515 2304 Camoteneie:
1552 2266 1752 2304 Gaufridus
1772 2267 1812 2304 11
1835 2301 1838 2304 .
1862 2267 1878 2319 ἐξ

355 2315 401 2350 de
430 2314 567 2361 Leugis
594 2314 656 2360 (de
682 2314 811 2360 Leves)
841 2325 1039 2359 episcopus
1064 2313 1302 2350 Carnotensis
1329 2316 1415 2360 post
1441 2314 1589 2351 obitum
1622 2314 1660 2350 S.
1686 2314 1812 2352 Ivonis
1861 2302 1878 2354 1¹3

356 2362 500 2399 electus
525 2373 560 2397 a.
592 2362 693 2398 1116.
740 2361 799 2397 Ab
827 2359 1051 2397 Innocentio
1079 2359 1116 2395 II
1145 2360 1293 2407 legatus
1318 2360 1414 2398 sedis
1439 2361 1669 2408 apostolieae
1700 2373 1813 2408 super
1859 2356 1878 2387 >³

357 2407 642 2451 Bituricensem‚
672 2407 997 2453 Burdigalensern,
1025 2406 1280 2443 Turonensem
1308 2410 1347 2445 et
1375 2408 1577 2445 Dolensem
1601 2408 1815 2455 provincias
1862 2404 1878 2439 ³²*

356 2455 555 2491 institutus
582 2457 648 2491 est.
706 2454 874 2492 Concilio
900 2454 1035 2490 Pisano
1061 2466 1093 2490 a.
1127 2465 1216 2500 1134
1244 2454 1432 2492 interfuit.
1487 2455 1659 2492 Mortuus
1690 2458 1748 2493 est
1777 2467 1811 2492 a.

361 2504 462 2546 1148.
511 2502 567 2539 De
591 2502 658 2539 illo
683 2502 835 2539 consule
861 2503 955 2538 Gall.
985 2502 1181 2538 Christian.
1203 2501 1282 2537 viii.
1311 2512 1513 2549 1134—1141
1541 2502 1614 2548 (ed.
1643 2503 1748 2548 1744)
1774 2504 1813 2540 et
1860 2506 1863 2507 ’

358 2548 560 2603 Abaelardi
581 2551 679 2585 Hist.
707 2550 964 2602 Calamltatum·
984 2561 1013 2585 c.
1030 2549 1145 2602 9¹(ed.
1162 2548 1310 2586 Cousin.
1327 2549 1354 2585 i.
1370 2561 1442 2603 pp.
1459 2549 1604 2595 20—22).
1651 2549 1814 2604 Ἐζξεὺῆιιῦ
1875 2549 1878 2579 ἶ

361 2596 938 2696 ἓῗέἓῗὲἒῗῖὲξςῗοᾱῧῖῗηὲᾝῗὲῗ
953 2595 1814 2680 Ξθῗζξῖἰέ·εξὸῖὲέἲὲὸῖιέἑ3ᾱήω·01ἲῗΐέἕᾶἐ
1856 2643 1863 2658 -

361 2691 422 2725 SS.
442 2692 543 2725 inter
564 2690 840 2735 praetermissos
863 2698 906 2735 25
926 2689 1005 2726 Ian.
1022 2691 1061 2727 et
1080 2700 1095 2726 1
1116 2689 1206 2727 Feb.
1350 2700 1392 2735 14
1416 2691 1553 2735 leyatue
1567 2692 1810 2737 Aquitaniae:
1859 2716 1878 2734 -‹.·:

291 2770 293 2772 .
363 2737 413 2774 cf.
430 2738 468 2773 S.
485 2738 671 2773 Bernardi
693 2739 759 2774 Vit.
777 2736 847 2773 Iam
863 2737 905 2774 ii.
923 2738 945 2774 6
963 2737 1107 2784 (Migne
1124 2739 1165 2774 P.
1182 2739 1225 2775 L.
1243 2737 1387 2774 clxxxv.
1405 2738 1473 2774 286
1483 2738 1615 2783 seqq.).

475 2807 537 2849 348
