1878 3172
156 153 287 194 450a

631 143 891 188 IOANNIS
932 143 1443 189 SARESBERIENSIS
1597 144 1707 206 [ms.
1725 148 1772 189 Π·

304 266 526 320 aptentur,
546 278 635 307 non
660 264 700 307 ei
728 264 963 321 quicquam
993 279 1049 307 ex
1067 264 1157 308 ‘hoc
1177 264 1379 308 subtrahi
1406 265 1478 308 uel
1501 265 1764 323 impendere,

237 378 241 383 ,
304 333 380 376 sed
402 348 550 376 rerum
571 334 867 376 subiectarum
897 333 1184 384 mutabilitas,
1205 334 1242 377 si
1270 334 1376 391 quid
1396 335 1571 391 proprie
1592 335 1766 384 dicitur,

259 410 288 448 b

271 1451 295 1479 C

306 402 523 445 ueraciter
551 402 786 446 indicatur.
844 402 957 446 Cum
982 417 1087 460 ergo
1115 403 1261 459 ipsum
1289 403 1458 460 aliquid
1486 404 1767 461 praenouisse

305 471 521 522 audimus,
555 472 735 514 minime
769 472 1059 529 intelligimus
1100 473 1227 515 fluxu
1264 473 1474 530 temporis
1513 473 1607 516 eius
1640 487 1765 530 prae-

305 540 475 583 teriisse
515 541 756 592 scientiam,
795 542 873 584 sed
913 541 967 597 (si
1006 542 1243 584 uerborum
1281 545 1488 586 naturam
1527 542 1768 599 sequimur)
1786 561 1805 595 5

305 610 589 667 praecessisse
627 613 814 667 tempus,
863 623 950 667 quo
995 611 1213 654 ueraciter
1257 612 1464 655 credatur
1511 612 1606 656 eius
1651 611 1769 668 quod

307 679 512 722 futurum
559 682 654 722 erat
698 680 903 722 habuisse
946 680 1165 724 notitiam.
1244 680 1318 725 Sic
1364 682 1520 739 utique
1563 696 1664 725 eum
1712 681 1771 724 ab

307 751 459 791 eterno
489 751 658 791 certum
688 750 755 790 est
784 749 933 791 omnia
962 748 1217 805 prouidisse,
1252 762 1342 792 non
1377 750 1494 807 quod
1527 750 1646 793 uisui
1676 750 1771 793 eius

307 820 432 860 motu
482 831 562 860 suo
611 818 845 874 quicquam
894 818 1129 861 subtrahat
1177 821 1362 876 tempus,
1411 820 1487 863 sed
1540 820 1645 877 quia
1693 819 1770 875 qui

307 887 514 929 uniuerso
553 889 750 942 tempore
788 889 950 929 natura
988 887 1110 943 prior
1148 890 1226 938 est,
1270 901 1376 931 suus
1414 889 1562 931 omnia
1600 901 1772 944 semper
1791 905 1832 929 10

309 954 651 1011 comprehendat
695 958 908 1012 aspectus.
988 956 1095 998 Eius
1148 971 1253 1013 ergo
1291 956 1571 1013 prouidentia
1609 956 1656 998 in
1702 955 1771 999 sui

309 1023 596 1080 dispositione
625 1037 715 1065 non
744 1023 928 1074 fallitur,
960 1024 1064 1081 quia
1094 1039 1190 1067 eam
1219 1039 1392 1082 semper
1424 1025 1600 1082 sequela
1628 1024 1772 1081 operis

308 1092 557 1135 comitatur.
617 1092 705 1135 Sed
735 1107 814 1135 nec
840 1092 937 1134 falli
962 1096 1118 1152 potest,
1145 1094 1251 1150 quia
1279 1108 1359 1136 nec
1381 1107 1445 1136 ⁷ex
1473 1093 1773 1136 mutabilitate

309 1176 458 1204 rerum
507 1175 586 1203 nec
636 1175 692 1203 ex
740 1160 952 1217 temporis
1002 1161 1111 1219 fuga
1159 1165 1240 1205 aut
1286 1162 1579 1205 uersibtilitate
1627 1163 1774 1218 potest

311 1230 480 1287 aliquid
511 1230 818 1273 absconditum
853 1245 945 1273 esse
977 1231 1034 1273 ab
1068 1231 1205 1274 oculis
1245 1231 1348 1274 eius.
1422 1231 1628 1274 Hominis
1666 1245 1773 1274 uero
1794 1247 1833 1281 15

311 1299 408 1342 falli
447 1302 606 1356 potest,
641 1301 687 1341 et
725 1298 900 1341 fallitur
937 1300 1178 1356 dispositio,
1210 1303 1256 1343 et
1294 1315 1376 1351 res,
1405 1300 1531 1343 cuius
1569 1299 1689 1356 apud
1728 1313 1775 1342 se

312 1367 632 1425 praefigurauit
662 1368 860 1423 speciem,
891 1382 1095 1424 processu
1125 1369 1335 1425 temporis
1365 1371 1444 1411 aut
1472 1368 1651 1411 omnino
1685 1382 1775 1410 non

313 1437 472 1487 euenit,
511 1441 592 1480 aut
631 1437 678 1478 in
716 1437 804 1479 alia
850 1437 991 1493 specie
1031 1438 1079 1479 in
1126 1438 1352 1494 publicum
1394 1438 1603 1494 procedit.
1681 1437 1775 1480 Nec

311 1514 462 1549 tamen
505 1521 804 1562 quaecumque
847 1507 1076 1563 praeteriti
1124 1507 1249 1550 uerbi
1295 1507 1614 1563 significatione
1657 1507 1774 1550 clau-

313 1576 491 1625 duntur,
524 1575 654 1618 rebus
694 1579 800 1618 sunt
838 1576 1121 1633 aggreganda
1158 1576 1421 1632 praeteritis.
1494 1576 1588 1619 Nec
1627 1576 1666 1619 si
1704 1590 1775 1619 me
1795 1596 1838 1620 20

313 1645 479 1688 uixisse
506 1646 715 1701 profitear
740 1646 924 1688 florente
955 1645 1246 1702 Peripatetico
1274 1645 1486 1696 Palatino,
1513 1646 1612 1688 ideo
1641 1645 1776 1688 michi

314 1715 456 1757 uitam
486 1715 679 1771 elapsam
708 1718 788 1757 aut
816 1715 1101 1771 praeteritam
1131 1728 1223 1757 esse
1252 1715 1472 1758 confiteor.
1530 1714 1625 1757 Aut
1653 1715 1691 1757 si
1720 1715 1779 1757 ab

316 1784 518 1827 Arrianis
559 1783 758 1840 Eugenio
794 1783 1071 1840 praesidente
1100 1783 1296 1834 dissensi,
1328 1797 1420 1826 non
1454 1783 1510 1826 ob
1548 1783 1778 1840 praeteriti

316 1854 526 1910 temporis
556 1853 747 1910 gratiam
780 1868 807 1895 a
838 1853 941 1895 fidei
973 1855 1019 1895 et
1053 1851 1338 1895 confessionis
1367 1852 1486 1895 illius
1519 1852 1778 1909 integritate

317 1922 493 1966 diuerti.
574 1921 793 1973 Ceterum,
833 1921 938 1977 quia
984 1921 1246 1977 quandoque
1289 1935 1445 1963 uerum
1487 1919 1578 1963 fui-t
1623 1921 1776 1971 dicere,
1797 1940 1838 1974 ²5

317 1993 450 2035 Nunc
469 1992 587 2041 uiuo,
608 1991 681 2034 Sic
701 1991 854 2040 sentio,
874 1990 1100 2047 eleganter
1129 1993 1174 2033 et
1193 2005 1297 2033 uere
1318 1989 1462 2033 fateor
1490 1990 1538 2032 in
1557 1990 1777 2047 sequenti-

317 2063 399 2105 bus
429 2061 534 2118 quia
566 2060 688 2103 Tunc
718 2059 826 2110 uixi,
856 2062 902 2102 et
932 2059 1005 2102 Sic
1034 2060 1162 2114 sensi,
1190 2073 1270 2101 nec
1303 2061 1453 2101 tamen
1485 2059 1626 2101 uitam
1655 2072 1779 2115 prae-

316 2130 487 2173 teriisse
517 2130 589 2172 uel
620 2144 807 2172 sensum.
866 2127 966 2171 Scio
995 2131 1146 2178 tamen
1172 2127 1271 2184 quis
1298 2127 1463 2170 dixerit
1492 2127 1597 2183 quia
1621 2127 1669 2169 in
1698 2127 1780 2170 hoc

317 2214 525 2249 erramus,
545 2198 662 2255 quod
692 2200 879 2240 mortem
908 2196 1223 2254 prospicimus;
1251 2210 1413 2253 magna
1442 2209 1544 2252 pars
1571 2195 1665 2238 eius
1690 2195 1780 2237 iam

317 2267 547 2325 praeteriit
559 2281 569 2319 3
619 2265 829 2323 quicquid
869 2265 1000 2308 etatis
1039 2268 1158 2308 retro
1201 2266 1279 2315 est,
1322 2278 1440 2306 mors
1482 2266 1616 2306 tenet.
1691 2263 1780 2307 Sed
1798 2283 1841 2316 30

321 2340 438 2380 certe
467 2336 504 2378 si
535 2336 575 2378 ei
605 2335 739 2378 semel
769 2334 928 2377 fuisset
956 2334 1053 2376 uita
1082 2334 1240 2390 elapsa,
1262 2336 1350 2376 'aut
1377 2333 1458 2376 hoc
1488 2332 1666 2375 omnino
1691 2346 1781 2374 non

278 2411 306 2450 d
324 2406 488 2448 diceret
536 2406 616 2446 aut
664 2404 829 2447 diceret
872 2402 1112 2446 rediuiuus.
1194 2401 1298 2444 Non
1346 2403 1414 2443 est
1461 2414 1566 2458 ergo
1609 2414 1782 2443 necesse

324 2531 367 2568 16
392 2531 431 2566 et
446 2528 519 2575 res]
538 2528 626 2574 quia
642 2540 703 2565 res
720 2528 787 2564 SM
929 2537 970 2565 21
990 2525 1272 2574 perhipatetico
1290 2524 1410 2561 OBAS

368 2651 409 2676 21
437 2641 673 2685 Peripatetico
689 2640 882 2675 Palatino:
905 2649 953 2674 80.
972 2636 1196 2681 Abailard03
1221 2635 1305 2672 vide
1322 2633 1439 2688 ipsius
1455 2635 1550 2670 Hist.
1577 2634 1712 2688 Galam:
1733 2632 1781 2669 ad

320 2687 405 2723 init.
426 2687 495 2730 (ed.
514 2687 650 2723 Cousin
668 2687 692 2722 i.
713 2692 761 2731 3).
858 2697 912 2727 22,
930 2696 974 2731 23
1000 2687 1044 2721 ab
1062 2685 1239 2720 Arrianis
1253 2685 1323 2718 etc.
1340 2695 1348 2717 :
1374 2693 1438 2717 νη.
1457 2682 1558 2727 apud
1576 2681 1781 2734 concilium

322 2735 506 2771 Remense
532 2735 579 2770 ab
604 2733 773 2778 Eugenio
792 2732 850 2768 III
867 2744 967 2779 papa
983 2744 1016 2768 a.
1041 2733 1126 2776 1148
1144 2731 1190 2766 de
1209 2729 1371 2766 Gilberti
1387 2727 1584 2766 Porretani
1606 2729 1781 2764 doctrina

325 2781 509 2817 habitum.
655 2784 698 2818 28
723 2783 764 2816 in
781 2782 844 2817 hoc
860 2783 930 2816 etc.
947 2793 955 2815 :
981 2779 1066 2816 Sen.
1086 2779 1155 2824 Ep.
1174 2777 1199 2814 i.
1219 2788 1252 2814 2.

420 2861 485 2894 124
