1878 3172
142 183 228 225 492
246 183 278 214 a
626 169 885 225 IoANNIS
916 167 1426 213 SARESBERIENSIS
1571 168 1684 224 [mn.
1694 179 1756 212 111
1819 141 1828 151 ’“

292 305 469 348 campos
488 305 516 333 a
538 290 822 333 mutabilium
849 302 996 332 rerum
1020 288 1156 346 septis
1181 288 1330 331 uerbis
1353 287 1568 332 excludo?
1625 286 1758 331 Certe
1824 300 1829 329 ;

290 375 373 419 pro
411 362 539 417 parte
578 359 736 402 inclusi
775 361 893 411 sunt,
933 361 1137 415 patentes
1175 357 1224 399 in
1263 357 1502 400 latitudine
1539 357 1756 400 bonarum
1822 349 1839 411 ’ᾗ

293 429 510 472 mentium
538 429 698 485 quibus
728 443 756 471 a
785 428 916 470 Patre
946 427 1166 470 luminum
1194 426 1349 469 datum
1369 428 1437 469 est
1456 428 1508 469 ut
1528 426 1576 468 in
1595 425 1758 468 notitia
1828 466 1830 470 .

294 501 340 541 et
373 512 522 541 amore
552 497 657 540 boni
687 500 784 540 toto
817 497 887 540 sui
922 497 1096 554 agitatu
1127 498 1373 539 uersentur.
1430 495 1558 538 Vnde
1587 494 1759 538 ethicus
1835 496 1839 514 ³

294 568 495 625 inquieto
525 570 654 610 extra
682 581 729 610 se
758 567 955 623 ineptam
985 565 1307 608 beatitudinem
1336 564 1603 621 inquirenti:
1777 581 1795 616 5

760 657 889 711 Quod
918 657 1093 714 quaeris
1122 656 1286 713 ubique
1316 659 1394 707 est,

411 719 479 760 est
507 717 701 768 Vlubris‚
730 716 905 759 animus
935 715 972 758 si
1003 718 1048 758 te
1077 730 1167 758 non
1197 714 1346 757 deficit
1374 728 1550 771 aequus.

296 862 403 922 Gap.
426 878 463 920 9.
504 863 633 918 Quod
661 863 868 906 mundus
896 877 998 906 suos
1026 862 1152 906 habet
1181 862 1347 906 E'lisios
1359 880 1378 912 ‚·
1407 866 1445 906 et
1474 861 1628 906 eadem
1643 859 1761 918 fides

412 937 472 977 est
519 932 665 976 ‘nostri
714 932 928 989 temporis
977 936 1017 975 et
1060 932 1430 989 praecedentium
1472 935 1678 988 patmum,
1721 934 1760 974 et

411 1001 608 1046 uirtutis
636 1001 822 1046 cultores
849 1001 1113 1058 inspectores
1141 1004 1252 1044 sunt
1281 1000 1444 1044 theatri
1473 1000 1626 1044 huius.
1779 1019 1832 1062 ¹⁰³.

354 1104 550 1148 Mundus
569 1104 709 1162 igitur
727 1118 830 1147 suos
848 1104 983 1146 habet
1003 1103 1173 1156 Elisios,

250 1210 280 1249 ι)
578 1196 799 1252 solemque
829 1210 959 1239 suum
990 1198 1035 1238 et
1064 1210 1145 1238 sua
1174 1195 1321 1238 sidera
1348 1195 1489 1239 nouit.

298 1290 454 1332 Virtus
474 1288 692 1345 siquidem
712 1288 867 1331 solaris
889 1287 1069 1344 quidam
1089 1287 1239 1330 radius
1259 1289 1327 1330 est
1347 1302 1375 1330 a
1393 1286 1519 1330 fonte
1545 1285 1762 1330 claritatis
1833 1298 1835 1334 ξ

297 1359 501 1402 omnibus
522 1358 653 1400 datus
673 1358 720 1399 in
741 1371 870 1400 usum
891 1360 937 1399 et
957 1357 1034 1413 qui
1054 1357 1202 1399 omnia
1221 1371 1334 1414 quae
1353 1356 1541 1414 attingit
1559 1356 1762 1399 claritate
1826 1375 1827 1378 ¹

297 1428 367 1471 sui
387 1427 498 1470 facit
517 1427 691 1469 eximia.
750 1426 862 1469 Inde
883 1429 950 1468 est
970 1425 1087 1482 quod
1108 1426 1242 1468 etiam
1262 1425 1328 1468 illi
1355 1440 1464 1482 quos
1491 1425 1624 1468 huius
1647 1423 1762 1468 radii
1780 1440 1827 1477 rs

298 1499 510 1540 uenustas
531 1496 656 1552 quasi
677 1510 931 1552 repercussa
950 1495 1093 1551 specie
1119 1495 1189 1537 sui
1209 1494 1390 1538 uidetur
1408 1494 1588 1545 afflasse,
1608 1494 1763 1538 statim
1822 1535 1825 1537 ,

299 1565 347 1609 in
368 1565 664 1608 subiectorum
684 1568 919 1621 conspectu
945 1564 1190 1607 clarescunt
1213 1565 1416 1620 fiuntque
1442 1554 1764 1620 quodammodo

299 1634 484 1678 uirtutis
510 1634 644 1676 titulo
672 1634 862 1690 gloriosi.
920 1633 1053 1676 Absit
1083 1633 1200 1676 enim
1229 1636 1282 1676 ut
1311 1632 1543 1689 quisquam
1574 1647 1678 1676 uere
1704 1633 1765 1675 sit
1829 1653 1844 1687 j-

300 1704 527 1762 gloriosus,
546 1703 633 1745 nisi
655 1703 731 1759 qui
758 1703 805 1744 in
833 1703 1024 1745 Domino
1050 1703 1278 1759 gloriatur.
1338 1701 1442 1745 Non
1465 1702 1583 1745 enim
1610 1702 1687 1759 qui
1716 1716 1763 1745 se
1829 1694 1834 1739 ιῑ

299 1773 446 1830 ipsum
476 1775 556 1814 aut
585 1786 715 1828 quem
749 1772 880 1814 homo
915 1772 1202 1822 commendat,
1232 1771 1306 1814 ille
1334 1772 1548 1829 probatus
1578 1775 1656 1822 est,
1686 1771 1763 1815 sed
1782 1786 1829 1815 πο

301 1856 432 1898 quem
463 1841 584 1884 Deus
615 1841 917 1893 commendat3
949 1841 1066 1897 quod
1100 1841 1255 1897 utique
1286 1855 1394 1883 uera
1423 1843 1468 1883 et
1497 1840 1590 1883 sola
1618 1841 1765 1884 uirtus
1824 1832 1833 1865 Ῐ

301 1913 507 1960 meretur,
539 1924 628 1952 non
660 1912 1015 1966 quantacumque
1049 1910 1233 1952 uirtutis
1267 1909 1426 1967 imago.
1468 1909 1582 1963 ,Ηοο
1615 1913 1766 1953 autem
1824 1931 1826 1934 >

262 1996 289 2029 c
304 1993 397 2022 esse
427 1979 630 2029 arbitror,
665 1978 875 2035 quicquid
909 1979 957 2020 in
987 1978 1183 2021 moribus
1222 1979 1448 2036 egregium
1487 1979 1541 2022 de
1579 1982 1767 2023 naturae
1823 1970 1827 1974 Ἦ

302 2048 513 2091 beneficio
539 2050 584 2091 et
613 2047 822 2091 exercitio
850 2048 1012 2091 mentis
1041 2048 1154 2091 citra
1182 2047 1374 2105 gratiam
1402 2047 1652 2105 philosophi
1680 2048 1766 2092 sibi
1823 2082 1838 2106 ,ἡ

302 2116 622 2174 repromittunt
641 2132 778 2173 eoque
805 2117 901 2174 ipso
931 2120 1210 2160 euanuerunt
1235 2116 1283 2158 in
1312 2116 1653 2174 cogitationibus
1673 2117 1765 2160 suis
1783 2115 1835 2157 a(

303 2186 358 2229 de
377 2185 516 2228 libero
535 2186 687 2229 confisi
707 2186 904 2236 arbitrio,
924 2189 969 2229 et
989 2186 1183 2229 dicentes
1203 2200 1249 2228 se
1273 2200 1366 2228 esse
1386 2185 1618 2242 sapientes,
1637 2185 1767 2228 stulti

304 2255 414 2299 facti
433 2257 539 2298 sunt
559 2255 774 2312 stultique
794 2258 1109 2312 apparuerunt.
1167 2254 1294 2297 Vnde
1314 2253 1509 2297 ethicus:
1831 2244 1834 2255 ⁸

508 2343 628 2386 Satis
659 2346 726 2386 est
755 2358 881 2387 orare
911 2344 1064 2387 Iouem
1094 2343 1171 2400 qui
1201 2343 1338 2385 donat
1367 2345 1412 2385 et
1441 2341 1613 2396 aufert3
1827 2385 1832 2396 ,

421 2402 498 2444 det
526 2402 679 2451 uitam,
711 2401 787 2444 det
816 2417 932 2459 opes,
963 2402 1161 2444 animum
1190 2401 1325 2444 michi
1354 2415 1436 2457 ego
1465 2401 1558 2458 ipse
1587 2401 1766 2458 parabo.
1826 2399 1834 2458 ‘J

306 2521 327 2557 8
351 2518 506 2555 helisios
522 2518 618 2555 CBA
714 2520 746 2563 8,
766 2529 789 2565 9
814 2521 871 2556 est
887 2519 979 2556 fides
995 2517 1030 2555 A
1128 2528 1169 2554 12
1195 2517 1329 2564 sydera
1345 2515 1407 2554 cB
1502 2527 1549 2564 29
1563 2527 1634 2563 ego
1649 2528 1718 2555 om.
1738 2517 1790 2554 Ar

355 2630 376 2665 3
400 2632 424 2656 α
440 2621 549 2655 Patre
566 2620 769 2656 luminum:
795 2618 918 2655 Iacob.
940 2617 966 2654 i.
987 2626 1041 2662 17.
1136 2617 1160 2653 6
1187 2618 1288 2661 Quod
1303 2617 1448 2662 quaeris
1464 2617 1560 2652 etc.:
1586 2616 1677 2653 Hor.
1695 2617 1770 2663 Ep.
1826 2637 1829 2643 -

305 2666 333 2702 i.
355 2676 408 2703 11.
426 2676 482 2712 29,
503 2677 558 2711 30.
705 2677 747 2702 12
770 2668 946 2712 solemque
962 2667 1056 2702 etc.:
1082 2664 1237 2710 V.Verg.
1255 2666 1349 2699 Aen.
1365 2662 1413 2698 vi.
1432 2664 1513 2708 641.
1661 2673 1704 2709 19
1727 2665 1771 2700 in
1820 2682 1822 2686 ·

308 2715 465 2750 Domino
483 2716 577 2750 etc.:
603 2724 624 2749 2
643 2713 725 2750 Cor.
742 2725 778 2749 x.
800 2722 852 2758 17,
874 2715 927 2750 18.
1055 2721 1101 2747 22
1125 2713 1225 2748 Hoc:
1251 2722 1300 2747 sc.
1318 2711 1419 2756 quod
1435 2711 1602 2747 meretur
1613 2711 1772 2756 quanta-
1802 2724 1829 2745 ι

307 2771 469 2806 cumque
487 2760 640 2797 virtutis
656 2761 793 2814 imago.
891 2767 933 2806 25
961 2763 1191 2795 manum-unt
1207 2759 1281 2795 etc.
1296 2767 1307 2794 z
1334 2757 1438 2794 Rom.
1456 2757 1481 2793 i.
1497 2767 1553 2801 21,
1570 2767 1626 2794 22.
1723 2758 1771 2794 28

230 2814 232 2816 ·
307 2810 406 2845 Satis
422 2809 518 2846 eta:
546 2807 634 2844 Hor.
651 2809 723 2854 Ep.
740 2819 766 2843 1.
786 2809 839 2845 18.
860 2817 936 2851 111,
959 2817 1035 2844 112.
1828 2807 1837 2811 ”

419 2877 484 2924 196
