1878 3172
63 162 161 195 cu.
175 151 307 207 ΗΠ]
564 147 1001 193 POLICRATICVS
1532 157 1611 199 455
1630 158 1655 187 c

62 270 222 314 sciolus
246 242 475 328 paululum
498 269 608 311 mihi
637 283 737 312 cum
763 267 1093 325 peripatheticis
1121 282 1227 324 prae
1253 267 1330 310 illo
1355 266 1519 317 uideor,

63 339 140 396 qui
179 340 312 382 huius
342 339 614 382 difficultatis
644 338 851 395 angustia
883 337 931 379 in
962 337 1136 380 Athicis
1169 336 1386 379 Noctibus
1419 350 1520 379 con-

63 407 206 451 fessus
225 411 292 452 est
311 423 358 452 se
377 407 544 451 nescire
563 421 610 450 se
628 421 718 449 non
737 420 830 449 esse
848 405 1053 448 cicadam.

46 548 171 621 Cap.
203 575 270 617 24.
311 563 439 617 Quod
466 561 769 606 mathematici
799 560 1030 604 temerarii
1061 565 1180 611 sunt,
1211 559 1522 617 indifferenter

26 652 45 685 5
255 632 430 688 futura
457 631 632 676 iudicio
660 645 739 674 suo
768 629 961 674 subicere
983 634 1330 686 praesumentes.

122 740 196 783 Illi
216 755 400 798 quoque,
418 740 521 784 licet
540 740 850 783 dissentiamus
875 739 923 781 in
948 739 1161 796 plurimis,
1180 754 1351 782 mecum
1374 738 1521 782 faten-

64 812 141 853 tur
173 824 220 852 se
258 810 406 853 omnia
438 824 528 852 non
566 809 743 859 nescire,
773 823 873 852 cum
913 808 1072 865 quibus
1111 813 1232 851 astra
1269 808 1523 865 loquuntur,
1538 808 1568 848 d

65 882 111 921 et
144 879 221 935 qui
256 879 381 935 quasi
410 878 465 921 de
494 878 590 935 ipso
619 877 844 920 celestium
876 877 977 919 sinu
1006 877 1250 920 extrahunt
1274 877 1521 920 ueritatem.

66 948 154 1001 Qui
192 962 299 991 uero
337 962 487 991 eorum
526 946 835 990 modestissimi
874 950 979 988 sunt
1012 960 1092 989 nec
1125 946 1342 989 sideribus
1375 961 1523 989 rerum

7 1039 50 1063 ιο
66 1016 329 1074 pollicentur
363 1016 542 1059 effectus
575 1030 654 1059 nec
693 1030 766 1058 eas
800 1015 1051 1058 necessitati
1089 1014 1185 1072 lege
1223 1015 1524 1072 dispositionis

66 1085 332 1142 astringunt,
352 1085 428 1127 sed
449 1084 553 1141 quia
567 1087 782 1134 uenturae
802 1087 907 1126 sunt
921 1084 1138 1140 certisque
1152 1084 1525 1140 praenuntiantur

63 1154 249 1204 indiciis,
268 1154 517 1211 praedicere
536 1168 626 1196 non
645 1156 867 1196 uerentur.
926 1153 1014 1196 Sed
1034 1153 1070 1195 si
1098 1152 1352 1196 futurorum
1379 1156 1525 1210 potest

66 1223 174 1266 ordo
192 1222 369 1272 mutari,
389 1223 670 1265 temerarium
691 1226 759 1265 est
779 1237 870 1265 rem
891 1222 960 1265 sui
979 1225 1142 1264 natura
1168 1222 1381 1265 incertam
1405 1226 1524 1265 certo

67 1291 256 1334 diffinire
274 1291 447 1335 iudicio.
507 1291 588 1334 Sin
608 1295 757 1334 autem
781 1291 947 1334 mutari
971 1306 1060 1333 non
1083 1294 1240 1347 potest,
1261 1291 1368 1347 quid
1391 1291 1523 1347 prod-

9 1381 50 1414 15
68 1362 136 1402 est
161 1362 290 1402 tanta
314 1360 567 1403 curiositate
593 1360 793 1412 scrutari,
822 1359 939 1416 quod
965 1359 1089 1402 nulla
1117 1362 1263 1416 potest
1292 1360 1524 1417 diligentia

67 1427 310 1471 declinari2
369 1428 457 1471 Sed
491 1428 607 1471 forte
646 1429 729 1471 etsi
769 1428 899 1471 aliter
936 1442 1029 1471 esse
1069 1428 1219 1484 possit,
1251 1443 1320 1471 res
1354 1429 1523 1471 incerta

67 1511 157 1540 non
191 1500 269 1548 est,
302 1498 683 1554 temeritatemque
716 1498 868 1540 iudicii
902 1500 1084 1540 excusat
1122 1497 1237 1539 ratio
1270 1497 1525 1540 indubitata

67 1565 304 1623 signorum.
380 1566 503 1610 Licet
533 1567 651 1610 enim
684 1567 890 1624 possibile
924 1566 983 1608 sit
1012 1580 1105 1608 rem
1134 1566 1264 1608 aliter
1294 1581 1397 1617 esse,
1428 1582 1524 1610 eam

67 1638 217 1678 tamen
254 1635 320 1678 ita
358 1635 558 1678 futuram
596 1650 689 1679 esse
730 1635 968 1678 manifesta
1010 1635 1138 1692 signa
1183 1636 1525 1692 praenuntiant;

9 1721 52 1745 20
68 1717 148 1747 nec
185 1700 294 1755 mea,
329 1704 476 1761 inquit
513 1708 733 1748 astrorum
772 1704 1044 1754 secretarius,
1074 1704 1260 1747 interest
1298 1720 1357 1747 an
1395 1705 1526 1748 aliter
1541 1710 1623 1758 456
1646 1719 1674 1747 a

68 1786 161 1814 esse
191 1773 341 1829 possit,
370 1773 476 1816 dum
505 1774 564 1824 id,
595 1774 650 1816 de
681 1788 768 1830 quo
798 1773 959 1830 agitur,
989 1772 1055 1814 ita
1088 1772 1292 1815 futurum
1315 1788 1408 1816 esse
1436 1789 1525 1816 non

69 1841 279 1886 dubitem.
356 1841 444 1885 Sed
492 1856 708 1899 quaenam
754 1845 821 1884 est
863 1842 970 1884 haec
1008 1842 1227 1884 certitudo
1266 1842 1526 1899 signorum?

69 1909 240 1966 Nempe
269 1924 416 1952 rerum
454 1910 712 1967 plerumque
745 1910 1097 1966 experimentum
1135 1909 1276 1952 fallax
1314 1911 1526 1953 iudicium

70 1978 245 2021 difficile
292 1978 573 2035 ipsorumque
625 1979 851 2035 signorum
898 1978 1025 2020 uaria
1077 1981 1144 2020 est
1192 1981 1238 2021 et
1292 1979 1527 2035 multiplex

12 2060 53 2093 25
70 2046 343 2104 significatio.
422 2047 558 2090 Porro
605 2047 798 2089 uarietas
846 2046 1182 2102 ambiguitatem
1230 2046 1427 2099 inducit3
1478 2048 1526 2089 in
1581 2104 1583 2107 ι

70 2115 289 2172 ambiguis
317 2118 467 2158 autem
496 2116 638 2159 omnis
667 2116 872 2158 diffinitio
900 2115 1144 2172 periculosa
1173 2118 1252 2159 est.
1310 2115 1398 2158 Sed
1433 2119 1527 2159 esto

72 2245 90 2272 1
117 2234 374 2281 peripateticis
390 2234 431 2270 Μ
587 2245 608 2271 2
633 2235 790 2271 atthicis
806 2235 841 2269 A
995 2245 1019 2279 4
1043 2233 1089 2270 3²
1104 2236 1154 2269 ad
1171 2210 1248 2280 cap.
1265 2236 1362 2270 xxiv.
1381 2237 1527 2272 titulum

69 2294 148 2328 cap.
165 2294 249 2320 xxv.
260 2285 443 2328 pmefiyit.
585 2291 605 2327 7
630 2283 809 2319 locuntur
825 2282 849 2318 S
991 2292 1039 2317 20
1062 2281 1160 2327 mea]
1178 2282 1220 2317 in
1237 2293 1283 2317 ea
1298 2282 1338 2318 M

119 2401 136 2428 1
161 2393 311 2428 sciolus:
335 2404 368 2427 v.
389 2391 476 2427 Isid.
497 2392 732 2435 Differentiae
748 2389 772 2426 i.
795 2398 872 2435 505.
1049 2401 1083 2432 2,
1100 2401 1121 2435 3
1145 2392 1186 2426 in
1201 2391 1344 2426 Athicae's
1358 2391 1528 2426 Nedibus

69 2440 141 2474 etc.
156 2451 165 2474 :
181 2438 287 2474 Nihil
296 2439 374 2475 tale
385 2439 485 2485 apud
497 2437 661 2474 Gellium
674 2436 835 2483 reperire
848 2435 973 2482 potui;
990 2436 1038 2472 cf.
1051 2439 1179 2473 tamen
1188 2437 1288 2473 xviii.
1306 2448 1359 2484 13,
1372 2437 1473 2473 xviii.
1487 2449 1525 2480 2;

70 2496 194 2539 neque
221 2485 315 2522 haec
342 2488 496 2522 narrata.
523 2496 600 2521 esse
628 2483 857 2530 impossibile
883 2486 941 2519 est
963 2483 1006 2518 in
1029 2483 1112 2519 libr.
1136 2484 1213 2520 viii.
1241 2496 1323 2530 cap.
1353 2495 1396 2520 10
1421 2484 1526 2520 cuius

70 2531 197 2568 amissi
213 2535 336 2569 exstat
352 2532 530 2578 periocha
546 2534 590 2567 ut
606 2531 774 2577 sequitur
787 2532 911 2574 Qualis
926 2533 1017 2566 mihi
1023 2533 1143 2576 fuerit
1158 2533 1199 2566 in
1215 2533 1346 2578 oppido
1356 2533 1526 2567 Eleusine

69 2581 275 2624 disceptatio
301 2592 381 2616 cum
405 2581 638 2624 qrammatico
661 2580 815 2624 quodam
834 2579 1076 2623 praestiyiosm
1102 2584 1260 2624 tempora
1287 2579 1466 2614 verborum
1494 2584 1527 2614 et

68 2627 321 2662 meditamenta
338 2629 501 2672 puerilia
521 2629 716 2671 iquorante,
735 2630 949 2660 remotarum
973 2630 1091 2660 autem
1111 2628 1357 2671 quaestionum
1378 2627 1527 2661 nebulas

70 2677 103 2706 et
122 2674 343 2717 formidines
367 2675 552 2719 capiendis
575 2675 822 2718 imperitorum
846 2674 982 2707 animis
1004 2677 1219 2715 ostentante;
1251 2673 1298 2709 cf.
1324 2672 1523 2718 Augustin.

70 2724 196 2754 eontra
223 2721 451 2756 Academicos
478 2719 534 2756 iii.
564 2730 607 2756 10
635 2719 654 2765 ξ.
682 2729 739 2756 22.
864 2729 887 2763 4
917 2719 1004 2764 Cap.
1033 2729 1099 2763 24:
1132 2719 1226 2755 Cum
1252 2731 1336 2766 cap.
1362 2719 1450 2755 xxiV
1476 2720 1523 2756 cf.

71 2765 261 2802 Abailard.
281 2768 379 2803 Dial.
397 2766 435 2802 ΙΙ
450 2768 561 2803 Anal.
578 2768 640 2803 Pr.
658 2765 715 2801 ΙΙΙ
735 2766 855 2813 (Ouvr.
874 2767 976 2802 Ined.
992 2778 1029 2812 p.
1049 2767 1147 2814 288).

1357 2847 1420 2879 133
