1878 3172
87 195 188 230 on.
203 182 275 245 xl]
600 183 1032 230 POLICRATICVS
1553 192 1634 233 534
1651 182 1681 222 b

89 307 136 348 et
157 319 266 348 auro
293 304 397 347 uilis
425 307 471 348 et
498 318 600 347 rara
626 304 774 347 uestis.
832 303 1040 347 Feminae
1068 307 1216 347 autem
1246 307 1421 347 nostrae
1449 317 1539 346 non
1554 305 1584 345 b

89 376 306 417 ornantur
323 376 376 416 ut
394 373 618 430 placeant;
650 387 779 430 quem
799 373 976 429 quidem
995 375 1352 416 ornamentorum
1372 372 1540 416 cultum

70 442 238 500 *potius
266 442 388 485 oneri
416 441 634 498 deputant
667 440 806 498 quamv
833 441 990 486 decori.
1048 441 1224 484 Etenim
1258 441 1460 484 nesciunt
1493 441 1542 483 in

90 510 293 568 augenda
330 510 658 567 pulchritudine
696 509 796 567 plus
833 510 1037 553 affectare
1084 525 1216 567 quam
1255 510 1372 566 quod
1411 512 1543 552 natae

52 595 72 629 5
91 582 208 622 sunt.
266 580 412 622 Antra
429 579 556 622 nobis
581 579 799 636 duplicem
827 593 956 622 usum
979 582 1217 636 praestant,
1236 581 1542 635 tegumentum

91 648 140 690 in
167 648 276 700 uita,
305 647 352 690 in
386 651 527 690 morte
561 648 842 704 sepulturam.
901 648 1065 705 Regem
1095 647 1307 690 habemus
1340 662 1429 690 non
1463 661 1544 703 pro

92 716 266 760 iustitia
288 715 364 759 sed
383 730 464 773 pro
483 716 714 760 nobilitate
733 716 1044 760 conseruanda.
1103 716 1244 769 Quem
1264 716 1381 758 enim
1400 716 1544 758 locum

92 785 275 828 haberet
322 785 530 836 uindicta,
567 785 644 827 ubi
688 785 813 828 nulla
855 786 910 828 fit
946 785 1197 828 iniustitia?
1269 785 1354 828 His
1397 783 1545 827 uerbis

93 856 240 896 motus
266 853 518 895 Alexander
541 853 709 895 nullam
739 856 862 896 ratus
888 854 1130 906 uictoriam,
1153 853 1191 896 si
1218 868 1368 897 eorum
1394 867 1545 910 pacem

33 938 79 964 10
95 924 356 979 perpetuam
393 921 605 972 turbaret,
639 922 687 964 in
722 922 869 978 quiete
903 936 984 964 sua
1017 922 1197 965 dimisit.
1261 922 1320 965 Et
1354 921 1481 972 forte,
1507 921 1546 964 si

94 1004 170 1033 eos
193 990 308 1032 bello
337 989 495 1033 fuisset
518 1005 761 1048 aggressus,
782 991 962 1034 minime
990 990 1308 1048 praeualuisset
1335 990 1547 1033 aduersus

102 1058 367 1109 innocentes,
402 1073 453 1101 eo
491 1058 607 1115 quod
645 1058 896 1102 innocentia
932 1073 1022 1101 non
1060 1058 1190 1102 facile
1233 1062 1468 1116 superatur
1502 1062 1549 1102 et

96 1127 264 1170 ueritas
283 1127 374 1170 suis
393 1128 563 1171 uiribus
582 1131 787 1171 constans
807 1128 861 1170 de
880 1128 1052 1171 malitia
1071 1128 1356 1185 quantumuis
1376 1130 1548 1170 armata

98 1195 357 1252 triumphat.
428 1195 528 1247 Sed,
558 1196 663 1253 quia
692 1195 828 1239 nichil
864 1199 931 1238 est
968 1196 1086 1253 quod
1123 1196 1265 1253 magis
1298 1196 1548 1239 desiderent
1565 1209 1591 1238 c

11 1318 19 1322 Ὦ
39 1280 80 1315 ¹5
99 1264 298 1308 homines
329 1279 461 1322 quam
490 1267 543 1308 ut
570 1265 618 1307 in
647 1265 773 1308 bonis
802 1265 893 1308 suis
918 1265 1111 1308 habeant
1133 1265 1246 1308 filios
1272 1279 1549 1315 successoreS,

8 1334 19 1364 ἶ
98 1337 152 1376 ut
194 1333 270 1390 qui
311 1334 535 1391 propriam
577 1349 634 1376 ex
671 1334 919 1377 conditione
957 1334 1218 1390 praeuident
1262 1338 1461 1384 mortem,
1500 1334 1548 1376 in

98 1402 339 1460 propagine
370 1402 514 1446 carnis
548 1417 652 1446 suae
685 1405 948 1459 perpetuent
981 1402 1133 1453 uitam,
1162 1403 1244 1446 hoc
1277 1403 1549 1460 principibus

99 1474 167 1515 est
194 1471 469 1528 promissum,
494 1471 612 1514 unde
639 1471 831 1515 maxime
858 1474 1043 1528 possunt
1072 1471 1128 1514 ad
1156 1471 1325 1515 cultum
1354 1471 1551 1514 iustitiae

99 1539 294 1582 inuitari.
353 1539 584 1598 Contingit
612 1540 729 1583 enim
759 1555 842 1590 eos,
869 1540 944 1596 qui
974 1540 1028 1582 de
1057 1554 1103 1583 se
1132 1540 1239 1596 ipsis
1268 1540 1408 1583 securi
1435 1543 1551 1590 sunt,

43 1627 87 1653 ao
102 1608 157 1651 de
175 1610 298 1651 statu
316 1608 507 1652 filiorum
527 1609 691 1666 iugiter
710 1624 801 1652 esse
820 1609 1040 1652 sollicitos.
1090 1609 1145 1651 In
1165 1624 1300 1666 eoque
1319 1609 1551 1651 minimum

101 1676 301 1720 caritatis
326 1677 434 1720 ordo
461 1681 675 1728 seruatur,
695 1677 812 1734 quod
839 1692 1043 1730 amorem,
1063 1677 1139 1734 qui
1165 1677 1335 1734 patriae
1359 1678 1552 1735 parenti-

101 1745 186 1788 bus
213 1746 445 1803 praecipue
474 1746 726 1798 debebatur,
754 1749 883 1803 pater
909 1745 1186 1789 transfundit
1214 1747 1261 1788 in
1292 1747 1417 1798 filios,
1446 1747 1554 1789 dum

101 1813 251 1857 filialis
295 1815 477 1858 affectus
523 1815 698 1872 paterni
742 1815 930 1872 pectoris
976 1815 1130 1857 cellam
1172 1815 1290 1858 solus
1336 1816 1554 1859 exhaurit.

105 1881 337 1939 condigna
366 1897 538 1939 quoque
562 1883 659 1926 uice
688 1883 953 1940 respondent
978 1883 1235 1940 parentibus
1254 1884 1347 1935 filii,
1367 1884 1555 1927 eundem

0 1949 3 2011 ᾗ
39 1964 88 2004 ³³5
106 1951 198 1994 suis
226 1951 527 2007 impertientes
553 1952 768 2003 affectum,
788 1967 874 2008 quo
903 1967 930 1994 a
958 1953 1216 2009 parentibus
1240 1953 1405 2009 accepti
1433 1957 1555 2005 sunt;

105 2018 209 2062 licet
227 2019 364 2061 alium
383 2020 581 2062 ordinem
601 2021 751 2077 exigat
770 2021 930 2063 caritas
950 2020 1165 2071 ordinata,
1181 2035 1310 2076 quem
1325 2025 1555 2077 poetarum

105 2087 382 2130 doctissimus
400 2088 640 2144 prudenter
658 2089 885 2145 exproesit.
933 2088 1091 2130 Senem
1111 2103 1299 2144 namque
1319 2089 1555 2132 Anchisem
1571 2089 1602 2130 d

103 2169 260 2199 euersa
285 2155 416 2198 Troia
441 2156 489 2197 in
518 2156 712 2199 humeris
738 2156 801 2213 pii
828 2156 909 2198 fflii
936 2156 1176 2206 collocauit‚
1195 2157 1391 2212 parentis
1411 2157 1557 2200 Eneae

105 2224 334 2267 dexteram
354 2224 477 2266 dedit
490 2224 721 2275 Aschanio‚
740 2228 785 2267 et
803 2224 964 2267 marito
983 2224 1176 2267 coniunx
1195 2223 1361 2267 Creusa
1379 2226 1558 2276 cohesit,

46 2309 90 2344 30
106 2292 458 2336 antecedentium
495 2307 576 2349 pro
612 2293 817 2335 muliebri
861 2293 1120 2335 infirmitate
1164 2292 1313 2349 legens
1355 2293 1557 2350 uestigia.

106 2360 421 2419 compatriotis
440 2361 642 2404 omnibus
668 2361 822 2405 ducem
848 2362 982 2413 dedit,
1002 2361 1149 2404 uirum
1170 2361 1304 2404 armis
1328 2364 1374 2404 et
1392 2362 1559 2419 pietate

106 2479 131 2514 4
181 2468 412 2505 ulcritudine
430 2468 490 2505 AS
632 2478 651 2522 5
677 2467 892 2515 dupplicem
909 2467 934 2504 S
974 2514 982 2522 .
1083 2478 1123 2505 11
1151 2479 1319 2522 agressus
1336 2468 1361 2505 S
1515 2480 1557 2516 13

107 2527 162 2552 lm
180 2515 249 2552 'tia
263 2515 303 2550 M
398 2526 455 2559 21,
472 2525 518 2551 22
542 2527 720 2569 precipue
735 2527 902 2552 amorem
919 2527 985 2562 qm
1001 2515 1124 2562 patrie
1139 2516 1358 2562 parentibus
1374 2516 1409 2551 A
1511 2527 1558 2563 29

108 2563 280 2599 dextram
296 2562 337 2598 Μ
430 2574 582 2600 ascamo
598 2562 639 2597 M

159 2669 176 2696 1
202 2665 365 2696 nostrae:
390 2659 444 2697 sic
460 2661 557 2696 Hist.
575 2662 617 2695 de
629 2661 802 2706 praelii83
828 2665 1003 2697 nostrates
1017 2659 1137 2696 Anon.
1153 2661 1197 2696 de
1212 2662 1359 2706 Braqm.
1536 2672 1557 2698 2

110 2718 231 2752 quem:
255 2719 344 2752 quae
358 2708 481 2743 Anon.
499 2709 541 2743 ἀι
556 2709 704 2751 Braym.
864 2718 885 2754 3
910 2709 1049 2743 deom‘i:
1074 2709 1202 2743 honori
1216 2708 1335 2745 Anon.
1353 2710 1395 2743 de
1411 2710 1556 2754 Braym.

112 2763 135 2796 4
157 2755 270 2798 quod:
296 2766 364 2789 om.
381 2753 500 2790 Anon.
517 2756 560 2789 de
575 2756 720 2800 Braqm.
911 2755 965 2798 26,
985 2763 1028 2799 27
1047 2760 1237 2800 poetarum
1257 2757 1500 2791 doctissimus:
1525 2768 1558 2791 v.

110 2799 224 2846 Verg.
240 2801 332 2836 Aen.
350 2800 390 2836 ii.
408 2809 583 2848 721-725.

1385 2878 1451 2916 271

8 3112 13 3121 -
0 2687 19 2962 arf-DW**'
0 2637 2 2639 ⁴
