1820 3138
805 111 1256 156 PROLEGOMENA

305 243 378 287 pp.
411 228 507 284 278,
540 226 641 285 279)
671 229 717 270 et
749 226 887 271 Gestis
917 226 1145 271 Abbatam
1179 227 1224 271 S.
1255 226 1429 271 Albani
1460 226 1544 285 (ed.
1575 227 1707 285 Riley
1735 227 1763 278 i,

305 312 378 355 pp.
406 297 486 350 184
504 297 654 354 seqq).
729 295 796 339 De
816 296 1103 353 scriptoribus
1132 296 1190 339 ad
1216 296 1429 340 librorum
1448 297 1619 354 copiam
1637 311 1762 354 prae-

305 365 549 424 parandam
589 365 646 408 ab
678 365 829 408 eodem
862 365 911 407 in
944 364 1210 408 monasterio
1244 379 1324 408 suo
1358 365 1618 408 sustentatis
1660 365 1764 409 uide

306 450 419 493 quae
462 434 600 478 refert
643 434 898 478 Matthaeus
948 433 1207 476 Parisiensis
1255 434 1304 476 in
1351 434 1488 477 Gestis
1536 433 1765 478 Abbatum

306 505 366 562 (p.
394 505 504 561 192).
569 503 757 546 Miehael
792 503 846 546 de
876 503 1122 545 Mentmore
1156 502 1292 545 abbas
1321 501 1365 546 S.
1395 502 1558 545 Albani
1589 502 1680 546 fuit.
1707 503 1766 546 ab

300 575 344 617 a.
369 583 480 631 1335
499 587 638 629 usque
665 572 722 615 ad
745 586 782 614 a.
807 585 930 629 1349.
989 571 1102 614 Vide
1123 571 1521 629 Walsinghamium
1547 572 1595 614 in
1627 571 1768 616 Gestis

308 642 538 686 Abbatum
563 642 608 686 S.
629 640 805 684 Albani
833 640 917 697 (ed.
939 640 1069 697 Riley
1093 640 1137 691 ii,
1161 655 1232 697 pp.
1262 641 1504 696 299-371);
1534 640 1588 683 de
1612 640 1767 684 fauore

308 713 402 756 eius
441 712 490 754 in
529 710 809 754 scholasticos
848 713 894 752 et
932 710 1162 752 studentes
1202 712 1308 753 sunt
1347 709 1562 767 quaedam
1603 710 1767 753 ibidem

308 781 398 840 (pp.
420 793 515 837 302,
537 791 633 836 305,
655 778 772 836 306).
841 778 1055 821 Ricardus
1085 779 1139 821 de
1169 779 1307 836 Bury,
1336 778 1575 836 Episcopus
1605 778 1768 822 Dunel-

307 851 470 893 mensis
495 851 682 892 mortem
708 847 820 890 obiit
846 848 953 904 Apr.
984 861 1036 900 14
1062 862 1099 891 a.
1131 859 1253 905 1345.
1311 848 1639 892 Polior-aticum
1658 848 1769 892 citat

308 919 549 977 Episcopus
578 918 652 960 ille
678 917 929 959 litterarum
956 917 1284 960 amantissimus
1313 917 1419 974 (aut,
1444 917 1482 960 si
1508 917 1666 970 mauis,
1685 918 1768 960 sub

307 988 484 1031 nomine
525 987 619 1029 eius
661 985 879 1028 Roberbus
915 985 1095 1044 Holeot)
1132 986 1180 1028 in
1215 986 1328 1029 libro
1369 986 1446 1043 qui
1481 985 1769 1030 Philobiblon

307 1057 566 1100 inscribitur
594 1070 630 1099 c.
664 1068 716 1107 14
742 1056 765 1111 ξ
792 1067 883 1109 190,
913 1057 958 1097 et
987 1070 1066 1098 sex
1095 1055 1333 1099 uersiculos
1363 1070 1419 1099 ex
1448 1055 1685 1100 Enthetico
1711 1055 1770 1099 in
1816 1069 1820 1105 j

307 1125 650 1175 Poliorationm,
679 1123 816 1167 tacit-‚0
846 1124 1037 1167 auctoris
1065 1124 1254 1178 nomine,
1278 1125 1326 1167 in
1354 1139 1390 1168 e.
1417 1134 1466 1180 15
1488 1126 1511 1182 ξ
1535 1138 1618 1181 194
1645 1127 1769 1168 tran-
1817 1155 1820 1174 ς

309 1195 497 1252 scripsit.

369 1264 401 1308 S
434 1261 791 1321 (Suessionensis)
813 1281 855 1299 =
876 1260 1019 1304 Suess.
1044 1261 1156 1304 Bibl.
1187 1261 1309 1305 Publ.
1335 1262 1426 1305 eod.
1456 1262 1550 1306 MS.
1583 1274 1639 1315 24
1664 1262 1770 1320 (26).

310 1334 669 1377 Membranaceus
689 1334 756 1374 est
775 1330 913 1374 codex
933 1345 1040 1374 saec.
1061 1331 1126 1373 xii
1147 1331 1194 1373 in
1213 1333 1286 1383 4²⁰.
1346 1331 1604 1389 Descriptus
1627 1334 1696 1375 est
1722 1332 1770 1375 in

311 1403 550 1458 Gataloyue
588 1399 778 1444 G‘dnbral
807 1399 882 1443 des
909 1399 1189 1444 Manuscrits
1220 1401 1293 1444 des
1321 1400 1645 1458 Bibliotheques
1672 1401 1769 1444 Pu·
1818 1403 1820 1406 ⁴

312 1472 479 1528 bliqaes
498 1470 550 1513 de
569 1468 752 1518 Franco,
772 1468 1199 1525 Dtpanements‚·iii,
1224 1484 1297 1526 pp.
1321 1471 1387 1526 78,
1411 1483 1478 1526 79.
1538 1471 1662 1514 Folia
1685 1472 1794 1526 346'

311 1541 457 1585 habeb.
517 1539 573 1581 In
605 1537 681 1583 fol.
713 1551 732 1580 1
767 1538 931 1594 scripta
959 1541 1064 1581 sunt,
1093 1553 1227 1581 manu
1257 1539 1418 1582 saeculi
1448 1540 1511 1582 xii
1545 1540 1772 1597 epitaphia
1818 1566 1820 1569 ·

312 1609 527 1667 quaedam
556 1607 754 1650 uirorum
787 1607 1026 1659 doctorum,
1049 1622 1160 1664 quae
1189 1607 1464 1665 subiungam.
1530 1622 1565 1652 1.
1587 1609 1659 1666 (de
1678 1609 1772 1652 An·

312 1679 448 1722 selmo
487 1677 581 1720 siue
613 1676 792 1719 Ansello
827 1676 1128 1736 Laudunensi)
1166 1677 1345 1721 Dormit
1384 1677 1442 1721 in
1478 1677 1554 1721 hoc
1590 1679 1772 1723 tumulo

312 1747 618 1791 celeberrimus
636 1745 713 1789 ille
731 1746 943 1802 mayister
963 1746 1189 1798 Anselffls,
1209 1746 1287 1789 cui
1300 1761 1385 1802 per
1402 1746 1566 1803 diffusi
1585 1747 1773 1791 climata

313 1816 485 1862 ‘mundi
522 1815 732 1871 Vndique
765 1814 984 1858 noticiam
1016 1815 1238 1859 oontraaeit
1271 1819 1309 1858 et
1341 1816 1548 1872 undique
1576 1815 1772 1860 laudem.
1816 1809 1820 1851 ἕ

314 1887 442 1930 Sana
444 1884 571 1940 fides,
582 1883 793 1927 doctrina
799 1884 1027 1940 frequens,
1039 1884 1299 1927 reuerentia
1313 1899 1509 1937 moram,
1521 1884 1773 1941 Splendida
1813 1853 1820 1972 ἰ

314 1955 431 2007 uita,
445 1967 617 1997 manus
632 1952 906 2009 diffundens,
918 1953 1036 1996 actio
1050 1957 1198 2004 canta,
1212 1954 1365 1996 Sermo
1372 1954 1568 2009 placens,
1582 1967 1773 1997 censura
1814 1975 1820 2004 ξ

315 2024 485 2080 aiqens,
499 2022 705 2065 correctio
719 2021 878 2073 dulcis,
892 2021 1147 2065 Consilium
1161 2022 1353 2078 sapiens,
1365 2036 1493 2066 ‘mens
1507 2021 1657 2065 sobria
1664 2037 1772 2078 pro-
1814 2005 1820 2028 ¹

316 2094 435 2137 uida
464 2092 649 2136 clemens
660 2105 679 2146 ,·
713 2091 800 2134 Sed
828 2104 943 2147 quas
971 2091 1103 2147 Zar9a
1132 2090 1207 2134 dei
1235 2091 1445 2147 conyessit
1474 2091 1629 2148 qratia
1657 2091 1774 2135 dotes

316 2161 479 2205 Idibus
506 2159 684 2205 inuisis
711 2159 923 2203 dissoluit
952 2159 1101 2204 iulius
1123 2164 1231 2203 ater.
1294 2160 1397 2214 Qua
1421 2161 1589 2204 uiuens
1613 2159 1774 2216 niqait

316 2231 554 2274 comitetur
579 2229 733 2286 9ratia
751 2228 988 2285 functum.
1050 2230 1106 2284 (v.
1128 2229 1282 2272 Bulaei
1309 2229 1426 2273 Hist.
1457 2229 1598 2272 Vniw.
1619 2229 1771 2273 Paris.

317 2300 345 2342 i.
360 2301 456 2354 560,
475 2299 588 2342 Gall.
603 2298 762 2342 Christ.
780 2298 841 2342 ix.
855 2301 941 2354 560
962 2298 1016 2341 de
1035 2298 1210 2341 decanis
1230 2298 1620 2350 Laudunensibus3
1649 2298 1772 2342 Hist.

316 2367 402 2411 litt.
420 2367 473 2410 de
488 2367 536 2410 la
555 2366 732 2410 Franco
744 2382 787 2409 X.
813 2377 916 2422 179;
948 2366 1198 2409 Hildeberti
1219 2365 1559 2410 Cenomanensis
1581 2366 1692 2422 opp.
1706 2367 1772 2411 ed.

318 2435 616 2492 Beaugendre‚
628 2449 670 2491 p.
688 2448 813 2491 1321,
831 2435 993 2492 Migne,
1009 2435 1061 2478 P.
1078 2435 1127 2477 L.
1143 2434 1274 2478 clxxi.
1294 2447 1402 2491 1393
1417 2448 1427 2486 ;
1458 2434 1678 2486 Haureau,
1693 2435 1774 2479 Les
1793 2451 1812 2478 s

317 2505 540 2560 melanyes
555 2503 780 2559 poetiques
799 2503 1077 2547 d'Hildebert
1092 2518 1163 2560 pp.
1179 2517 1231 2559 19
1252 2518 1371 2560 seqq.
1430 2503 1547 2546 Olim
1569 2503 1773 2547 Lauduni

319 2574 368 2616 in
382 2572 562 2616 eeclesia
576 2571 618 2614 S.
634 2571 857 2614 Vincentii
869 2572 1041 2615 tumulo
1052 2571 1250 2615 Anselmi
1262 2572 1522 2629 inscriptum
1537 2573 1772 2630 exstabat.)

322 2655 360 2686 2.
388 2641 460 2698 (de
475 2639 668 2683 Radulfo
683 2640 976 2693 Laudunensi,
988 2641 1185 2683 Anselmi
1200 2639 1356 2698 fratre)
1370 2641 1409 2683 A
1408 2641 1615 2697 ppositus
1620 2643 1773 2698 patri·

320 2711 402 2756 bus
408 2709 578 2753 dormit
590 2708 844 2766 cumfratre
850 2709 1079 2767 radulfiaes,
1085 2710 1335 2766 E'99re9ins
1346 2710 1505 2762 doctor,
1515 2711 1772 2756 doctrinam

436 2793 503 2823 xu
