1878 3172
140 149 211 190 541
230 151 260 180 a
604 136 865 181 IOANNIS
906 135 1418 180 SARESBERIENSIS
1581 135 1690 197 [ΗΒ.
1705 147 1736 181 v

279 273 391 315 quae
423 256 627 315 religioso
661 256 850 314 principi
882 256 1071 313 putabat
1105 256 1356 314 ingerenda,
1390 256 1737 314 superstitiosius

278 328 507 384 disputata
546 329 663 376 sunt,
702 326 773 368 his
812 326 984 368 omissis
1024 340 1136 382 quae
1184 325 1243 368 ad
1290 325 1522 369 idolatriae
1569 326 1739 370 cultum

277 396 513 453 pertinent,
552 395 903 452 perstringamus
950 395 1147 438 breuiter
1195 409 1371 437 sensum
1413 394 1604 438 hominis
1652 409 1742 451 quo

277 466 520 522 principem
555 468 601 508 et
634 464 776 508 officia
806 465 870 507 rei
902 464 1102 521 publicae
1138 464 1195 506 ad
1234 464 1403 507 cultum
1441 463 1639 507 iustitiae
1673 464 1739 506 in-

278 534 513 578 formabat.
1758 551 1777 585 5

279 654 384 712 Cap.
407 668 445 712 3.
486 653 610 707 Quae
623 652 870 709 praecipue
883 656 1122 695 uersentur
1135 652 1192 695 in
1206 651 1458 696 intentione
1471 652 1715 696 Plutarchi
1720 671 1739 703 ;

394 726 434 766 et
452 722 506 765 cle
526 721 783 765 ‘reuerentia
803 721 1050 767 exhibenda
1069 722 1159 764 Deo
1178 725 1218 764 et
1237 720 1367 765 ‘rebus
1385 721 1537 765 sacris.

233 823 262 860 b
339 816 395 858 In
423 830 595 858 summa
619 829 723 872 ergo
751 817 963 870 quattuor
989 817 1095 857 sunt
1121 829 1234 871 quae
1263 814 1426 857 nititur
1451 815 1515 858 rei
1541 815 1742 872 publicae

281 885 554 942 principibus
583 883 823 927 inculcare:
859 884 1153 926 reuerentiam
1183 883 1279 934 Dei,
1308 884 1476 927 cultum
1505 884 1585 936 sui,
1614 884 1741 928 disci-

281 954 449 1011 plinam
476 953 727 996 officialium
754 955 800 995 et
822 955 1105 1009 potestatum,
1125 952 1330 996 affectum
1358 955 1404 996 et
1425 954 1742 1010 protectionem
1761 970 1802 993 ιο

282 1023 570 1066 subditorum.
630 1021 774 1077 Deum
808 1036 912 1079 ergo
951 1022 998 1064 in
1027 1022 1181 1079 primis
1219 1022 1377 1065 asserit
1414 1023 1743 1076 honorandum3

283 1092 442 1135 deinde
481 1092 672 1149 seipsum
712 1091 941 1134 colendum
976 1091 1213 1148 unicuique
1244 1094 1307 1142 ut,
1347 1092 1586 1135 secundum
1626 1092 1743 1148 quod

283 1161 524 1218 Apostolus
544 1161 681 1203 sentit
701 1160 820 1215 (licet
847 1160 921 1203 ille
947 1160 1210 1217 Apostolum
1236 1175 1326 1203 non
1351 1163 1589 1218 agnoscat),
1608 1175 1742 1204 unus-

285 1231 469 1288 quisque
498 1245 578 1273 uas
609 1244 738 1273 suum
770 1230 991 1286 possideat
1019 1230 1067 1272 in
1101 1230 1446 1273 sanctificatione
1480 1233 1526 1273 et
1556 1231 1744 1283 honore;

282 1303 384 1357 post
419 1303 471 1343 ut
500 1299 746 1342 doctrinam
784 1299 1022 1356 praepositi
1057 1300 1195 1342 totius
1226 1299 1457 1356 disciplina
1487 1299 1642 1343 domus
1676 1314 1742 1342 re·
1762 1319 1803 1352 15
1836 1323 1843 1327 -

285 1370 433 1412 doleat
458 1372 504 1412 et
532 1368 712 1412 tandem
739 1368 1007 1410 uniuersitas
1034 1368 1330 1411 subiectorum
1354 1369 1408 1411 de
1434 1369 1592 1425 capitis
1617 1383 1742 1426 prae-

1864 848 1869 861 ,

1861 889 1876 915 Δ.

1868 1025 1878 1068 *2

1871 1069 1878 1141 ἶ

1873 1143 1878 1205 ἒ

285 1439 529 1495 positorum
568 1437 652 1481 sibi
691 1437 994 1480 incolumitate
1025 1437 1198 1480 letetur.
1269 1437 1532 1494 Magnorum
1572 1451 1745 1494 quoque

285 1507 484 1549 uirorum
506 1505 940 1563 strategemmatibus
960 1508 1005 1548 et
1025 1506 1439 1563 strategemmaticis
1453 1507 1609 1559 utitur,
1621 1521 1745 1563 quae,

285 1576 322 1618 si
343 1590 422 1633 per
440 1575 615 1632 singula
635 1575 898 1625 inserantur,
919 1574 1089 1617 tediosa
1109 1578 1240 1618 erunt
1267 1575 1418 1618 lectori
1443 1579 1488 1618 et
1511 1590 1592 1632 pro
1617 1579 1745 1632 parte

286 1660 313 1688 a
340 1645 443 1687 fidei
469 1646 646 1687 nostrae
677 1643 930 1686 sinceritate
956 1644 1172 1686 recedent.
1234 1643 1453 1695 Ceterum,
1474 1645 1579 1701 quia
1602 1645 1743 1688 sancti
1763 1662 1806 1686 ιο

233 1708 272 1762 ‘c
288 1716 437 1771 patres
473 1716 518 1756 et
548 1713 797 1770 principum
831 1712 949 1769 leges
987 1713 1107 1755 illius
1146 1713 1334 1756 deducta
1372 1716 1522 1756 tamen
1561 1714 1747 1771 perfidia

288 1782 499 1824 uidentur
517 1781 717 1823 inherere
732 1781 944 1838 uestigiis,
956 1781 1201 1824 doctrinam
1216 1781 1310 1824 eius
1325 1796 1522 1825 sermone
1534 1783 1748 1826 catholico
1819 1797 1822 1799 ’

288 1854 334 1894 et
365 1851 596 1903 succincto,
626 1850 809 1893 adiectis
840 1865 897 1893 ex
936 1853 1064 1907 parte
1103 1852 1516 1908 strategemmaticis
1545 1853 1650 1904 eius,
1680 1855 1748 1896 at-

286 1921 524 1977 tingamus.
602 1919 738 1962 Porro
772 1919 812 1962 ei
847 1919 1027 1962 initium
1059 1934 1086 1962 a
1124 1920 1372 1963 reuerentia
1402 1921 1634 1963 numinum
1668 1925 1746 1972 est,

288 1989 416 2032 nobis
450 2004 477 2031 a
511 1988 616 2038 Deo,
637 1988 713 2044 qui
748 1988 805 2030 ab
835 1988 1039 2031 omnibus
1066 1989 1332 2046 generaliter
1359 1989 1574 2033 amandus
1603 1993 1670 2033 est
1700 1993 1746 2033 et
1764 2010 1780 2033 2
1786 2010 1805 2044 5

290 2100 312 2134 8
337 2100 500 2143 quatuor
516 2096 562 2133 S:
588 2096 684 2132 iiiior
699 2096 740 2132 M
882 2105 924 2143 25
951 2097 1045 2133 adeo
1062 2096 1122 2133 CB

1242 2168 1262 2187 *¹

342 2211 449 2247 13,14
465 2202 704 2246 unusquisque
718 2201 811 2237 ete:
827 2210 882 2235 ται
898 2198 1022 2236 Thess.
1034 2199 1079 2235 iv.
1093 2210 1127 2244 4.
1211 2208 1263 2244 17,
1280 2201 1320 2236 18
1333 2201 1550 2245 Maynorum
1561 2203 1748 2237 uirorum:

292 2261 341 2285 sc.
376 2249 648 2294 imperatorum
681 2259 842 2293 quorum
875 2247 977 2283 facta
1007 2248 1139 2283 narrat
1170 2246 1384 2283 Frontinus.
1546 2250 1588 2284 18
1624 2253 1748 2284 strate-

290 2296 526 2341 9emmatibus
549 2301 582 2330 et
604 2296 954 2340 strateyemmaticis:
979 2306 1012 2330 v.
1037 2293 1207 2330 Frontin.
1231 2296 1342 2330 Strat.
1368 2293 1394 2330 i.
1417 2294 1535 2340 praef.
1560 2294 1607 2330 iv.
1628 2295 1747 2341 praef.

295 2343 350 2379 De
374 2342 549 2379 uocabuli
571 2344 876 2387 strateyematicon
893 2340 1042 2387 origine
1059 2340 1210 2378 consule
1228 2341 1563 2377 Gundermannum
1584 2342 1626 2378 in
1646 2354 1751 2396 prae·

294 2389 438 2426 satione
471 2388 648 2425 editionis
679 2388 960 2425 Teubnerianae
988 2400 1024 2434 p.
1051 2387 1130 2425 xiii.
1179 2388 1350 2424 Frontini
1377 2389 1484 2431 libro,
1510 2400 1622 2434 quem
1647 2392 1749 2426 inter

295 2449 412 2473 annos
444 2448 481 2482 p.
514 2436 599 2472 Chr.
635 2438 769 2480 84-101
806 2435 990 2481 scriptum
1021 2447 1099 2472 esse
1132 2437 1291 2480 constat,
1324 2435 1424 2471 nihil
1456 2438 1748 2482 extemporum

297 2483 579 2528 computatione
605 2486 731 2519 ortum
762 2482 940 2529 prohibet
972 2482 1170 2528 quominus
1201 2494 1288 2518 usus
1315 2482 1366 2518 sit
1396 2482 1644 2525 Plutarchus;
1683 2483 1749 2520 sed

296 2530 424 2576 potius
440 2531 666 2567 credendum
683 2532 739 2567 est
757 2532 1039 2575 strateqematica
1053 2540 1121 2575 pro
1138 2529 1432 2575 quibuscumque
1449 2529 1749 2566 memorabilium

296 2578 345 2613 ab
374 2577 666 2622 imperatoribus
698 2578 886 2613 factorum
919 2576 1179 2622 dictorumque
1208 2576 1490 2612 collectionibus
1517 2577 1749 2623 usurpavisse

297 2624 489 2666 Ioannem,
535 2625 686 2668 qualem
734 2623 836 2670 apud
883 2623 1127 2660 Plutarchum
1176 2623 1348 2659 invenies
1395 2623 1436 2658 in
1484 2623 1612 2660 libello
1656 2626 1750 2670 Apo-

292 2672 563 2717 phtheymatum
600 2671 673 2716 ipsi
712 2671 875 2717 Trajano
913 2670 1049 2714 dicato,
1083 2682 1168 2716 quo,
1202 2673 1245 2707 ut
1284 2682 1398 2716 supra
1431 2669 1603 2714 diximus,
1640 2683 1749 2707 usum

297 2730 375 2754 esse
400 2719 646 2753 Institutionis
680 2720 837 2754 Traiani
868 2719 1061 2754 auctorem
1093 2717 1303 2763 suspicatus
1335 2720 1391 2752 est
1421 2717 1746 2763 Wyttenbachius.

299 2775 343 2811 23
369 2767 465 2801 eius:
490 2776 541 2800 sc.
561 2764 769 2801 Plutarchi.
910 2774 953 2812 25
979 2767 1160 2801 amandus
1176 2767 1271 2801 etc.:
1295 2776 1327 2800 v.
1347 2764 1433 2801 Luc.
1451 2775 1486 2800 x.
1507 2774 1562 2810 27.

410 2836 476 2877 284
