1878 3172
192 166 275 215 567
297 172 328 204 a
673 160 936 205 IOANNIS
977 159 1488 204 SARESBERIENSIS
1649 157 1761 219 [ΜΒ.
1774 170 1807 203 v

345 284 554 326 neutrum
603 284 681 332 est,
721 295 772 324 eo
820 280 937 338 quod
984 280 1108 324 curia
1150 279 1473 337 philosophiam
1521 278 1718 323 excludit
1761 282 1807 322 et

345 351 536 408 ineptias
582 350 769 394 curiales
814 350 1100 407 philosophus
1147 363 1460 406 usquequaque
1504 364 1594 392 non
1637 348 1806 406 recipit.

346 420 450 463 Non
479 423 629 463 tamen
658 419 715 462 ad
745 434 920 462 omnem
951 419 1118 462 curiam
1147 418 1417 475 comparatio
1445 418 1608 461 transit
1639 418 1715 461 sed
1749 417 1808 461 ad

297 489 327 528 b
346 489 468 532 illam
502 489 739 532 dumtaxat
785 503 897 546 quae
939 488 1189 545 insipientis
1229 487 1571 544 distemperatur
1608 487 1806 531 arbitrio.

346 559 434 612 Qui
469 558 587 602 enim
621 558 795 616 sapiens
830 560 898 601 est
933 572 1075 615 nugas
1112 557 1266 613 abigit,
1297 556 1521 614 componit
1551 556 1730 599 domum
1762 559 1808 599 et
1826 573 1844 606 5

343 628 552 671 uniuersa
589 627 709 670 illius
748 627 910 671 subicit
948 626 1122 669 rationi.
1193 626 1255 669 Vt
1294 626 1411 669 enim
1451 626 1516 668 ait
1555 624 1807 683 Sapientia:

345 697 469 750 Quae
498 696 835 741 communicatio
864 699 1017 739 sancto
1046 695 1215 738 homini
1246 695 1302 737 ad
1336 709 1489 738 canem
1523 697 1603 738 aut
1631 695 1719 738 luci
1749 694 1807 738 ad

343 768 579 811 tenebrasz
638 767 779 810 Omne
799 765 964 809 animal
988 765 1137 822 diligit
1162 764 1305 808 simile
1337 764 1421 807 sibi
1442 767 1487 807 et
1513 764 1655 807 omnis
1675 764 1805 808 homo

343 837 596 894 proximum
616 850 757 879 suum.
818 835 974 878 Omnis
1000 849 1101 878 caro
1127 834 1184 876 ad
1211 833 1399 876 similem
1418 834 1502 876 sibi
1523 834 1807 891 coniungitur

342 909 389 950 et
434 906 577 949 omnis
619 905 751 948 homo
796 903 1036 948 sociabitur
1082 903 1216 946 simili
1256 902 1352 946 sibi.
1431 902 1481 946 Si
1519 902 1651 960 lupus
1690 917 1806 961 agno
1826 916 1866 940 10

343 975 581 1032 aliquando
610 973 965 1024 communicauit‚
995 973 1057 1016 sic
1085 974 1288 1029 peccator
1315 971 1445 1015 iusto.

345 1083 450 1142 Cap.
484 1097 550 1128 11.
609 1084 674 1128 De
705 1083 845 1127 oculis
875 1082 1070 1126 auribus
1099 1086 1138 1126 et
1169 1082 1336 1139 linqua
1363 1084 1646 1138 potestatum,
1676 1085 1716 1125 et
1751 1082 1805 1126 de

458 1152 595 1210 officio
623 1152 857 1209 praesidis,
878 1156 918 1196 et
947 1152 1066 1209 quod
1093 1152 1293 1195 iudicem
1315 1153 1480 1206 oportet
1505 1150 1659 1194 habere
1683 1151 1806 1194 iuris

458 1226 498 1266 et
543 1222 677 1279 aequi
719 1222 947 1274 notitiam,
986 1222 1271 1266 uoluntatem
1312 1220 1428 1274 boni,
1467 1224 1505 1264 et
1551 1223 1827 1279 potestatem,

458 1291 715 1348 aequandi,
761 1295 800 1334 et
849 1291 968 1348 quod
1025 1291 1287 1334 iuramento
1334 1288 1453 1333 debet
1505 1304 1587 1333 esse
1638 1289 1806 1347 Zeyibus
1826 1307 1864 1342 15

457 1361 674 1417 alliyatus
702 1364 742 1403 et
770 1375 801 1403 α
830 1360 1034 1404 sordibus
1062 1373 1313 1402 ‘munerum
1342 1358 1533 1402 alienus.

302 1452 325 1480 c
402 1441 614 1498 Sequitur
643 1441 868 1484 oculorum
898 1441 1073 1483 aurium
1104 1444 1150 1484 et
1177 1441 1356 1498 linguae
1379 1440 1567 1493 collatio,
1594 1454 1727 1497 quam
1756 1440 1804 1482 in

341 1510 617 1566 praesidibus
651 1510 979 1566 prouinciarum
1010 1510 1247 1553 consistere
1285 1510 1487 1566 superius
1521 1510 1688 1552 dictum
1723 1511 1803 1552 est.

341 1578 521 1622 Praeses
559 1578 700 1636 igitur
744 1581 811 1621 est
856 1579 931 1635 qui
971 1579 1019 1620 in
1058 1579 1154 1621 iure
1199 1578 1421 1621 reddendo
1459 1577 1804 1635 prouincialibus

340 1647 572 1703 praesidet.
623 1647 710 1690 Hic
730 1650 880 1690 autem
899 1647 1029 1703 aequi
1050 1651 1094 1690 et
1114 1647 1255 1703 iniqui
1271 1647 1401 1690 debet
1416 1647 1577 1690 habere
1596 1646 1803 1690 notitiam
1823 1659 1866 1684 20

341 1719 388 1758 et
407 1715 667 1759 facultatem
694 1719 739 1759 et
762 1716 959 1758 animum
988 1716 1082 1758 eius
1107 1716 1224 1773 quod
1254 1717 1422 1759 iustum
1449 1718 1517 1759 est
1544 1715 1802 1772 exequendi.

342 1784 460 1827 Nam
481 1786 596 1828 sicut
614 1785 782 1828 medico
803 1788 988 1829 euentus
1007 1786 1294 1828 mortalitatis
1320 1785 1532 1842 imputari
1552 1799 1642 1828 non
1661 1785 1803 1836 debet,

341 1854 417 1905 ita,
438 1854 474 1897 si
500 1855 607 1911 quid
634 1855 763 1898 triste
792 1870 872 1912 per
899 1855 1168 1912 imperitiam
1192 1855 1285 1898 eius
1314 1855 1560 1912 contigerit,
1579 1855 1620 1898 ei
1644 1855 1803 1898 merito

340 1923 599 1980 imputatur.
660 1924 788 1983 Quod
815 1925 852 1967 si
879 1925 1007 1967 nouit
1034 1927 1079 1967 et
1105 1938 1194 1966 non
1221 1924 1332 1977 uult,
1351 1938 1440 1967 non
1468 1939 1524 1967 ex
1550 1924 1804 1981 ignorantia

342 1992 418 2035 sed
457 2008 513 2035 ex
544 1993 715 2036 malitia
747 1993 1104 2050 condempnatur.
1165 1993 1287 2036 Finis
1321 1993 1538 2049 siquidem
1571 1993 1802 2050 utriusque
1821 2004 1862 2040 ²5

342 2062 599 2119 dampnatio
633 2065 723 2115 est3
763 2062 866 2106 licet
905 2062 1050 2120 ignari
1088 2062 1242 2105 mitius
1276 2062 1531 2120 puniantur,
1565 2062 1651 2105 nisi
1686 2062 1803 2106 forte

341 2131 639 2188 ignorantiam
668 2131 938 2189 negligentia
965 2131 1279 2189 procurauerit.
1337 2131 1455 2174 Nam
1485 2131 1522 2174 si
1547 2109 1805 2188 'ignorantia

298 2202 328 2243 d
344 2199 613 2244 inuincibilis
641 2203 718 2252 est,
742 2216 832 2244 non
858 2201 987 2243 affert
1010 2203 1196 2243 mortem
1223 2200 1299 2243 sed
1329 2201 1386 2243 ab
1413 2200 1579 2243 innatis
1609 2200 1803 2244 tenebris

343 2273 590 2313 excusatur.
651 2270 700 2313 Si
720 2284 826 2313 uero
846 2270 929 2312 scit
949 2272 994 2312 et
1013 2269 1113 2312 uult
1132 2269 1346 2325 aequitati
1366 2269 1531 2312 seruire
1546 2283 1625 2312 nec
1644 2271 1801 2326 potest,

341 2353 431 2381 non
474 2342 567 2382 tam
607 2339 821 2396 praesidis
861 2342 929 2382 est
967 2339 1096 2395 culpa
1135 2353 1268 2394 quam
1311 2338 1532 2395 principis.
1611 2338 1700 2381 Sed
1742 2339 1799 2382 ad
1818 2353 1862 2387 30

339 2407 596 2465 religionem
631 2408 789 2451 iudicis
822 2408 929 2451 haec
965 2407 1117 2450 eadem
1151 2407 1371 2464 pertinere
1401 2407 1693 2450 certissimum
1722 2411 1800 2460 est,

340 2491 440 2519 cum
460 2477 604 2533 ipsum
625 2477 735 2520 iuris
757 2479 959 2534 oporteat
978 2477 1139 2519 habere
1159 2476 1376 2526 notitiam,
1388 2476 1664 2520 uoluntatem
1684 2477 1800 2528 boni,

345 2598 361 2624 1
387 2587 677 2635 phylosophiam
695 2590 735 2625 M
877 2590 898 2626 8
924 2589 996 2626 sibi
1010 2589 1131 2627 simile
1148 2589 1189 2625 M
1330 2599 1377 2636 29
1401 2591 1440 2626 et
1456 2601 1523 2626 om.
1540 2589 1649 2627 O²BA
1877 2589 1878 2639 l

388 2704 408 2739 7
437 2697 534 2740 Quae
549 2699 825 2735 communicatio
841 2699 933 2735 etc.:
960 2697 1065 2735 Eccli
1083 2697 1163 2735 xiii.
1181 2709 1225 2735 22
1240 2711 1249 2741 ;
1274 2709 1295 2734 2
1313 2697 1394 2736 Cor.
1408 2699 1454 2735 vi.
1475 2709 1529 2743 14.
1646 2700 1668 2736 8
1687 2701 1800 2736 Omne
1872 2648 1878 2728 j

341 2744 482 2835 ιιιέιῗνέαξῑ
494 2745 591 2834 {test
617 2743 723 2782 Eccli
738 2744 818 2781 xiii.
842 2755 966 2792 19-21.
1173 2755 1216 2782 22
1240 2748 1332 2783 sicut
1347 2748 1479 2783 medico
1496 2747 1589 2784 etc.:
1614 2758 1645 2783 v.
1667 2749 1752 2794 Diy.
1771 2747 1798 2785 i.
1872 2733 1878 2784 l

450 2869 514 2902 330
