1878 3172
61 180 161 213 cu.
175 167 331 228 xxvn]
569 167 1005 212 POLICRATICVS
1331 161 1334 165 ’
1358 228 1369 239 .
1529 165 1615 214 462
1633 165 1662 205 b

57 290 263 348 polliceri.
333 290 451 344 Quid
480 291 597 334 enim
625 290 748 334 aliud
776 289 1045 347 significaret
1074 288 1192 346 quod
1220 290 1321 345 post
1349 287 1514 332 multas

57 360 264 418 ambages
282 360 457 404 intulit:

458 443 590 489 Certa
619 447 686 488 est
714 443 901 488 uictoria
930 443 1121 487 Thebis?

45 532 267 577 Ceterum
292 548 348 577 ne
376 533 640 590 interempto
669 533 779 577 duce
806 533 1022 576 mendacii
1049 535 1275 590 arguatur,
1304 534 1357 575 ut
1386 530 1514 574 falla-

21 617 40 651 5
60 602 173 645 ciam
218 603 426 660 ambigua
465 602 668 646 ueritatis
715 605 822 646 nota
869 602 1116 652 obduceret,
1160 616 1248 658 quo
1296 601 1512 644 malitiam
1532 604 1559 634 ὓ

59 674 250 722 tueatur,
269 671 477 714 subiecit:

359 758 446 801 Hei
475 758 607 802 michi
636 773 716 816 per
742 758 912 816 gladios
940 758 1050 802 uicit
1078 761 1217 816 pater.

62 844 136 889 Sic
155 860 270 903 ergo,
285 845 391 888 dum
411 846 535 903 quasi
556 846 750 889 fatorum
770 847 950 890 consilio
965 861 1142 890 securus
1157 846 1213 890 ad
1228 845 1514 903 parricidium

62 914 293 965 inuitatur,
320 915 477 971 laqueo
509 915 750 972 impietatis
778 916 974 959 trahitur
1002 916 1059 958 ad
1087 930 1300 960 occasum.
1372 914 1517 957 Patris

5 1006 47 1031 χο
63 997 236 1039 quoque
283 983 525 1040 parricidae
572 984 835 1028 desiderium
884 985 1162 1042 adimpletur,
1200 985 1307 1027 dum
1355 982 1518 1026 fratres

63 1051 200 1108 impii,
234 1052 393 1108 quibus
422 1053 686 1109 imprecatus
715 1056 948 1110 optauerat
981 1056 1033 1096 ut
1067 1053 1185 1096 ferro
1214 1053 1387 1110 generis
1415 1067 1518 1096 con-

62 1120 199 1162 sortia
237 1120 488 1172 dissilirent,
526 1122 694 1165 mutuis
732 1122 989 1165 uulneribus
1027 1126 1215 1179 pereunt
1252 1124 1298 1165 et
1336 1120 1519 1164 alternis

61 1187 221 1245 gladiis
267 1193 620 1246 prosternuntur.
698 1190 858 1235 Cresus
905 1192 1101 1234 maxima
1149 1206 1297 1247 regna,
1335 1190 1373 1233 si
1412 1189 1520 1232 Alin

62 1258 423 1315 transgrediatur,
446 1259 501 1302 de
530 1259 803 1303 oraculorum
832 1260 919 1303 fide
947 1260 1031 1303 sibi
1060 1260 1305 1303 subiectum
1334 1259 1390 1301 iri
1419 1273 1519 1302 con-

6 1343 47 1378 15
64 1325 174 1369 fidit.
233 1326 320 1370 Sed
354 1342 454 1370 cum
488 1343 558 1371 res
588 1328 635 1370 in
666 1329 934 1372 contrarium
968 1330 1157 1379 cesserit,
1192 1329 1332 1371 fallax
1361 1327 1520 1385 Apollo

64 1408 111 1437 se
139 1395 272 1438 unius
304 1397 476 1439 uerbuli
505 1398 863 1453 aequiuocatione
892 1397 1084 1440 absoluit
1113 1398 1170 1440 ab
1198 1397 1369 1439 inuidia
1397 1412 1519 1440 men-

64 1463 215 1506 tiendi.
274 1465 392 1517 Quid
422 1465 604 1510 Pirrusl
661 1467 871 1510 Romanis
897 1467 1038 1517 uictis,
1058 1482 1168 1523 quos
1198 1481 1326 1523 saepe
1352 1466 1400 1508 in
1426 1466 1518 1509 acie

65 1531 234 1575 uirtute
266 1533 456 1584 fuderat,
486 1535 695 1578 beneficio
727 1535 863 1578 Phebi
898 1535 982 1578 sibi
1017 1535 1239 1592 promittit
1272 1535 1518 1591 imperium,
1534 1526 1565 1566 d

66 1600 143 1642 sed
186 1602 532 1659 irreparabiliter
575 1606 742 1646 stratus
784 1604 831 1646 in
872 1604 1063 1661 seipsum
1106 1604 1286 1646 retorsit
1333 1603 1519 1660 culpam,

8 1687 52 1712 πο
68 1670 144 1726 qui
174 1671 543 1729 amphibologiam
577 1672 741 1715 oraculi
774 1673 921 1715 minus
952 1672 1124 1715 utiliter
1156 1672 1390 1716 intellexit.
1449 1672 1522 1714 Ad

66 1739 258 1782 notiores
283 1741 535 1783 transeatur
562 1741 779 1784 historias.
836 1741 989 1797 Apius,
1009 1756 1109 1784 cum
1135 1742 1266 1784 unica
1295 1744 1341 1784 et
1370 1741 1520 1798 singu·

65 1807 172 1851 laris
199 1808 362 1851 ciuilis
406 1809 509 1851 belli
556 1811 795 1866 tempestas
842 1810 991 1852 orbem
1039 1813 1302 1860 concuteret,
1341 1810 1523 1853 docente

67 1875 216 1919 Phebo
234 1876 283 1918 in
301 1877 402 1919 sinu
429 1877 620 1921 Euboico
640 1879 832 1935 quietem
860 1879 1033 1935 quaerit
1059 1882 1105 1921 et
1128 1881 1315 1922 mortem
1338 1879 1523 1921 inuenit.

69 1944 307 1988 Graculum
327 1946 503 2002 quidem
521 1950 699 1990 auctore
720 1947 896 1990 Lucano
915 1948 1082 1990 celebre
1102 1952 1192 1990 est:

10 2037 53 2073 ²5
243 2029 414 2086 Effugis
442 2030 643 2086 ingentes
671 2031 787 2073 tanti
817 2031 1080 2074 discriminis
1109 2046 1266 2087 expers

240 2087 466 2137 bellorum,
495 2088 700 2137 Romane,
729 2089 882 2138 minas,
912 2089 1114 2144 solusque
1144 2089 1336 2143 quietem

243 2144 424 2187 Euboici
454 2145 604 2187 lateris
632 2146 777 2188 media
804 2146 1002 2188 conualle
1030 2146 1212 2188 tenebis.

69 2229 158 2272 Sed
179 2244 236 2272 ne
261 2229 472 2272 falsitatis
498 2232 604 2272 nota
630 2230 676 2271 in
703 2230 908 2272 historias
934 2244 1023 2272 non
1045 2230 1221 2272 oracula
1246 2230 1524 2281 refundatur,

69 2299 288 2349 canonica,
327 2302 372 2342 et
416 2299 487 2341 cui
533 2298 641 2341 fides
689 2299 919 2341 incolumis
967 2299 1221 2355 adquiescit,
1260 2300 1525 2343 discutiatur

11 2377 54 2411 30
70 2367 264 2410 historia.
324 2367 431 2410 Saul
465 2367 512 2408 in
544 2367 769 2409 tirannum
798 2381 951 2409 uersus
981 2382 1037 2409 ex
1065 2368 1272 2424 principe,
1302 2382 1402 2410 cum
1431 2369 1523 2410 exi-

69 2436 276 2493 gentibus
313 2436 453 2492 culpis
492 2438 606 2478 esset
642 2450 670 2477 a
708 2435 897 2477 Domino
939 2435 1182 2486 derelictus,
1222 2440 1267 2479 et
1311 2436 1523 2479 aduersus
1540 2432 1626 2479 463
1646 2441 1677 2470 a

69 2505 280 2562 populum
324 2504 502 2547 Domini
546 2518 597 2546 eo
645 2503 753 2546 duce
800 2504 1087 2547 inualesceret
1134 2519 1291 2548 manus
1338 2505 1523 2558 hostilis,

71 2573 283 2617 sollicitus
311 2573 464 2616 fractis
488 2572 618 2615 rebus
644 2572 814 2614 exitum
838 2572 1100 2628 inquirebat.
1159 2572 1394 2617 Consuluit
1420 2588 1524 2631 ergo

120 2707 141 2743 3
169 2699 275 2734 Certa
291 2699 384 2734 etc.:
409 2698 504 2733 Stat.
528 2697 630 2732 Theb.
648 2695 695 2732 iv,
713 2697 792 2740 641.
919 2705 939 2740 7
964 2697 1036 2731 Hei
1051 2698 1160 2732 michi
1181 2699 1275 2734 eta:
1299 2697 1393 2733 Stat.
1416 2699 1526 2733 Theb.

71 2743 120 2780 iv.
135 2746 216 2789 644.
358 2755 381 2790 9
405 2746 547 2780 Patris:
573 2755 623 2779 sc.
643 2742 787 2789 Oedipi.
931 2752 974 2789 25
1000 2745 1146 2789 Effu9i3
1161 2746 1257 2782 etc.:
1283 2744 1370 2781 Luc.
1397 2746 1526 2781 Phar-3.

72 2802 106 2827 v.
127 2792 253 2837 194—6.
394 2801 438 2837 33
468 2791 655 2828 Consul-uit
671 2792 741 2826 etc.
758 2803 767 2825 :
797 2800 810 2825 1
832 2789 924 2837 Reg.
942 2790 1070 2827 xxviii.
1086 2792 1120 2828 6.

146 2861 228 2881 mn
785 2859 817 2887 'U
1355 2862 1416 2895 145
