1878 3172
207 179 293 219 500
312 180 343 210 a
687 170 946 214 IOANNIS
987 171 1498 218 SARESBERIENSIS
1631 171 1743 233 [ΜΒ.
1759 185 1820 218 111

360 288 454 331 eius
502 288 759 341 immisceas,
798 304 952 346 parcas
1001 290 1261 347 sumptibus,
1301 305 1352 334 eo
1397 291 1514 348 quod
1556 294 1821 335 secretorum

359 357 568 409 conscius,
590 359 666 415 qui
686 359 839 402 loculis
859 360 1013 417 parcit,
1033 360 1237 417 diligenti
1263 359 1575 417 patrifamilias
1594 361 1823 418 displicere

359 440 448 468 non
468 429 624 483 potest.
681 427 821 471 Grata
841 431 946 471 sunt
965 429 1078 471 uitia
1093 429 1187 472 eius
1207 429 1283 485 qui
1304 429 1630 473 deformitatem
1649 445 1822 474 morum

359 491 617 552 sumptuum
646 497 861 553 parcitate
892 499 1155 555 compensat.
1216 498 1459 555 Optimum,
1482 502 1535 542 ut
1563 500 1628 542 ait
1657 498 1821 550 Cicero,

359 565 396 608 si
417 565 568 616 nescis,
588 566 781 623 uectigal
811 567 1079 623 parsimonia
1105 570 1185 610 est.
1243 567 1406 611 Tenuis
1431 583 1589 626 parcus
1612 569 1822 626 impletur
1837 578 1859 615 ε

310 635 340 674 b
361 632 501 684 facile,
531 637 576 677 et
610 634 818 679 facillime
847 636 1104 680 exinanitur
1137 637 1349 695 prodigus
1379 637 1515 682 diues.
1572 639 1688 681 Arca
1717 653 1821 681 sane

359 704 653 760 capacissima
681 704 871 748 fundum
915 706 1061 756 habet,
1101 708 1147 749 et
1185 706 1310 749 breui
1350 707 1476 750 exitu
1514 709 1821 765 congestarum

358 785 574 828 aquarum
609 774 887 830 quantalibet
927 775 1052 831 copia
1083 775 1251 825 defluit,
1285 774 1509 832 fontisque
1547 776 1822 820 abundantia

357 841 533 884 tollitur
578 843 861 886 scaturientis
910 858 1050 886 uenae
1099 844 1372 887 fecunditate
1420 845 1606 889 sublata.
1700 845 1820 888 Exili

356 911 615 968 plerumque
654 914 804 955 meatu
843 913 1062 956 inclusum
1108 914 1249 971 egerit
1295 928 1409 957 urna
1450 914 1675 971 liquorem.
1746 914 1820 959 Sic
1839 929 1878 954 ιο

358 980 668 1024 minutissimis
714 982 821 1024 dum
864 981 1172 1039 frequentibus
1214 985 1260 1026 et
1305 983 1525 1026 continuis
1571 984 1820 1041 sumptibus

357 1050 652 1106 amplissimae
687 1051 1012 1093 exhauriuntur
1046 1066 1161 1108 opes,
1196 1053 1241 1094 et
1279 1051 1482 1095 breuium
1521 1053 1820 1098 subtractione

357 1119 647 1162 minutiarum
663 1121 859 1163 maxima
874 1121 1095 1164 hereditas
1111 1121 1335 1178 expilatur
1348 1139 1358 1174 ;
1377 1121 1464 1165 nisi
1479 1121 1595 1165 forte
1609 1122 1820 1181 prodigus

356 1189 587 1244 pecuniam
607 1189 808 1232 inueniat
828 1189 1089 1234 rediuiuam.

471 1275 552 1318 Est
582 1275 734 1318 Luxus
764 1276 999 1333 populator
1028 1291 1173 1333 opum,
1203 1276 1273 1320 cui
1303 1291 1475 1334 semper
1502 1277 1718 1321 adherens
1837 1295 1876 1330 ¹5

470 1333 631 1376 infelix
659 1334 818 1376 humili
846 1349 1001 1392 gressu
1030 1335 1268 1378 comitatur
1298 1335 1493 1392 Egestas.
1527 1354 1529 1357 ·

355 1418 451 1461 Illis
473 1433 577 1476 ergo
595 1419 863 1476 parcendum
883 1423 961 1471 est,
982 1435 1168 1477 quorum
1188 1421 1456 1464 necessarius
1476 1422 1677 1465 imminet
1700 1436 1817 1473 usus,
1854 1414 1861 1418 ”

356 1490 401 1529 et
432 1487 601 1543 aliquid
631 1488 909 1531 adiciendum
950 1492 1017 1531 est
1051 1489 1306 1546 quantitati,
1342 1504 1454 1546 quae
1488 1490 1582 1547 iugi
1621 1491 1817 1547 partium

311 1558 338 1588 0
356 1556 616 1598 deductione
636 1556 856 1600 decrescit.
921 1558 979 1600 Et
1004 1558 1108 1601 licet
1130 1573 1214 1601 usu
1241 1558 1438 1601 defluant
1461 1559 1659 1603 unciolae
1678 1561 1816 1616 patri-

355 1624 503 1674 monii,
532 1627 711 1681 gratum
741 1628 808 1668 est
838 1626 1042 1683 diligenti
1072 1626 1396 1683 patrifamilias,
1426 1627 1464 1670 si
1493 1628 1566 1670 uel
1594 1628 1815 1672 ratiocinii
1834 1642 1876 1667 σο

355 1693 521 1735 calculo
561 1696 807 1744 teneantur,
841 1695 1044 1752 peritque
1083 1695 1319 1752 dupliciter
1353 1696 1470 1752 quod
1509 1696 1701 1740 elabitur
1738 1712 1813 1741 ne-

357 1760 523 1804 scienti.
582 1762 654 1804 Ad
674 1763 804 1806 haec:
1244 1802 1249 1809 .

850 1820 961 1864 lucri
991 1821 1131 1864 bonus
1162 1824 1230 1864 est
1259 1822 1367 1865 odor
1395 1837 1452 1866 ex
1480 1837 1528 1866 re

473 1877 680 1933 qualibet.
739 1878 824 1921 Illa
853 1881 932 1921 tuo
960 1879 1181 1922 sententia
1209 1894 1380 1936 semper
1408 1881 1456 1923 in
1486 1895 1560 1924 ore

471 1938 684 1986 uersatur,
714 1936 799 1979 diis
828 1939 962 1993 atque
991 1938 1085 1994 ipso
1114 1937 1222 1980 Ioue
1250 1938 1397 1995 digna,
1427 1945 1580 1995 poeta:
1831 1948 1878 1983 ’35Ἰ

472 1992 600 2036 Vnde
630 1994 792 2037 habeat
821 1995 995 2051 quaerit
1022 2009 1162 2046 nemo,
1191 1995 1268 2038 sed
1297 1999 1471 2052 oportet
1499 1997 1684 2041 habere!

356 2072 411 2114 In
441 2073 510 2115 his
540 2074 717 2130 quidem
746 2075 915 2118 uersari
939 2078 1006 2119 est
1032 2076 1209 2119 artioris
1238 2077 1409 2133 gratiae
1438 2077 1620 2121 funibus
1646 2079 1814 2124 uincire

355 2141 552 2193 diuitem,
573 2143 675 2186 licet
694 2145 986 2188 uersibilitate
1007 2145 1173 2203 ingenii
1196 2146 1414 2189 lubricum
1443 2147 1633 2191 Prothea
1652 2149 1814 2193 uincat.
1872 2191 1874 2195 ,

354 2211 449 2253 Aut
478 2211 516 2254 si
546 2212 750 2255 ueritatis
780 2213 928 2257 deficit
957 2215 1114 2271 gratia,
1143 2214 1215 2257 uel
1244 2215 1466 2259 ulterioris
1495 2216 1814 2261 familiaritatis
1870 2254 1872 2258 ,

356 2280 572 2323 exhibitio
610 2284 793 2325 constat.
874 2282 1081 2326 Ceterum
1128 2284 1231 2327 licet
1269 2287 1507 2342 utrumque
1546 2301 1635 2329 non
1674 2287 1814 2344 possis
1831 2278 1878 2337 3οἷ

355 2350 541 2406 assequi,
575 2353 621 2393 et
659 2366 806 2394 rerum
845 2353 1122 2410 priuatarum
1161 2354 1544 2411 participationem
1579 2358 1625 2399 et
1658 2355 1813 2400 calculi
1873 2396 1875 2399 Α

351 2443 373 2478 8
398 2442 660 2479 habundantia
676 2443 792 2480 A¹SM
935 2455 978 2481 21
1007 2444 1241 2492 duppliciter
1256 2444 1359 2482 ASM
1499 2455 1542 2493 25
1569 2449 1681 2493 poete
1698 2447 1767 2484 SM

399 2538 421 2571 4
443 2529 581 2564 Cicero:
607 2529 673 2565 viz.
691 2532 734 2566 de
750 2532 836 2576 Rep.
857 2529 903 2566 iv.
918 2539 939 2575 7
960 2529 977 2577 ξ
998 2539 1018 2574 7
1033 2544 1041 2573 ;
1069 2532 1251 2576 Optimum
1263 2558 1272 2567 .
1288 2559 1297 2567 .
1313 2559 1321 2567 .
1336 2533 1489 2576 uectiqal
1503 2534 1591 2569 duco
1608 2545 1679 2569 esse
1689 2535 1812 2579 parsi·

352 2576 530 2655 Ere-oniamj
548 2586 643 2658 efflas
660 2577 895 2659 apsslssolnium
914 2578 1148 2659 Marcaegllum,
1159 2590 1197 2624 p.
1215 2589 1270 2622 24,
1284 2589 1340 2625 21,
1351 2578 1510 2662 {iveti-xta}
1523 2579 1649 2616 forsan
1667 2591 1713 2617 ex
1728 2581 1810 2628 ipso
1871 2591 1878 2637 J

352 2632 542 2722 iam?
550 2635 659 2714 0954}
672 2635 770 2707 axa
787 2635 1137 2718 1555022211033410
1155 2634 1812 2726 0121113’ssssqtss‘sseisffiuss‘gssm'ss‘iss‘oss

353 2716 471 2751 c1tare
495 2716 651 2752 wdetur.
798 2728 837 2764 15
864 2720 932 2754 Est
956 2721 1066 2754 luxus
1090 2721 1182 2756 etc:
1215 2718 1408 2757 Claudian.
1433 2722 1475 2756 in
1499 2722 1588 2768 Rus.
1614 2720 1638 2757 i.
1669 2731 1726 2768 35,
1753 2723 1809 2768 36.
1858 2725 1878 2761 ἒξ

355 2772 399 2807 19
422 2764 587 2798 unciolae
602 2776 610 2798 :
635 2764 822 2801 uocabulo
839 2765 963 2801 utitur
979 2765 1166 2802 Iuvenalis
1182 2768 1257 2802 Sat.
1274 2766 1299 2801 i.
1316 2777 1372 2811 40.
1533 2778 1577 2813 23
1602 2769 1694 2805 lucri
1710 2771 1782 2806 etc.
1797 2780 1806 2806 :
1864 2787 1869 2790 -

352 2809 430 2844 Ιιιν.
442 2810 517 2845 Sat.
530 2809 603 2847 xiv.
622 2820 748 2856 204—7.
893 2814 936 2849 28
953 2814 1126 2849 Prothea:
1153 2812 1201 2849 cf.
1217 2813 1308 2850 Hor.
1325 2815 1400 2851 Sat.
1421 2824 1452 2850 2.
1469 2823 1501 2860 3.
1519 2823 1576 2860 71.

465 2884 528 2908 210
