1878 3172
186 167 273 215 464
291 167 321 206 b
663 163 925 208 IOANNIS
966 161 1479 206 SARESBERIENSIS
1636 161 1747 223 [ΜΒ.
1763 174 1802 206 11

293 293 322 331 b
342 286 600 326 mansuetus
629 283 843 340 princeps,
869 281 970 339 pius
998 283 1138 338 pater,
1165 280 1355 324 disertus
1384 282 1544 331 orator,
1570 283 1726 337 potens
1755 281 1803 323 in

342 367 472 409 opere
493 356 539 395 et
558 365 768 402 sermone,
788 351 881 393 dux
901 349 1211 407 praeambulus
1230 349 1279 391 in
1298 349 1472 392 iustitia
1495 350 1804 392 mandatorum

342 422 449 465 Dei:
474 422 635 465 Dicent
655 421 853 478 Egyptii,
870 419 1039 464 Callide
1060 419 1191 462 duxit
1211 434 1284 462 eos
1304 419 1520 462 Dominus
1540 419 1595 462 de
1615 420 1805 477 Egypto,

341 494 395 534 ut
425 494 723 548 prosterneret
752 490 799 532 in
829 489 1014 532 deserto.
1073 488 1146 532 Sic
1174 503 1278 545 ergo
1302 489 1436 531 etiam
1457 489 1525 531 sui
1551 489 1691 545 ipsius
1717 489 1804 532 dis-

342 561 504 618 pendio
553 559 734 603 Domini
791 559 979 616 gloriam
1035 557 1326 614 praeoptabat
1380 560 1426 600 et
1482 557 1635 615 populi
1679 557 1805 601 euius
1823 576 1844 610 5

342 630 553 673 ducatum
593 628 876 671 ministrabat
914 627 1232 669 liberationem.
1306 626 1455 669 Dauid
1494 641 1666 683 quoque
1705 641 1806 670 cum

341 699 472 756 culpa
491 699 585 741 eius
610 698 850 741 Dominum
878 696 934 739 ad
962 696 1236 738 iracundiam
1260 699 1552 752 prouocasset,
1571 699 1617 739 et
1645 695 1809 753 princi·-

341 768 456 825 palis
504 767 658 824 culpae
714 766 937 809 subiectus
985 765 1174 822 populus
1223 767 1422 822 portaret
1471 779 1642 822 penam,
1690 765 1808 807 uidit

342 837 550 894 angelum
585 836 669 879 Dei
704 835 957 879 caedentem
997 834 1220 891 populum.
1295 834 1431 877 Fudit
1469 834 1620 890 itaque
1658 848 1806 891 preces

345 906 398 949 de
426 906 597 949 intimis
617 905 870 955 uisceribus,
891 907 936 947 et
963 903 1147 947 adiecit:
1178 903 1273 960 Ego
1293 918 1391 946 sum
1412 904 1488 960 qui
1514 904 1703 960 peccaui,
1725 919 1806 961 ego
1826 920 1867 944 ιο

343 976 494 1032 inique
515 975 602 1033 egi;
634 974 709 1017 isti
731 974 806 1031 qui
827 988 932 1017 oues
951 976 1067 1024 sunt,
1081 973 1188 1030 quid
1209 973 1442 1017 fecerunt2
1491 973 1634 1016 Verus
1652 974 1808 1030 utique

342 1059 424 1087 rex
455 1047 502 1088 et
536 1045 680 1086 iustus
712 1043 916 1100 princeps
951 1045 996 1085 et
1030 1042 1192 1098 dignus
1222 1042 1298 1099 qui
1329 1042 1547 1085 Altissimi
1582 1041 1810 1100 frangeret

344 1115 481 1166 iram3
521 1114 609 1170 qui,
639 1113 746 1155 dum
785 1127 831 1155 se
863 1126 944 1169 pro
983 1112 1146 1169 populo
1183 1112 1428 1169 flagellanti
1459 1112 1554 1155 Deo
1593 1113 1810 1169 opposuit,

302 1202 327 1231 c
344 1183 663 1240 indignationis
690 1182 784 1225 eius
809 1181 1033 1239 flagellum
1060 1181 1239 1224 amouit.
1300 1181 1414 1223 Eum
1440 1181 1656 1238 siquidem
1686 1181 1810 1224 nulla

345 1252 571 1295 excusatio
599 1252 750 1303 flectit,
778 1251 864 1293 nisi
894 1264 994 1293 cum
1031 1250 1129 1306 quis
1158 1249 1336 1306 proprio
1364 1249 1527 1292 iudicio
1556 1252 1868 1303 accusatur315

344 1321 482 1364 nichil
513 1324 663 1363 mouet
697 1321 754 1363 ad
789 1320 978 1370 ueniam,
1006 1319 1092 1361 nisi
1127 1333 1227 1361 cum
1256 1333 1417 1361 nocens
1446 1319 1611 1361 nudam
1641 1319 1811 1376 detegit

346 1391 544 1447 culpam3
585 1389 929 1432 misericordiam
960 1388 1097 1431 nichil
1128 1388 1347 1440 admonet,
1381 1387 1467 1430 nisi
1502 1402 1602 1431 cum
1636 1388 1811 1431 animus

347 1460 534 1502 caritate
563 1473 795 1502 succensus
829 1457 877 1499 in
909 1472 954 1500 se
985 1457 1080 1513 ipso
1111 1456 1381 1508 conteritur;
1410 1456 1546 1499 nichil
1575 1457 1811 1514 persuadet
1861 1451 1867 1455 ’

345 1527 678 1586 propitiandum
709 1542 812 1576 esse,
832 1526 918 1569 nisi
948 1541 1047 1570 cum
1077 1540 1200 1568 mens
1229 1540 1410 1567 manum
1438 1526 1582 1582 operis
1609 1526 1812 1570 extendit

349 1597 406 1640 ad
436 1596 808 1640 satisfaciendum.
869 1595 917 1638 Si
948 1595 1046 1651 quis
1075 1595 1192 1637 enim
1223 1593 1392 1637 fatetur
1421 1595 1607 1652 culpam,
1635 1595 1810 1638 inutilis
1829 1615 1872 1639 πο

349 1670 416 1710 est
448 1665 675 1717 confessio,
707 1665 793 1707 nisi
825 1664 1140 1707 satisfactionis
1171 1664 1319 1707 animo
1349 1666 1500 1707 currat
1533 1664 1591 1706 ad
1621 1664 1809 1707 ueniam.

351 1736 545 1786 Peccaui‚
579 1734 726 1791 inquit
760 1734 907 1784 Iudas,
939 1734 1119 1776 tradens
1158 1734 1418 1791 sanguinem
1452 1734 1631 1778 iustum.
1706 1735 1813 1778 Fuit

350 1806 502 1862 itaque
528 1819 636 1847 uera
665 1817 978 1860 usquequaque
1008 1802 1241 1855 confessio;
1271 1803 1348 1845 sed
1377 1803 1561 1854 inutilis,
1582 1803 1687 1860 quia
1710 1807 1814 1848 ante

351 1874 547 1918 cucurrit
571 1873 628 1916 ad
648 1873 854 1929 laqueum
876 1887 1006 1928 quem
1027 1875 1248 1914 meruerat
1269 1886 1402 1928 quam
1422 1872 1479 1915 ad
1499 1872 1669 1915 fontem
1689 1873 1812 1916 mise-

306 1951 336 1991 d
353 1945 565 1988 ricordiae
577 1958 708 2000 quam
722 1943 1009 1995 demeruerat,
1017 1945 1062 1985 et
1074 1943 1384 1985 obstinationis
1397 1957 1501 1985 suae
1514 1943 1681 1986 duritia
1691 1957 1808 2000 prae-
1831 1958 1847 1982 α
1853 1957 1872 1992 5

352 2014 543 2058 cluserat
559 2013 654 2055 sibi.
714 2012 827 2054 Eum
848 2015 998 2054 tamen
1018 2011 1212 2068 penituit
1233 2011 1387 2055 fecisse
1407 2012 1524 2068 quod
1544 2011 1722 2063 fecerat,
1736 2013 1813 2056 sed

351 2098 442 2126 non
472 2097 523 2126 eo
553 2081 801 2124 deuotionis
833 2081 993 2124 affectu
1026 2081 1102 2137 qui
1129 2081 1321 2137 lapidem
1356 2081 1565 2124 adjutorii
1595 2081 1815 2124 sufficeret

353 2153 558 2196 emollire.
619 2150 870 2193 Penitentia
889 2150 1107 2206 siquidem
1131 2150 1291 2193 ductus
1317 2150 1474 2206 laqueo
1500 2165 1547 2193 se
1573 2150 1813 2207 suspendit.

352 2223 505 2265 Vitam
526 2235 630 2278 ergo
650 2220 785 2276 digno
811 2219 961 2261 finiuit
986 2219 1223 2276 supplicio;
1258 2219 1335 2262 sed
1362 2219 1466 2275 quia
1485 2219 1701 2262 malitiam
1723 2233 1814 2262 non

353 2291 557 2340 correxit,
591 2289 766 2332 ueniam
816 2288 900 2331 sibi
943 2288 1066 2331 nullo
1109 2288 1265 2331 salutis
1313 2287 1569 2345 procurauit
1610 2287 1812 2331 remedio.
1831 2302 1876 2337 30

355 2361 429 2404 Sic
450 2359 567 2403 enim
587 2361 632 2401 et
653 2358 769 2415 apud
790 2357 956 2400 inferos
976 2357 1184 2401 scribitur
1199 2372 1291 2400 esse
1306 2357 1511 2400 stimulus
1529 2356 1814 2414 penitudinis,

356 2473 377 2508 3
403 2460 542 2508 egiptii
559 2461 711 2515 CASM·
739 2461 876 2515 egipto
888 2460 1018 2497 CASM
1217 2470 1261 2496 10
1284 2459 1507 2506 uisceribus]
1524 2459 1730 2506 precordiis
1746 2458 1814 2496 MS

359 2519 413 2551 10,
432 2520 471 2545 11
500 2519 569 2555 ego
587 2508 651 2554 qui
668 2508 800 2554 inique
818 2507 880 2555 egi
895 2508 929 2543 A
1073 2509 1115 2545 18
1139 2506 1304 2544 karitate
1321 2507 1345 2543 S
1488 2517 1533 2553 29
1557 2506 1718 2553 suplicio
1734 2507 1768 2543 A

356 2603 1277 2707 ..saman⁰ffir523153722⁰351ia¹11255523131
1293 2613 1345 2649 ¹⁹
1381 2660 1401 2696 3
1429 2605 1815 2688 υι-ἑέῗνὲἔὲΐόἔζῗᾱζ

356 2700 473 2736 xxxii.
495 2711 546 2735 10.
745 2702 768 2736 6
792 2702 917 2736 Dauid
933 2702 1030 2736 etc..
1057 2711 1088 2734 v.
1107 2710 1127 2734 2
1145 2699 1237 2745 Reg.
1254 2698 1350 2734 xxiv.
1558 2708 1602 2734 10
1623 2699 1702 2743 Eyo
1720 2699 1813 2734 eta:

358 2758 379 2784 2
398 2748 486 2793 Reg.
504 2747 601 2783 xxiv.
623 2756 675 2790 17.
813 2757 856 2783 22
882 2748 1034 2783 Peccaui
1050 2747 1144 2782 eta:
1171 2746 1280 2782 Matt.
1297 2744 1409 2780 xxvii.
1426 2754 1460 2788 4.
1587 2754 1631 2790 27
1657 2746 1816 2792 lapidem

358 2796 559 2832 adiutorii:
590 2804 603 2831 1
625 2794 716 2842 Reg.
733 2793 795 2830 vii.
818 2804 872 2832 12.
1013 2804 1054 2840 31
1082 2794 1270 2829 scribitur:
1295 2805 1326 2830 v.
1345 2792 1462 2829 Marc.
1479 2790 1530 2828 ix.
1546 2801 1603 2838 43.

468 2866 531 2910 148
