1878 3172
161 157 233 199 515
251 159 282 188 a
626 145 885 190 IOANNIS
925 143 1436 189 SARESBERIENSIS
1581 142 1694 204 [mn.
1711 155 1764 188 lv
1832 151 1834 154 ’

301 267 419 311 forte
449 266 610 324 aliquis
644 267 704 310 sit
734 266 806 310 cui
839 266 1091 323 iniquitatis
1125 265 1305 309 licentia
1336 265 1544 309 uideatur
1576 265 1762 308 indulta.
1838 319 1839 322 ¹

302 337 510 394 Princeps
538 338 689 379 tamen
718 335 829 393 legis
857 335 1046 379 nexibus
1077 335 1241 378 dicitur
1271 334 1511 386 absolutus,
1540 349 1630 378 non
1659 334 1765 391 quia
1836 338 1851 397 j

301 405 342 449 ei
377 405 532 462 iniqua
565 405 738 456 liceant,
768 405 845 448 sed
877 405 982 461 quia
1015 405 1055 447 is
1085 419 1176 448 esse
1206 404 1348 455 debet,
1378 404 1455 461 (1111
1486 419 1575 447 11011
1605 404 1764 447 timore
1802 456 1809 462 ἡ
1849 395 1861 442 ..ss

301 475 440 532 penae
473 474 550 517 sed
581 489 729 517 amore
763 474 961 517 iustitiae
995 474 1264 531 aequitatem
1298 473 1425 525 colat,
1459 473 1524 516 rei
1562 472 1764 530 publicae

301 546 507 602 procuret
535 543 789 594 utilitatem,
819 545 865 586 et
893 543 942 585 in
970 543 1174 586 omnibus
1203 543 1391 586 aliorum
1420 541 1647 586 commoda
1675 541 1764 598 pri-
1783 557 1801 592 5
1838 547 1864 590 [ἐζ

301 615 434 656 uatae
465 611 690 670 praeferat
723 612 959 655 uoluntati.
1020 611 1108 655 Sed
1143 612 1242 668 quis
1276 612 1325 654 in
1358 611 1548 669 negotiis
1578 610 1767 668 publicis

302 682 509 739 loquetur
542 682 597 725 de
628 682 841 739 principis
871 682 1115 733 uoluntate,
1144 697 1245 725 cum
1275 682 1324 724 in
1353 682 1416 725 eis
1445 681 1510 723 nil
1539 681 1623 724 sibi
1652 679 1767 724 uelle
1857 728 1859 730 ,

301 751 443 802 liceat,
482 751 568 794 nisi
609 751 726 808 quod
765 751 839 794 lex
878 753 958 793 aut
1004 751 1205 808 aequitas
1251 751 1488 808 persuadet
1525 751 1606 792 aut
1652 749 1875 794 ratio

301 821 546 864 communis
585 820 797 863 utilitatis
836 820 1040 864 inducit?
1100 820 1206 863 Eius
1245 835 1436 877 namque
1473 819 1681 863 uoluntas
1718 817 1768 860 in

300 890 371 932 his
404 890 498 932 uim
519 889 650 932 debet
673 889 835 932 habere
862 889 1038 942 iudicii;
1068 892 1114 932 et
1142 889 1383 933 rectissime
1413 889 1530 946 quod
1556 887 1597 931 ei
1623 887 1768 944 placet
1785 903 1862 928 10

302 958 351 1000 in
371 958 535 1001 talibus
561 958 671 1016 legis
691 959 827 1002 habet
849 959 1059 1015 uigorem,
1079 974 1130 1001 eo
1153 958 1269 1015 quod
1289 959 1345 1002 ab
1364 957 1602 1015 aequitatis
1621 959 1768 999 mente
1840 948 1874 1010 ᾗ

258 1031 287 1071 b
305 1027 399 1070 eius
413 1028 635 1070 sententia
649 1042 739 1070 non
753 1027 983 1071 discordet.
1042 1027 1110 1071 De
1129 1028 1261 1071 uultu
1279 1030 1369 1079 tuo,
1384 1027 1541 1084 inquit,
1556 1026 1769 1069 iudicium
1823 1059 1826 1061 .
1846 1013 1876 1066 ff

303 1111 451 1139 meum
471 1097 668 1153 prodeat,
688 1097 803 1140 oculi
828 1097 897 1140 tui
922 1097 1106 1140 uideant
1126 1098 1418 1154 aequitatem;
1447 1096 1583 1139 iudex
1602 1094 1766 1138 etenim

303 1166 586 1223 incorruptus
614 1168 681 1209 est
710 1166 835 1209 cuius
865 1167 1086 1209 sententia
1113 1181 1169 1209 ex
1195 1166 1564 1223 contemplatione
1591 1163 1768 1207 assidua

303 1235 450 1292 imago
480 1238 547 1277 est
575 1235 825 1291 aequitatis.
887 1235 1092 1279 Publicae
1121 1251 1225 1294 ergo
1254 1235 1465 1279 utilitatis
1493 1234 1696 1277 minister
1724 1235 1769 1276 et
1786 1247 1824 1281 15

304 1304 543 1360 aequitatis
571 1300 737 1347 seruus
750 1307 817 1347 est
843 1305 1057 1362 princeps,
1078 1308 1123 1348 et
1144 1306 1192 1347 in
1219 1320 1270 1348 eo
1293 1319 1524 1362 personam
1547 1302 1768 1361 publicam
1866 1352 1871 1354 .

303 1373 432 1430 gerit,
468 1373 586 1429 quod
625 1373 823 1416 omnium
862 1374 1047 1417 iniurias
1087 1377 1132 1417 et
1170 1374 1363 1432 dampna
1398 1374 1474 1417 sed
1508 1377 1553 1416 et
1584 1371 1769 1416 crimina
1810 1415 1812 1418 ,
1837 1364 1852 1407 ’τ

303 1442 453 1485 omnia
472 1443 695 1499 aequitate
710 1443 855 1485 media
869 1443 1012 1499 punit.
1060 1443 1199 1501 Virga
1215 1458 1387 1500 quoque
1403 1443 1497 1486 eius
1517 1445 1562 1485 et
1575 1441 1770 1492 baculus,
1852 1490 1858 1502 Ἰ,

304 1510 506 1553 adhibita
552 1511 851 1553 moderatione
894 1512 1148 1568 sapientiae,
1194 1515 1445 1555 contractus
1485 1510 1682 1554 omnium
1723 1512 1770 1553 et

306 1593 475 1622 errores
513 1579 570 1621 ad
608 1579 729 1621 uiam
768 1580 939 1623 reducit
977 1581 1226 1637 aequitatis,
1266 1583 1319 1624 ut
1361 1581 1519 1624 merito
1557 1579 1768 1637 potestati
1785 1578 1851 1621 20³

265 1664 290 1693 c
307 1647 490 1704 spiritus
521 1648 863 1705 congratuletur,
898 1649 1068 1692 dicens:
1103 1650 1243 1707 Virga
1271 1652 1352 1692 tua
1381 1652 1426 1693 et
1454 1649 1635 1692 baculus
1664 1651 1770 1692 tuus

307 1717 404 1773 ipsa
429 1731 499 1759 me
524 1717 748 1760 consolata
771 1720 889 1761 sunt.
946 1717 1035 1761 Sed
1058 1721 1104 1761 et
1126 1718 1290 1775 clipeus
1317 1718 1411 1762 eius
1437 1718 1568 1761 fortis
1592 1717 1770 1775 quidem

1854 1682 1863 1713 ,³1

307 1786 384 1829 sed
407 1785 684 1828 infirmorum
707 1786 873 1843 clipeus
897 1790 965 1830 est
990 1789 1035 1830 et
1059 1788 1135 1844 qui
1160 1787 1502 1845 malignantium
1528 1787 1671 1830 iacula
1689 1800 1770 1844 pro
1817 1823 1822 1831 ,
1849 1781 1858 1836 f

306 1855 614 1898 innocentibus
639 1858 844 1912 potenter
869 1856 1074 1913 excipiat.
1135 1857 1339 1900 Officium
1363 1871 1536 1914 quoque
1561 1856 1655 1899 eius
1680 1855 1769 1899 illis

307 1923 384 1980 qui
403 1923 636 1966 minimum
656 1928 852 1981 possunt,
871 1925 1112 1982 plurimum
1131 1926 1320 1982 prodest,
1337 1928 1382 1968 et
1405 1925 1494 1968 illis
1517 1925 1593 1982 qui
1612 1939 1767 1968 nocere
1786 1940 1826 1974 ²5
1855 1962 1860 1978 ,Ι

307 1993 571 2044 desiderant,
603 1994 846 2050 plurimum
884 1994 1158 2038 aduersatur.
1219 1995 1322 2038 Non
1361 2009 1466 2052 ergo
1504 1994 1598 2037 sine
1637 2008 1769 2037 causa
1819 1993 1824 1998 ’

307 2063 505 2120 gladium
525 2066 686 2119 portat,
707 2077 794 2119 quo
813 2063 1069 2107 innocenter
1088 2064 1347 2121 sanguinem
1367 2063 1530 2114 fundit,
1549 2066 1602 2107 ut
1620 2066 1771 2107 tamen
1847 2085 1854 2125 3

307 2132 379 2174 uir
412 2132 679 2189 sanguinum
710 2147 799 2175 non
829 2133 899 2183 sit,
930 2135 975 2175 et
1002 2133 1200 2175 homines
1227 2132 1482 2189 frequenter
1509 2133 1689 2184 occidat,
1718 2135 1771 2176 ut

307 2215 397 2244 non
417 2201 616 2245 incurrat
635 2216 795 2244 nomen
815 2202 1040 2245 homicidii
1063 2202 1135 2244 uel
1159 2205 1344 2251 reatum.
1402 2202 1452 2245 Si
1472 2202 1589 2245 enim
1609 2215 1770 2259 magno
1866 2247 1870 2252 ,

308 2271 504 2315 creditur
537 2271 801 2329 Augustino,
831 2271 979 2314 Dauid
1007 2272 1079 2314 uir
1107 2272 1373 2328 sanguinum
1402 2271 1546 2315 dictus
1575 2274 1652 2322 est,
1681 2285 1770 2314 non
1787 2283 1829 2317 30
1864 2255 1878 2364 ἒ

309 2343 490 2396 propter
513 2340 628 2382 bella
654 2340 731 2383 sed
754 2342 935 2397 propter
954 2340 1118 2383 Vriam.
1178 2340 1236 2382 Et
1260 2340 1438 2383 Samuel
1461 2355 1679 2397 nusquam
1699 2339 1771 2382 uir
1850 2355 1878 2409 ξ·

1864 2415 1878 2438 ⁴

309 2422 744 2488 {W——sg
761 2453 898 2490 ymago
916 2442 957 2477 M
1093 2452 1136 2488 17
1161 2442 1300 2479 damna.
1317 2441 1378 2478 CB
1515 2453 1559 2489 19
1583 2442 1729 2480 adibita
1745 2441 1770 2479 S

360 2544 380 2569 2
406 2535 578 2580 Princeps
594 2537 687 2571 etc.:
712 2547 745 2571 v.
762 2534 850 2582 Dig.
867 2534 892 2570 i.
911 2534 968 2582 3§
987 2544 1210 2580 31.10
1232 2536 1326 2582 quod
1341 2535 1375 2570 ei
1385 2535 1504 2580 placet
1520 2536 1616 2571 etc.:
1642 2534 1728 2581 Dig.
1745 2535 1770 2571 i.

312 2593 335 2627 4
354 2579 372 2626 §
396 2591 625 2618 1.12
651 2584 706 2617 De
722 2583 830 2618 uultu
847 2545 938 2618 etc.3:
964 2582 1021 2619 Ps.
1040 2580 1111 2618 xvi.
1130 2592 1162 2618 2.
1317 2591 1359 2617 21
1386 2583 1495 2627 Virqa
1510 2586 1575 2617 tua
1588 2584 1683 2620 etc.:
1711 2583 1771 2618 Ps.

311 2627 533 2711 {gvllsfetca
560 2639 665 2711 311111.
669 2631 927 2720 cssgfuifortis
948 2631 1020 2722 agg
1032 2629 1257 2721 ᾎὶριῗθὲφῗὲἑ
1276 2628 1376 2711 italila
1392 2675 1492 2721 apud
1516 2630 1771 2729 Ξόυςῖἒῗιιιδὲῐΐ
1821 2691 1856 2711 ’1-

312 2722 434 2758 adhuc
463 2721 630 2758 invenire
657 2734 735 2759 non
762 2723 883 2769 potui.
977 2725 1040 2759 uir
1059 2725 1300 2768 sanquinum.
1326 2732 1347 2757 2
1372 2721 1463 2767 Reg.
1489 2722 1562 2759 xvi.
1589 2733 1620 2768 7,
1645 2725 1687 2767 8,
1721 2722 1767 2760 cf.
1813 2726 1817 2730 '

317 2778 333 2806 1
352 2768 472 2804 Paral.
490 2768 579 2805 xxii.
597 2770 630 2806 8.
771 2781 815 2817 31
841 2772 988 2807 Samuel
1004 2772 1078 2808 etc.
1092 2783 1101 2806 ε
1126 2782 1159 2808 v.
1180 2780 1195 2808 1
1215 2770 1307 2815 Reg.
1324 2781 1380 2806 xv.
1399 2779 1453 2815 32,
1471 2779 1529 2815 33.

426 2841 488 2882 238

1872 2789 1873 2793 „
1839 2663 1878 2758 '²⁹³²’ff
1851 2599 1878 2654 *⁷⁴⁸5ae
1860 2567 1878 2588 :⁴-
