1878 3172
107 168 206 201 cu.
222 153 291 216 tv]
623 154 1058 201 POLICRATIOVS
1582 162 1666 204 397
1684 164 1710 195 c

109 292 386 335 nequaquam
406 280 560 320 tantus
579 276 831 334 patriarcha
853 276 910 319 ad
929 291 1040 333 opus
1059 276 1179 320 illius
1198 277 1389 320 misisset
1412 276 1566 325 filium,

110 362 241 405 quem
274 346 592 390 benedictionis
624 345 772 403 gratia
802 345 849 387 in
887 348 1022 402 caput
1059 346 1260 402 gentium
1298 345 1565 388 constituere

109 416 381 473 disponebat.
439 415 527 458 Sed
558 414 674 458 forte
703 429 826 457 mora
855 414 996 457 traxit
1025 414 1082 456 ad
1108 428 1154 456 se
1179 414 1435 471 periculum,
1461 413 1567 470 quia

110 485 280 529 diutius
305 485 427 528 licito
453 485 500 527 in
527 499 656 541 opere
683 487 833 526 tamen
857 483 979 526 licito
1004 499 1060 527 ex
1086 498 1227 542 praua
1250 482 1566 527 consuetudine

38 561 44 565 ’
72 567 92 601 5
110 558 157 598 et
175 554 463 597 immoderato
483 568 629 596 amore
649 553 917 596 morabatur.
977 553 1114 596 Nulla
1133 555 1338 596 uersatur
1356 552 1403 594 in
1425 551 1565 608 culpa,

110 625 187 681 qui
237 627 422 682 urgente
471 622 651 666 stimulo
698 622 972 665 necessitatis
1019 638 1108 665 non
1156 622 1379 679 reprobati
1428 621 1566 664 studii

109 693 320 737 exercitio
338 693 480 736 uitam
500 691 674 749 cogitur
692 691 911 734 exhibere.
971 691 1058 745 Qui
1079 691 1159 734 otii
1180 691 1386 734 inertiam
1406 690 1566 740 uitant‚

110 763 187 820 qui
225 761 429 820 gerendis
468 760 657 817 negotiis
691 760 932 817 disponunt
962 760 1160 803 membra
1197 760 1304 802 dum
1342 759 1567 802 laboribus

109 834 377 881 assuescunt,
409 830 485 887 qui
516 829 723 872 uitiosam
757 829 950 886 corporis
979 828 1162 887 fugiunt
1191 829 1362 879 molem,
1390 831 1568 871 seruata

52 913 95 940 10
111 900 159 942 in
188 899 392 943 omnibus
420 898 639 956 dignitate
669 912 890 954 personae,
919 898 1062 941 iustae
1093 897 1444 956 reprehensionis
1476 912 1566 940 non
1583 895 1613 934 d

110 969 347 1026 patiuntur
375 967 560 1011 aculeos.
618 967 742 1024 Opus
768 967 931 1010 etenim
961 982 1050 1010 non
1080 982 1135 1010 ex
1165 982 1211 1010 se
1240 967 1317 1010 sed
1346 982 1403 1009 ex
1434 981 1566 1009 causa

110 1038 164 1081 fit
193 1037 370 1080 crimen.
429 1036 523 1079 Nec
550 1035 700 1092 aliqua
727 1036 910 1078 uirtutis
939 1036 1233 1079 ostentatione
1260 1035 1470 1086 clarescit,
1496 1035 1567 1078 cui

111 1106 318 1164 uoluptas
343 1105 558 1161 originem
586 1105 792 1162 praebet3
819 1120 1008 1148 nouerca
1033 1105 1249 1161 siquidem
1276 1105 1460 1148 uirtutis
1489 1107 1569 1147 est.

113 1175 217 1218 Non
260 1175 383 1217 illam
432 1173 529 1216 dico
571 1188 702 1229 quam
743 1174 862 1230 parit
899 1188 1000 1230 pax,
1039 1174 1267 1230 patientia,
1305 1173 1568 1230 benignitas,

52 1253 95 1290 15
113 1243 437 1300 longanimitas,
461 1242 673 1300 gaudium
701 1242 747 1283 in
779 1242 951 1298 Spiritu
978 1245 1150 1294 sancto;
1186 1243 1263 1285 sed
1289 1257 1401 1299 quae
1428 1242 1569 1285 amica

114 1312 266 1369 epulis,
303 1311 616 1370 potationibus,
659 1311 886 1361 conuiuiis,
926 1311 1301 1354 modulationibus
1349 1314 1395 1354 et
1439 1311 1568 1361 ludis,

113 1381 305 1425 cultibus
330 1381 555 1438 operosius
581 1380 824 1436 exquisitis,
846 1380 1012 1437 stupris
1038 1383 1083 1423 et
1103 1380 1240 1423 uariis
1263 1380 1569 1432 immunditiis,

112 1449 282 1493 animos
327 1449 462 1493 etiam
509 1449 734 1507 grauiores
780 1449 1015 1500 effeminat,
1055 1452 1100 1491 et
1146 1449 1336 1505 quodam
1381 1453 1569 1492 naturae

113 1518 305 1561 ludibrio
342 1518 562 1562 molliores
600 1521 646 1561 et
684 1518 977 1575 corruptiores
1018 1518 1126 1561 facit
1161 1533 1253 1560 esse
1284 1519 1404 1561 uiros
1434 1533 1568 1575 quam

5 1643 7 1646 ι
53 1600 96 1625 ²0
114 1587 314 1631 feminas.
400 1587 590 1644 Tempus
646 1601 818 1644 quoque
875 1588 1068 1630 uenandi
1126 1588 1301 1644 culpam
1355 1591 1569 1631 extenuat

4 1647 5 1650 Ἴ
114 1659 319 1701 actumue
349 1648 637 1699 commendat.
695 1656 767 1698 Sit
800 1659 948 1699 autem
979 1657 1051 1699 hic
1080 1660 1265 1713 tempus,
1295 1660 1348 1699 ut
1379 1657 1427 1699 in
1460 1657 1567 1700 locis

114 1740 247 1782 quam
271 1725 484 1782 pluribus,
514 1724 743 1767 inuenitur
766 1740 822 1767 ex
849 1740 899 1767 eo
926 1726 1233 1782 opportunitas
1261 1726 1566 1783 gerendorum.

115 1794 191 1837 Fit
210 1808 313 1851 ergo
333 1793 646 1850 intempestiua
664 1794 844 1836 uenatio
864 1794 936 1836 uel
957 1809 1012 1836 ex
1032 1795 1256 1851 religionis
1276 1795 1399 1837 cultu
1418 1795 1490 1837 uel
1511 1810 1566 1838 ex
1587 1792 1670 1840 398
1691 1802 1721 1830 a

0 1896 3 1902 .
114 1866 277 1906 natura
308 1877 456 1904 rerum
486 1861 559 1904 uel
589 1876 645 1904 ex
675 1862 824 1905 debito
853 1863 994 1913 officii,
1024 1863 1141 1919 quod
1170 1864 1242 1906 uel
1273 1864 1569 1920 praetermitti

0 1932 5 1944 '
55 1941 97 1975 ²5
117 1931 190 1974 uel
225 1931 324 1974 aliis
355 1930 712 1986 occupationibus
743 1931 948 1987 postponi
979 1946 1068 1974 non
1099 1931 1241 1975 debet.
1300 1932 1387 1974 Sed
1417 1932 1471 1974 de
1500 1933 1570 1974 his

0 1991 2 1994 ⁵
116 2000 352 2050 hactenus3
391 1998 496 2055 quia
531 2013 620 2040 non
655 1999 903 2041 uenaticam
937 2000 1111 2042 tradere
1146 2000 1222 2042 sed
1252 2000 1306 2042 de
1337 2000 1570 2043 curialium

115 2068 247 2125 nugis
274 2068 434 2125 nugari
464 2067 737 2123 propositum
767 2071 845 2110 est.

172 2136 276 2194 Loci
311 2150 483 2192 quoque
514 2135 628 2178 ratio
662 2136 864 2178 habenda
895 2140 973 2187 est,
1004 2137 1169 2179 scilicet
1207 2140 1259 2178 ut
1298 2137 1344 2178 in
1384 2151 1463 2179 suo
1496 2137 1568 2179 uel

114 2194 335 2250 oomfnuni
361 2204 434 2246 uel
459 2203 633 2260 publico
658 2203 781 2246 licita
807 2207 1062 2246 exerceatur
1084 2205 1274 2255 uenatio,
1294 2205 1400 2247 dum
1420 2209 1569 2248 tamen

56 2288 100 2323 30
115 2274 389 2318 consortibus
417 2287 506 2315 non
540 2272 762 2328 irrogetur
792 2273 956 2314 iniuria
989 2276 1034 2315 et
1069 2273 1188 2315 locus
1218 2273 1470 2316 celebritate
1500 2274 1569 2316 sui

115 2345 195 2385 aut
214 2341 461 2385 reuerentia
480 2341 537 2397 ab
563 2341 633 2382 his
660 2341 1053 2396 inquietationibus
1076 2356 1165 2383 non
1190 2342 1421 2384 eximatur.
1482 2343 1569 2395 Qui

117 2411 234 2453 enim
269 2411 316 2452 in
345 2410 489 2452 aliena
518 2410 752 2451 temeraria
781 2410 1067 2466 usurpatione
1094 2410 1236 2459 irruit,
1266 2411 1434 2467 laqueis
1460 2412 1570 2454 iuris

116 2482 294 2522 tenetur
331 2479 389 2521 ad
428 2493 599 2534 penam.
660 2478 706 2519 Is
745 2493 851 2520 uero
889 2478 1045 2520 modus
1084 2479 1317 2521 laudabilis
1356 2484 1434 2530 est,
1468 2495 1569 2523 cum

115 2547 414 2590 moderatione
438 2547 639 2588 adhibita
669 2547 910 2603 prudenter
940 2551 995 2598 et,
1023 2547 1060 2589 si
1091 2548 1186 2590 fieri
1216 2551 1374 2606 potest,
1398 2549 1571 2592 utiliter

117 2678 138 2703 2
165 2667 285 2713 capud
301 2666 334 2702 A
455 2658 515 2701 ’11
545 2665 648 2701 enim
667 2665 707 2700 M
831 2698 833 2700 .
853 2675 893 2710 17
919 2665 1115 2712 adquisitis
1131 2666 1178 2702 A¹

170 2785 212 2818 14
230 2788 310 2820 pax
325 2778 419 2811 ete:
444 2772 526 2809 Gal.
543 2786 575 2810 v.
595 2784 651 2810 22.

186 2846 267 2864 wan
830 2841 855 2866 F
1424 2846 1464 2878 33
