1878 3172
222 94 302 143 588
324 94 352 133 b
697 93 956 138 IoANNIS
997 94 1508 140 SARESBERIENSIS
1675 93 1784 156 [mn.
1799 65 1857 140 v¹

369 215 638 272 opprimeret
675 217 722 258 et
759 215 815 258 de
854 229 990 258 manu
1020 215 1279 273 cuiusquam
1318 216 1455 260 nichil
1494 216 1674 274 accepit.
1734 215 1832 260 Hoc

367 284 635 327 conscientia
665 283 883 328 Samuelis
911 287 1152 328 attestatur
1186 288 1231 328 et
1260 285 1460 342 populus,
1489 288 1535 328 et
1563 288 1713 329 tamen
1741 300 1832 329 non

367 359 476 402 satis
515 360 567 402 fit
607 359 899 403 conscientiae
939 360 1229 417 scrupulosae,
1263 360 1350 403 nisi
1389 363 1663 403 sacramento
1701 374 1830 403 suum

368 428 557 484 populus
595 429 899 472 testimonium
946 429 1182 472 roboraret.
1261 429 1341 472 Ait
1380 429 1523 472 enim:
1573 428 1716 472 Testis
1764 432 1831 473 est

368 497 586 541 Dominus
620 489 832 541 adue'rsus
866 513 946 541 uos
978 501 1024 541 et
1054 499 1181 542 testis
1215 498 1421 542 Christus
1450 498 1544 541 eius
1571 498 1619 540 in
1649 498 1720 541 die
1748 498 1831 542 hac
1849 515 1869 550 5

370 567 475 623 quia
508 582 598 611 non
632 567 894 611 inueneritis
928 568 977 610 in
1005 582 1141 610 manu
1170 583 1269 611 mea
1303 567 1543 625 quippiam.
1604 567 1663 610 Et
1692 567 1831 610 dixit:

372 637 524 680 Testis.
586 636 858 694 Cuicumque
879 638 1089 681 obtestati
1109 638 1401 695 prouinciales
1419 637 1510 680 tale
1528 637 1832 680 testimonium

368 706 614 763 perhibent,
634 707 691 749 ad
717 707 930 751 iudicium
957 707 1272 764 omnipotentis
1299 703 1345 750 et
1371 707 1520 750 omnia
1545 706 1722 750 scientis
1747 706 1832 750 Dei

368 790 547 819 securus
577 777 765 820 accedat.
827 776 1014 819 Prouide
1043 791 1235 833 namque
1263 791 1440 820 causam
1470 775 1654 819 instruit
1678 775 1754 832 qui
1783 775 1832 818 in

368 845 571 888 examine
591 846 903 888 conscientiam
930 846 1134 903 producit
1161 850 1206 889 et
1232 845 1349 888 diem
1369 846 1624 895 humanum,
1644 859 1831 901 quorum
1850 857 1878 883 ι(

368 918 436 957 est
455 915 595 957 iudex
614 915 812 959 conscius
832 915 880 957 in
902 915 1081 959 excelso.
1143 915 1230 969 Qui
1256 929 1362 958 uero
1386 929 1487 959 cum
1511 914 1715 957 Samuele
1741 928 1831 957 non

369 984 616 1027 discutiunt
647 984 719 1027 hic
753 984 917 1028 iudicia
951 999 1042 1035 sua,
1077 985 1154 1027 sed
1196 984 1390 1042 prompti
1432 984 1490 1027 ad
1529 983 1832 1026 excusationes

327 1067 352 1096 c
370 1054 416 1095 in
436 1054 627 1110 peccatis
647 1054 773 1111 quasi
801 1054 903 1097 lotis
924 1054 1129 1097 manibus
1155 1069 1255 1097 cum
1284 1054 1427 1096 Pilato
1454 1053 1672 1096 clamant:
1701 1052 1830 1095 Mun-

369 1122 452 1165 dus
487 1137 567 1180 ego
599 1137 697 1165 sum
732 1137 759 1165 a
789 1123 1003 1181 sanguine
1032 1123 1140 1165 iusti
1169 1123 1328 1175 huius3
1363 1123 1468 1180 quia
1501 1125 1655 1166 contra
1687 1121 1829 1179 legem

369 1195 676 1248 peccauerunt,
708 1206 788 1249 per
814 1193 955 1250 legem
983 1192 1356 1249 dampnabuntur.
1415 1191 1503 1235 Sed
1534 1193 1580 1235 et
1608 1191 1675 1233 illi
1705 1190 1878 1237 dam-‚12

368 1261 593 1317 pnationis
628 1264 760 1304 erunt
789 1261 1037 1318 participes,
1072 1261 1149 1318 qui
1189 1276 1261 1304 eos
1300 1263 1486 1318 possunt
1516 1260 1718 1303 cohibere
1749 1273 1835 1302 nec

368 1330 537 1373 uolunt.
617 1329 676 1372 Et
704 1330 768 1373 ·de
811 1331 881 1373 his
921 1330 1099 1387 quidem
1139 1330 1247 1373 satis
1297 1331 1465 1373 dictum
1514 1332 1581 1372 est
1629 1327 1830 1385 sapienti.

369 1399 558 1442 Proinde
597 1399 654 1442 ad
691 1400 1019 1456 proportionem
1058 1414 1281 1450 manuum,
1321 1413 1453 1456 quam
1494 1398 1724 1441 Plutarcus
1762 1397 1829 1440 in-

367 1468 511 1520 duxit,
542 1471 740 1511 transeat
769 1468 909 1511 stilus.

878 1582 1091 1613 EXPLICIT
1123 1581 1260 1612 LIBER
1290 1581 1319 1612 V
1847 1592 1878 1616 2(

373 1705 386 1730 1
415 1700 492 1740 post
509 1694 590 1731 Hoc
607 1697 690 1732 add.
708 1696 871 1732 testatur
887 1695 926 1730 M
944 1708 951 1732 :
979 1695 1154 1732 Testatur
1170 1695 1242 1731 hoc
1260 1694 1284 1730 S
1412 1705 1433 1731 2
1457 1695 1643 1731 atestatur
1659 1693 1684 1730 S
1808 1703 1827 1741 5

366 1741 499 1778 cristus
516 1742 540 1778 S
684 1753 730 1778 20
754 1742 922 1789 Explicit
938 1742 1048 1779 Liber
1065 1742 1223 1787 Quintus
1239 1742 1314 1778 AM

415 1863 449 1897 4,
472 1861 488 1898 5
519 1838 631 1889 Testis
646 1857 696 1888 est
712 1853 890 1888 Dominus
906 1852 977 1888 etc.
995 1862 1004 1886 z
1035 1862 1048 1887 1
1070 1850 1160 1897 Reg.
1174 1849 1240 1887 xii.
1259 1858 1292 1896 5.
1391 1860 1435 1886 10
1459 1852 1712 1886 conscientiam
1727 1850 1800 1886 etc.
1817 1859 1827 1885 ε

369 1913 403 1936 v.
426 1911 440 1936 1
462 1899 543 1936 Cor.
562 1900 611 1937 iv,
630 1911 660 1944 3,
679 1910 702 1944 4
718 1901 815 1935 Mihi
831 1904 950 1935 autem
969 1911 1038 1945 pro
1055 1900 1205 1933 minimo
1222 1903 1271 1933 est
1287 1903 1327 1933 ut
1342 1909 1366 1933 a
1384 1898 1487 1933 uobis
1502 1899 1640 1933 iudicer
1653 1901 1718 1932 aut
1730 1909 1754 1932 α
1769 1898 1828 1932 die

370 1949 529 1984 humano
538 1961 552 1992 ‚·
576 1949 637 1983 sed
653 1959 765 1994 neque
781 1950 956 1993 meipsum
972 1948 1103 1982 iudico.
1143 1947 1248 1980 Nihil
1260 1947 1354 1980 enim
1370 1946 1462 1980 mihi
1474 1946 1632 1980 conscius
1646 1956 1753 1989 ὅππῃ·
1767 1945 1829 1980 sed

369 2007 443 2031 non
460 1997 501 2030 in
517 1997 579 2031 hoc
595 1996 813 2039 iustificatus
826 2007 907 2030 sum
915 2007 929 2038 ;
951 1995 1014 2076 {ui
1029 1998 1148 2029 autem
1164 1994 1302 2028 iudicat
1317 2004 1379 2035 me,
1398 1993 1579 2027 Dominus
1594 1996 1655 2026 est.
1773 2000 1827 2034 12,

371 2053 414 2087 13
439 2044 681 2078 excusationes
697 2043 737 2077 in
750 2043 926 2088 peccatis:
983 2053 1009 2076 s.
1027 2040 1097 2076 cxl.
1112 2051 1146 2084 4.
1330 2050 1372 2084 13
1397 2041 1479 2074 lotis
1497 2039 1662 2074 manibus
1678 2039 1770 2075 eta:
1796 2049 1829 2074 v,

369 2089 480 2125 Matt.
499 2089 612 2125 xxvii.
630 2099 686 2133 24.
858 2099 911 2134 13,
930 2099 974 2132 14
998 2089 1183 2124 Mundus:
1207 2088 1384 2123 Innocens
1398 2085 1510 2132 Vulg.
1678 2095 1720 2130 14
1743 2086 1830 2130 quia

370 2142 494 2172 contra
511 2138 618 2182 leyem
636 2137 705 2174 etc.
722 2147 731 2172 t
757 2149 790 2173 v.
807 2136 913 2173 Rom.
929 2135 969 2171 ii.
990 2146 1043 2172 12.
1206 2143 1247 2179 17
1271 2136 1361 2170 satis
1376 2135 1510 2169 dietum
1526 2137 1576 2169 est
1590 2133 1768 2178 sapienti:
1793 2143 1827 2169 v,

370 2184 451 2220 Ter.
470 2185 612 2221 Phorm.
630 2183 687 2222 111.
703 2195 736 2231 3.
752 2186 784 2221 8.
992 2184 1034 2220 18
1059 2193 1254 2219 manuum:
1280 2193 1312 2219 v.
1329 2191 1442 2227 supra
1458 2192 1488 2217 c.
1507 2191 1527 2227 3
1548 2181 1632 2226 (540
1645 2180 1696 2226 o).
