1878 3172
203 173 288 222 568
310 182 336 213 c
678 170 939 216 IOANNIS
979 170 1492 216 SARESBERIENSIS
1652 169 1764 231 [Lm.
1780 181 1812 214 v
1869 103 1878 234 ij

309 304 337 334 c
351 292 539 350 legitimi
570 291 804 335 absolutos.
865 292 935 334 Ex
965 306 1052 349 quo
1080 291 1263 349 planum
1292 294 1360 335 est
1388 291 1619 369 principes,
1646 291 1723 348 qui
1750 291 1814 334 eis
1871 285 1878 369 j

351 361 621 404 ordinariam
656 361 1004 405 iurisdictionem
1035 360 1329 411 contulerunt,
1360 361 1470 403 iuris
1505 375 1597 404 esse
1635 361 1813 418 ignaros
1873 373 1878 416 ξ

350 431 423 473 uel
452 433 788 487 contemptores.
848 429 948 481 Sed,
969 429 1178 487 quicquid
1207 429 1262 472 de
1290 429 1451 486 peritia
1478 430 1589 473 iuris
1617 430 1814 473 dicamus
1872 422 1878 473 -ἷ

351 502 431 542 aut
460 499 515 543 de
544 499 716 542 uiribus
747 499 1004 556 exequendi,
1035 498 1225 541 iudicem
1254 501 1429 554 oportet
1457 513 1550 542 esse
1579 498 1813 557 religiosis-
1874 491 1875 494 ¹

351 569 512 612 simum
533 571 579 611 et
602 568 680 625 qui
700 583 829 611 omne
844 568 1047 625 iniquum
1067 570 1208 610 morte
1228 567 1325 624 ipsa
1339 568 1481 625 magis
1493 567 1647 611 oderit.
1697 568 1814 621 Quia
1832 582 1852 618 ⁵

352 652 456 695 ergo
476 637 698 694 praesides
717 636 987 680 ordinariam
1013 636 1180 679 habent
1203 636 1313 679 iuris
1338 636 1512 680 dicendi
1537 639 1814 694 potestatem,

351 707 549 763 ipsorum
569 708 615 749 ct
634 706 830 750 iudicum
850 706 1038 749 aliorum
1059 720 1149 748 una
1169 708 1236 748 est
1261 705 1526 762 speculati03
1553 709 1598 750 et
1618 707 1734 764 quod
1761 707 1815 749 de

353 776 423 819 his
443 776 618 827 dicitur,
638 775 769 819 facile
789 775 846 818 ad
872 775 1060 818 aliorum
1086 775 1443 831 consequentiam
1469 775 1676 819 trahitur.
1736 775 1818 818 Est

353 844 505 901 itaque
528 844 722 901 primum
742 844 860 900 quod
880 859 936 886 ex
955 844 1215 887 necessitate
1235 843 1364 888 officii
1379 845 1579 902 utrisque
1593 844 1816 895 indicitur,

353 916 406 956 ut
444 913 643 956 iustitiae
682 914 730 955 in
769 914 974 956 omnibus
1011 916 1223 970 pareatur
1263 916 1308 956 et
1347 914 1484 957 nichil
1519 929 1670 957 eorum
1704 927 1816 971 quae
1836 926 1878 951 1⁰

353 981 557 1025 facienda
587 985 704 1033 sunt,
732 982 814 1025 fiat
843 982 901 1025 ad
929 982 1133 1039 pretium.
1193 982 1311 1024 Nam
1346 983 1463 1039 quod
1494 982 1710 1026 iniustum
1739 985 1818 1034 est,

354 1066 668 1108 usquequaque
688 1066 778 1095 non
797 1051 901 1095 licet
920 1054 973 1095 ut
991 1066 1071 1094 nec
1090 1066 1172 1108 pro
1191 1052 1423 1109 temporali
1442 1051 1539 1095 uita
1557 1052 1654 1095 fieri
1673 1052 1818 1096 liceat.

311 1120 341 1160 d
358 1120 486 1173 Quod
520 1135 627 1164 uero
661 1121 829 1164 iustum
863 1123 942 1172 est,
977 1120 1189 1164 mercedis
1218 1121 1475 1164 interuentu
1508 1136 1598 1164 non
1636 1121 1818 1179 indiget,

356 1204 455 1233 cum
475 1204 555 1247 per
574 1204 620 1233 se
640 1190 736 1233 fieri
757 1190 915 1233 debeat
934 1192 979 1233 et
994 1190 1197 1247 iniquum
1212 1190 1271 1233 sit
1285 1190 1475 1234 uendere
1490 1190 1607 1247 quod
1622 1190 1819 1236 debetur.

357 1258 585 1301 Iustitiam
616 1273 719 1316 crgo
753 1259 945 1302 uendere
979 1259 1192 1316 iniquitas
1223 1262 1313 1311 est;
1354 1259 1633 1312 iniustitiam,
1665 1259 1878 1316 iniquam

357 1328 540 1371 insania.
600 1328 722 1372 Haec
742 1328 958 1385 siquidem
978 1329 1142 1385 ubique
1167 1329 1403 1386 reprobata
1430 1331 1499 1372 est
1521 1331 1574 1372 ut
1599 1343 1818 1386 nusquam

358 1411 451 1440 esse
471 1397 651 1450 debeat3
682 1397 759 1440 illa
778 1397 942 1454 ubique
962 1397 1113 1441 debita
1132 1400 1199 1440 est
1217 1401 1271 1440 ut
1289 1397 1384 1441 sine
1397 1398 1558 1441 scelere
1577 1398 1711 1441 uendi
1729 1412 1820 1441 non

357 1466 508 1522 possit.
566 1465 723 1522 Neque
752 1466 870 1509 enim
901 1466 1083 1508 Balaam
1113 1480 1170 1509 cx
1198 1481 1249 1509 eo
1277 1466 1493 1523 culpatur,
1522 1467 1639 1524 quod
1667 1467 1820 1524 populi

359 1534 443 1577 Dei
489 1548 666 1577 causam
714 1535 1034 1591 dampnauerat
1082 1534 1261 1578 aliudue
1309 1535 1475 1578 dixerit
1520 1550 1653 1592 quam
1702 1535 1819 1592 quod

358 1602 576 1646 Dominus
600 1603 856 1660 inspirabat,
877 1603 953 1646 sed
974 1603 1078 1659 quia
1104 1603 1295 1646 auaritia
1315 1607 1556 1655 excecatus,
1575 1604 1819 1648 infidelium
1839 1617 1878 1642 20

358 1686 535 1715 causam
562 1671 797 1722 instruens,
818 1672 1036 1728 quomodo
1060 1671 1117 1714 ad
1145 1673 1470 1729 prouocandam
1499 1673 1612 1716 iram
1636 1673 1720 1716 Dei
1747 1674 1820 1716 de-

359 1740 580 1796 linqueret
614 1740 752 1784 Israel
792 1741 988 1784 dictante
1027 1741 1200 1784 malitia
1232 1742 1499 1798 procui-anit.
1573 1742 1823 1795 Quaerebat

359 1824 464 1867 ergo
483 1810 700 1866 quomodo
719 1810 835 1853 iuste
855 1810 1115 1854 iustificaret
1134 1825 1311 1854 causam
1330 1811 1456 1868 impii
1476 1814 1522 1855 et
1541 1813 1667 1868 quasi
1693 1812 1824 1856 illuso

359 1878 454 1922 Deo
473 1879 666 1936 gratiam
686 1879 780 1922 eius
799 1880 1080 1923 subtraheret
1100 1880 1259 1923 electis.
1318 1880 1412 1924 Aut
1431 1881 1470 1924 si
1489 1881 1676 1924 aduersa
1695 1881 1821 1924 iusti-

362 1948 484 1991 ficari
516 1962 606 1991 non
639 1951 788 2005 posset
820 1963 963 2000 causa,
997 1949 1079 1992 hoc
1109 1950 1265 1992 saltem
1299 1950 1461 2007 agebat
1490 1953 1543 1993 ut
1571 1953 1618 1994 et
1647 1951 1704 1993 ab
1733 1951 1821 1994 ista
1839 1964 1878 2000 25

209 2018 297 2068 569
317 2028 347 2056 a
362 2017 584 2060 recederet
603 2017 734 2060 Deus.
794 2016 1206 2075 Compugnantibus
1225 2033 1415 2075 namque
1440 2019 1617 2076 iniquis,
1646 2019 1821 2063 uincere

363 2086 432 2142 (ut
451 2086 630 2143 dicitur)
654 2087 884 2130 consueuit
907 2087 983 2143 qui
1004 2088 1175 2131 uiribus
1199 2088 1398 2145 superior
1417 2091 1495 2131 est.
1554 2088 1822 2133 Balaamitas

362 2155 516 2199 uideas
535 2156 748 2213 plurimos
769 2157 858 2213 qui,
878 2156 981 2200 licet
1010 2157 1208 2214 iniquam
1232 2157 1376 2200 nolint
1402 2156 1518 2201 ferre
1544 2158 1822 2211 sententiam,

362 2225 559 2282 corrupti
579 2228 729 2268 tamen
748 2226 1004 2268 muneribus
1023 2226 1241 2269 iustitiam
1260 2227 1401 2284 partis
1419 2227 1552 2270 unius
1571 2227 1619 2270 in
1639 2227 1824 2270 alteram

363 2294 523 2350 quauis
561 2297 658 2337 arte
696 2295 936 2338 transferre
978 2295 1233 2338 moliuntur.
1311 2296 1414 2339 Non
1457 2295 1586 2339 facile
1634 2296 1823 2339 dixerim
1841 2312 1876 2347 ὃς

364 2366 517 2405 utrum
537 2363 598 2406 sit
625 2363 824 2419 nequius,
843 2363 947 2407 licet
975 2364 1182 2407 uenditor
1209 2364 1447 2420 aequitatis
1475 2364 1691 2407 malitiam
1721 2364 1823 2408 fuco

366 2431 582 2475 fallaciori
611 2432 785 2475 coloret.
845 2433 996 2476 Potest
1024 2436 1174 2476 tamen
1202 2433 1344 2476 uideri
1373 2433 1558 2490 nequior
1585 2433 1662 2490 qui
1693 2433 1823 2477 officii

367 2500 436 2543 sui
456 2500 699 2557 principem
719 2503 764 2543 et
783 2501 993 2559 reginam,
1006 2502 1077 2545 cui
1096 2502 1204 2545 fides
1224 2502 1478 2554 famulatur,
1491 2502 1617 2558 quasi
1635 2516 1823 2545 mercem

367 2570 413 2610 in
446 2568 543 2611 foro
575 2570 786 2613 distrahit
824 2585 874 2614 ac
913 2571 951 2613 si
983 2585 1136 2614 seruus
1167 2571 1356 2618 infidelis
1386 2571 1613 2614 dominum
1644 2571 1822 2615 uendat.

368 2697 388 2724 2
414 2687 692 2726 iurisditionem
709 2689 771 2726 CA
915 2700 957 2736 19
982 2691 1330 2738 condempnauerat
1347 2691 1386 2727 M
1531 2701 1575 2737 23
1601 2701 1690 2737 ergo
1706 2702 1773 2728 om.
1791 2690 1825 2727 A

418 2798 460 2835 18
485 2798 663 2834 Balaam:
688 2810 722 2835 v.
742 2809 763 2835 2
780 2798 881 2836 Petr.
899 2798 938 2835 ii.
959 2808 1011 2845 15.

479 2876 540 2910 33²
