1878 3172
272 272 553 329 sepulchrum
597 272 838 321 ueniretur,
877 270 1096 313 efflabant.
1176 269 1265 313 Sed
1312 283 1393 313 nec
1440 269 1645 327 planctus
1683 283 1740 312 ex

272 357 392 385 more
419 341 642 385 defunctis
667 341 963 384 exhibebatur
985 343 1064 387 aut
1083 339 1240 388 luctus,
1261 338 1366 396 quia
1385 340 1467 382 hoc
1489 339 1575 382 sibi
1594 341 1740 382 totum

272 411 588 454 uendicauerat
622 410 773 453 fames.
834 410 922 453 Sed
956 424 1036 452 nec
1075 408 1261 451 ariditas
1299 408 1473 452 inediae
1511 409 1741 451 humorem
1869 407 1878 476 Ἰ-

273 459 509 538 ciffijfissins
526 480 767 536 reliquerat
814 479 1109 521 lacrimarum.
1186 477 1464 520 Obsederant
1511 477 1741 520 ciuitatem
1875 478 1878 550 ἱ

272 549 495 606 profunda
525 549 712 600 silentia,
743 552 788 591 et
815 562 906 590 nox
935 547 1067 604 plena
1098 546 1255 590 mortis
1283 548 1444 589 cuncta
1471 548 1742 589 contexerat.
1761 568 1779 601 ς.
1876 553 1878 560 ’

273 618 446 671 Quibus
475 618 604 661 malis
633 618 837 660 omnibus
866 616 1094 673 grauiores
1129 615 1211 659 soli
1242 615 1456 672 uigebant
1487 614 1741 671 praedones,

273 688 349 744 qui
389 702 445 730 ne
484 687 717 744 sepulchra
756 687 934 743 quidem
974 685 1165 742 diripere
1204 687 1250 728 et
1296 684 1485 741 spoliare
1525 684 1742 727 cadauera

273 757 479 800 illicitum
501 756 731 806 ducebant,
751 770 841 797 non
861 758 954 797 tam
981 754 1191 811 praedam
1215 756 1417 810 petentes
1440 768 1574 810 quam
1601 752 1742 795 scelus

125 843 207 882 423
226 845 256 873 a
273 826 474 869 irrisione
503 826 779 869 cumulantes
809 827 854 866 et
883 824 1021 866 aciem
1051 823 1300 881 gladiorum
1329 837 1510 866 suorum
1537 822 1584 864 in
1613 822 1741 865 cada-

273 911 429 939 uerum
458 894 794 938 obtruncatione
824 894 1074 950 probantes.
1134 893 1367 936 Interdum
1396 892 1542 935 etiam*
1555 892 1603 934 in
1632 906 1740 934 non·
1762 911 1803 936 10

271 965 417 1007 nullos
437 965 581 1007 adhuc
611 964 830 1020 spirantes
857 977 1009 1005 mucro
1033 962 1354 1005 examinandus
1378 962 1604 1019 agebatur,
1624 960 1742 1018 quod

274 1033 352 1076 alii
377 1033 613 1076 semineces
643 1047 742 1075 cum
769 1032 986 1082 uiderent,
1007 1031 1225 1088 supplices
1251 1030 1457 1074 dexteras
1484 1030 1742 1087 praetende-

273 1101 396 1155 bant,
432 1104 484 1144 ut
515 1101 563 1143 in
593 1116 639 1144 se
672 1115 845 1158 quoque
881 1100 1080 1143 beneficii
1114 1100 1209 1143 loco
1242 1102 1552 1143 conuerterent
1590 1099 1744 1150 scelus,

274 1185 362 1226 quo
392 1170 558 1213 scilicet
587 1170 855 1213 cruciatibus
885 1169 1018 1211 famis
1048 1169 1242 1212 uelocius
1271 1168 1629 1220 absoluerentur;
1665 1167 1742 1210 sed

273 1253 390 1282 nouo
429 1239 704 1282 crudelitatis
738 1253 897 1296 genere
926 1252 1076 1280 necem
1116 1252 1249 1294 quam
1283 1239 1440 1294 sponte
1479 1237 1743 1289 inferebant,
1763 1257 1802 1290 15
1872 1249 1878 1259 ’

274 1308 312 1351 si
342 1311 616 1366 rogarentur,
646 1309 879 1365 negabant
942 1306 1055 1351 Cum
1086 1309 1235 1349 tamen
1264 1306 1566 1363 unusquisque
1596 1307 1741 1350 defici-

275 1377 445 1419 entium
480 1392 580 1420 cum
615 1378 785 1434 gemitu
824 1379 1100 1433 retorqueret
1134 1375 1288 1419 oculos*
1311 1375 1368 1418 ad
1398 1376 1625 1432 templum,
1653 1390 1743 1419 non
1874 1421 1878 1430 ,-

276 1447 330 1489 de
365 1450 506 1489 morte
541 1446 720 1503 propria
755 1446 918 1497 dolens,
953 1445 1029 1488 sed
1064 1445 1118 1488 de
1158 1445 1425 1502 impunitate
1459 1446 1743 1503 praedonum,
1827 1455 1834 1460 '
1872 1437 1878 1455 ³

275 1530 385 1572 quos
415 1516 674 1573 superstites
703 1516 1022 1572 relinquebant.
1083 1514 1142 1557 Et
1175 1515 1318 1571 primo
1347 1515 1526 1572 quidem
1561 1517 1744 1572 sumptu

275 1584 451 1640 publico
498 1585 680 1641 sepelire
726 1588 923 1627 mortuos
968 1584 1190 1627 iusserant
1235 1583 1390 1628 fetoris
1429 1584 1741 1638 intolerantia3
1762 1605 1805 1630 ao

274 1657 328 1696 ut
356 1668 463 1697 uero
493 1669 666 1697 omnem
697 1656 923 1710 sumptum
955 1653 1099 1710 coepit
1132 1654 1308 1697 uincere
1339 1654 1580 1698 multitudo
1610 1655 1742 1698 mori-

228 1728 257 1766 b
276 1722 458 1773 entium,
486 1722 540 1765 de
570 1737 698 1765 muro
727 1723 943 1766 cadauera
972 1723 1334 1780 praecipitabant.
1393 1724 1458 1767 At
1485 1738 1585 1767 cum
1615 1723 1745 1767 Titus

275 1790 535 1833 circumiens
583 1791 848 1848 peruidisset
895 1792 1086 1848 repletas
1135 1792 1424 1836 cadaueribus
1467 1797 1744 1836 mortuorum

274 1859 413 1902 ualles
435 1863 480 1902 et
507 1860 691 1902 humani
717 1860 910 1916 corporis
934 1861 1038 1903 tabo
1065 1861 1257 1917 patriam
1281 1864 1446 1904 terram
1473 1862 1622 1920 rigari,
1642 1876 1742 1905 cum

274 1929 447 1986 ingenti
477 1930 658 1987 gemitu,
679 1929 863 1973 eleuatis
893 1930 949 1972 ad
980 1930 1121 1972 celum
1148 1931 1365 1983 manibus,
1389 1931 1534 1974 Deum
1564 1932 1743 1976 inuocat
1763 1950 1804 1984 ²5

275 2001 435 2041 testem
467 1998 549 2041 hoc
578 1998 648 2040 sui
677 2013 810 2041 causa
838 2014 927 2042 non
957 1999 1190 2056 prouenire
1222 2000 1299 2042 sed
1328 2015 1374 2044 se
1404 2001 1492 2044 ista
1525 2001 1743 2044 sustinere

276 2066 480 2110 inuitum.
546 2066 605 2109 Et
624 2071 725 2124 post
744 2068 974 2124 aliquanta
993 2068 1154 2111 iterum
1176 2069 1390 2126 Iosephus
1405 2070 1514 2112 talia
1528 2070 1744 2126 quaedam

275 2136 582 2192 prosequitur:
614 2137 717 2179 Non
747 2137 997 2188 cunctabor,
1029 2138 1186 2195 inquit,
1216 2138 1415 2195 proferre
1442 2140 1560 2196 quod
1587 2140 1743 2183 sentio.

276 2204 485 2247 Arbitror
533 2205 651 2247 enim
701 2206 819 2262 quod
869 2207 1016 2257 etiam,
1065 2207 1102 2249 si
1156 2207 1368 2250 aduersus
1417 2207 1577 2265 impios
1625 2209 1745 2251 ciues

276 2273 576 2316 Romanorum
616 2274 840 2331 paulisper
873 2290 997 2317 arma
1036 2279 1288 2327 cessassent,
1319 2279 1398 2319 aut
1437 2277 1564 2319 hiatu
1598 2279 1745 2320 terrae
1763 2294 1806 2327 30

275 2346 355 2385 aut
385 2357 524 2399 aquae
554 2343 724 2386 diluuio
753 2352 833 2387 aut
863 2344 1162 2387 Sodomitanis
1190 2345 1369 2402 ignibus
1403 2348 1449 2388 et
1482 2345 1746 2389 fulminibus

275 2411 432 2474 Qus
471 2412 602 2455 tortis
634 2414 896 2470 supplicium
934 2414 1094 2456 ciuitas
1128 2414 1418 2471 dependisset,
1451 2429 1563 2471 quae
1603 2416 1745 2459 multo

276 2478 585 2524 infaustiorem
621 2482 720 2533 illis,
753 2483 829 2539 qui
869 2483 976 2526 haec
1015 2483 1210 2539 perpessi
1249 2486 1366 2534 sunt,
1405 2487 1451 2526 et
1490 2485 1745 2540 nequiorem

277 2548 476 2591 uirorum
510 2555 786 2611 praesentem
821 2552 934 2594 hanc
970 2551 1227 2608 protulisset
1261 2555 1437 2604 etatem,
1471 2565 1552 2608 pro
1584 2553 1745 2609 quibus

125 166 207 207 4²2
225 155 255 196 d
602 152 862 197 IOANNIS
903 150 1416 195 SARESBERIENSIS
1570 147 1683 210 [Lm.
1698 162 1739 195 11
1865 0 1878 405 Ξ

1866 1150 1878 1168 ⁴7.
1859 782 1878 1134 .xeoe‡-1QG.-.-.xu=w
1871 753 1872 756 „
1875 725 1878 733 ,Δ

1860 2165 1878 2544 (ιϊπ-ιᾲαὲιᾞηηνηιῷιν-
1870 2138 1878 2155 2.
1868 2083 1878 2118 ,14-
1870 2069 1878 2075 ,ν
1870 2045 1878 2057 ι.
1867 2029 1874 2035 ¹

282 2691 296 2716 1
325 2681 541 2727 sepulcrum
558 2682 591 2717 A
781 2693 801 2727 7
827 2684 997 2731 sepulcra
1015 2685 1046 2720 A
1231 2694 1274 2720 10
1297 2684 1338 2720 in
1355 2689 1439 2720 ante
1455 2684 1660 2722 nonnullos
1675 2697 1744 2722 om.

278 2728 351 2762 AM
519 2740 564 2775 23
590 2729 776 2766 circuiens
794 2731 852 2767 As
948 2734 1182 2768 mortuorum
1200 2731 1443 2769 cadaueribus
1460 2731 1527 2768 SM
1698 2734 1743 2769 28
1854 2756 1858 2762 ,

278 2775 462 2812 cuntabor
477 2775 512 2811 A
1814 2784 1816 2786 ’

390 2848 433 2890 78
