1878 3172
55 189 154 226 oAr.
168 177 218 239 x]
570 174 1002 221 POLICRATIGVS
1522 173 1606 224 565
1625 174 1653 214 b

56 297 235 342 Cerberi
263 299 381 341 sunt.
451 296 678 340 Atrienses
707 310 879 353 quoque
910 294 1148 340 Cerbereos
1176 294 1413 338 sustinebis
1438 296 1505 337 to-

55 369 236 422 tamque
273 364 490 408 familiam
529 379 641 421 quae
689 378 860 421 semper
897 367 977 407 aut
1014 363 1187 407 mordet
1234 366 1314 406 aut
1361 363 1508 405 latrat.

57 434 222 478 Omnes
258 448 375 485 uero,
414 437 630 491 quotquot
666 436 782 483 sunt,
820 433 868 474 in
906 447 996 476 uno
1041 433 1230 476 medicos
1273 432 1510 474 audierunt
1526 439 1552 468 c

57 503 275 546 dicenoes:
303 502 422 545 Dum
442 502 572 552 dolet,
591 502 760 558 aecipe3
789 501 951 545 facturi
972 501 1117 551 etiam,
1136 501 1174 544 si
1200 501 1284 543 sibi
1304 499 1510 556 expedire

19 588 40 622 ⁵
57 571 333 622 crediderint,
366 574 420 614 ut
457 570 603 614 doleat
642 570 757 627 quod
795 584 951 613 sanum
995 572 1074 613 est.
1144 569 1201 612 In
1233 583 1323 612 uno
1361 572 1511 611 tamen

57 640 277 697 piissimos
310 654 403 682 esse
435 639 676 689 miraberis,
707 639 824 695 quod
856 638 1054 695 querelas
1086 638 1276 680 libenter
1312 637 1512 686 audiunt,

58 708 215 752 fouent
229 707 513 750 humiliorum
532 722 684 751 causas
700 710 745 750 et
760 721 811 750 eo
822 721 960 763 usque
974 706 1309 763 patrocinantur
1328 706 1513 755 afflictis,

0 769 1 785 ¹
58 777 165 820 dum
185 776 450 820 exhauriant
469 776 632 820 loculos
650 776 908 832 pleniorum.
955 775 1074 818 Nam
1093 789 1366 831 quocumque
1384 774 1514 817 modo

59 860 191 890 causa
223 845 442 902 procedat,
472 845 554 888 hoc
585 859 756 901 semper
788 845 938 901 agitur
976 847 1028 886 ut
1066 844 1197 887 loculi
1235 843 1514 900 impleantur,

21 927 44 953 ο
59 914 143 957 etsi
171 913 362 956 auaritia
386 917 576 969 nequeat
601 913 766 956 satiari.
826 912 1034 968 Quisquis
1064 912 1113 953 in
1145 911 1332 955 istorum
1357 926 1515 955 manus

58 981 275 1031 inciderit,
306 981 344 1023 si
377 981 579 1038 penitens
617 981 855 1031 inuenitur,
886 981 1041 1037 opinor
1074 980 1181 1023 haee
1214 983 1435 1023 tormenta
1473 980 1515 1022 ei

59 1050 256 1095 sufficere
281 1064 406 1107 posse
432 1050 490 1093 ad
515 1050 702 1093 ueniam.
761 1050 910 1093 Nichil
930 1049 1039 1092 adeo
1057 1063 1195 1107 graue
1214 1051 1282 1092 est
1301 1049 1417 1105 quod
1443 1049 1515 1092 hic

61 1119 231 1176 expiari
250 1133 339 1161 non
358 1118 509 1175 possit.
548 1109 552 1138 ‘¹
569 1118 687 1171 Quid
707 1119 823 1162 enim
843 1119 1044 1161 miserius
1064 1121 1132 1161 est
1158 1133 1290 1174 quam
1316 1118 1516 1174 superbis

17 1232 21 1234 ,
62 1188 253 1232 assidere
281 1187 518 1237 liminibus,
547 1187 1015 1244 praetergredientium
1054 1187 1241 1230 tolerare
1274 1186 1442 1230 fastum
1471 1190 1517 1229 et

25 1269 45 1305 5
61 1256 457 1313 contemptibilium
475 1255 633 1299 calcari
648 1259 902 1313 contemptu
921 1256 1116 1313 perferre
1129 1256 1351 1299 molestias
1365 1269 1516 1298 excus-

62 1340 211 1370 sorum
231 1328 276 1368 et
301 1325 359 1367 ab
383 1325 578 1380 indignis
603 1325 784 1381 quaeuis
809 1325 992 1382 indigna
1018 1325 1246 1382 perferre?
1304 1325 1516 1374 Socrates,
1533 1327 1563 1366 d

62 1407 163 1438 cum
182 1407 283 1437 eum
294 1392 543 1449 Alcipiades
562 1393 856 1450 interrogaret
874 1407 1009 1449 quare
1028 1393 1311 1450 Xantippem‚
1330 1408 1514 1436 uxorem

63 1461 299 1506 admodum
323 1475 539 1504 memsam
559 1461 797 1518 iurgiosam
824 1463 869 1503 et
894 1475 1006 1517 quae
1025 1461 1104 1503 diu
1122 1464 1343 1518 noctuque
1361 1461 1514 1504 mulie-

63 1530 217 1574 bribus
235 1530 432 1573 scatebat
456 1529 679 1584 molestiis,
703 1529 832 1572 domo
858 1544 947 1572 non
973 1530 1182 1586 abigeret,
1201 1530 1373 1586 inquit:
1402 1530 1517 1574 Cum

65 1599 200 1643 talem
227 1598 346 1655 domi
374 1598 605 1655 perpetior,
634 1598 831 1642 insuesco
860 1602 906 1641 et
944 1613 1147 1642 exerceor
1183 1602 1237 1642 ut
1274 1602 1518 1643 ceterorum

65 1681 238 1724 quoque
257 1665 366 1709 foris
384 1666 675 1722 petulantiam
690 1669 736 1709 et
754 1667 962 1709 iniuriam
982 1666 1156 1710 facilius
1176 1667 1329 1711 feram.
1365 1669 1517 1712 Veteri

64 1735 310 1780 celebratur
333 1734 566 1791 prouerbio
592 1735 697 1791 quia
722 1749 887 1778 uacuae
913 1749 1070 1778 manus
1099 1736 1333 1779 temeraria
1361 1738 1518 1793 petitio

66 1806 160 1855 est;
202 1805 248 1846 et
276 1801 474 1859 profecto
501 1802 780 1859 importunus
807 1806 1008 1860 precator
1038 1806 1105 1846 est
1140 1804 1215 1860 qui
1248 1805 1416 1848 dandas
1449 1820 1519 1848 res

67 1871 126 1914 ad
158 1871 296 1914 uerba
328 1870 519 1914 confidit.
576 1871 819 1928 Vtrobique
850 1872 967 1915 enim
995 1872 1161 1916 scilicet
1188 1874 1307 1929 apud
1336 1874 1520 1917 curiales

31 1954 52 1990 5
69 1943 116 1983 et
142 1939 331 1982 medicos
357 1938 550 1981 obtinet:

241 2012 326 2055 Pro
354 2012 457 2054 solis
484 2013 631 2055 uerbis
658 2013 880 2056 montanis
908 2013 1077 2058 utimur
1104 2013 1278 2065 herbis;

238 2083 319 2126 pro
347 2069 459 2112 caris
488 2070 619 2112 rebus
646 2070 883 2127 pigmentis
912 2074 958 2113 et
986 2071 1223 2126 speciebus.

71 2172 115 2200 12
136 2167 218 2209 post
232 2161 361 2198 Nichil
377 2163 459 2197 add.
478 2160 580 2196 enim
602 2160 642 2195 M
798 2169 839 2204 17
864 2159 1080 2213 alcypiades
1095 2160 1136 2196 M
1228 2162 1461 2207 xantyppem
1479 2160 1518 2195 Μ

70 2212 114 2249 18
131 2214 409 2256 poetmorosam
424 2209 506 2243 add.
525 2209 564 2244 et
579 2207 613 2242 A
752 2216 794 2253 25
822 2207 971 2253 optinet
985 2207 1051 2242 BA

117 2297 140 2331 4
163 2288 261 2322 Dum
276 2286 379 2329 dolet,
395 2286 533 2330 accipe:
557 2295 590 2317 v.
607 2293 720 2327 supra
735 2281 774 2317 ii.
793 2291 838 2327 ²9
856 2281 941 2326 (476
952 2282 989 2322 c)
1010 2283 1048 2318 et
1065 2282 1174 2317 notas
1190 2281 1238 2317 ad
1254 2281 1325 2317 loc.
1478 2291 1520 2327 13

74 2335 169 2379 Quid
185 2334 282 2369 em'm
298 2333 463 2367 miserius
479 2332 570 2366 etc.:
595 2328 642 2364 cf.
661 2328 914 2374 Shakespeare
930 2330 1077 2364 Hamlet
1092 2327 1146 2365 iii.
1167 2338 1196 2364 1.
1215 2337 1332 2372 70-74

255 2380 332 2414 For
353 2379 429 2414 who
452 2378 568 2413 would
592 2377 675 2411 bear
696 2376 752 2410 the
775 2376 888 2420 whips
911 2377 987 2410 and
1010 2387 1131 2411 socrus
1153 2377 1198 2420 os
1215 2377 1311 2419 time,

259 2427 332 2461 The
354 2423 571 2470 oppressor's
594 2434 724 2467 wrong,
749 2423 805 2457 the
825 2424 945 2467 proud
968 2423 1084 2458 man’s
1106 2423 1312 2467 contumely‚

261 2520 338 2555 The
361 2519 534 2553 insolenoe
557 2517 602 2559 οἰ
619 2517 713 2561 office
736 2517 811 2551 and
834 2516 890 2550 the
913 2527 1048 2560 opums

262 2567 354 2601 Thac
372 2567 514 2610 patient
537 2564 640 2597 merit
662 2564 707 2607 of
723 2563 781 2597 the
803 2563 993 2607 unworthy
1016 2563 1122 2604 takes,
1142 2563 1212 2597 etc.

74 2614 120 2650 16
143 2613 304 2648 Socrates
332 2613 421 2648 ete.:
446 2622 477 2645 v.
494 2609 590 2646 Gell.
609 2608 635 2643 i.
654 2617 693 2652 17
710 2607 751 2654 ἕξ
771 2619 848 2653 1—3.
991 2618 1035 2644 22
1060 2620 1195 2643 uacuae
1218 2611 1313 2644 ete.:
1339 2607 1419 2644 Hoc
1444 2619 1525 2654 pro-

72 2658 242 2696 verbium
265 2657 358 2694 alibi
382 2669 458 2693 non
484 2655 644 2702 repperi.
760 2656 804 2691 26
828 2657 900 2690 Pro
914 2657 1002 2690 solis
1024 2655 1142 2690 uerbis
1165 2656 1259 2691 etc.:
1283 2654 1333 2693 Hi
1349 2654 1523 2691 versiculi

74 2707 228 2742 exstant
252 2704 295 2740 in
322 2703 544 2750 quibusdam
570 2703 769 2747 Reyiminis
795 2703 973 2738 Sanitatis
997 2712 1062 2737 seu
1093 2702 1238 2737 Scholae
1268 2703 1523 2738 Salernitanae

75 2751 305 2788 editionibus
323 2753 475 2796 (Collect.
489 2751 657 2786 Salernit.
676 2748 791 2793 Neap.
809 2749 898 2795 1859
909 2750 998 2785 tom.
1009 2761 1041 2785 v.
1050 2759 1086 2794 p.
1102 2757 1186 2794 1035
1212 2748 1350 2786 Meaux
1360 2747 1523 2784 St-Marc

75 2789 227 2836 L'E'coze
242 2800 285 2834 de
300 2799 446 2834 Saleme
462 2796 544 2832 Par.
563 2797 654 2832 1880
668 2806 704 2841 p.
725 2795 822 2841 266).

1353 2866 1416 2902 3²7
