1878 3172
125 168 214 207 400
233 159 262 198 b
613 156 813 200 IOANN
816 155 873 199 IS
903 154 1415 199 SARESBERIENSIS
1600 156 1712 213 [ΜΒ.
1727 167 1746 199 Ι

283 277 550 320 societatem.
609 276 720 333 Regi
745 290 918 332 quoque
938 275 1166 318 Demetrio
1191 275 1239 317 in
1259 275 1544 332 obprobrium
1563 274 1746 333 puerilis

283 346 481 388 leuitatis
502 345 582 388 tali
603 345 726 388 aurei
753 360 780 387 a
805 359 908 402 rege
936 345 1202 387 Parthorum
1229 344 1324 387 dati
1349 347 1466 388 sunt.
1525 345 1590 387 Eo
1610 344 1745 401 siqui-

283 415 383 457 dem
412 429 594 457 munere
625 413 939 457 exhonoranda
968 413 1066 456 uisa
1096 416 1163 456 est
1192 413 1486 456 adolescentia
1515 413 1677 468 senilis,
1701 415 1746 456 et

241 499 266 528 c
284 499 395 541 quae
431 484 479 526 in
510 484 742 526 maiestate
777 483 902 540 regni
934 483 1052 525 leuia
1086 483 1361 526 committere
1400 483 1582 525 minime
1621 497 1747 525 uere-

282 553 427 596 batur.
486 553 618 596 Nunc
656 567 762 595 uero
801 552 1016 594 nobilium
1056 552 1103 594 in
1143 567 1193 594 eo
1232 551 1451 608 sapientia
1485 551 1746 606 declaratur,
1765 566 1783 600 5

283 623 320 665 si
359 622 608 665 uenaticam
655 622 873 676 nouerint,
914 622 951 664 si
990 621 1037 663 in
1077 620 1174 663 alea
1213 621 1539 678 dampnabilius
1577 620 1748 664 fuerint

283 691 493 746 instituti,
521 690 558 733 si
590 693 777 733 naturae
811 690 947 732 robur
973 690 1250 732 effeminatae
1279 690 1401 732 uocis
1432 690 1631 732 articulis
1660 689 1747 732 fre-

283 760 443 817 gerint,
456 760 493 802 si
513 760 654 802 modis
675 763 720 802 et
740 759 918 802 musicis
938 759 1246 802 instrumentis
1269 760 1453 803 uirtutis
1473 760 1749 802 immemores

284 829 605 872 obliuiscantur
633 829 750 885 quod
780 829 876 871 nati
907 832 1024 872 sunt.
1101 829 1266 871 Verum
1297 844 1324 872 a
1353 829 1612 886 parentibus
1640 829 1748 871 haec

283 898 497 954 pernicies
526 901 679 940 manat
709 898 765 940 ad
794 898 967 941 liberos.
1042 898 1161 950 Quid
1191 899 1309 941 enim
1338 898 1473 942 faciet
1501 899 1632 954 filius,
1661 897 1748 941 nisi
1768 911 1809 934 10

284 967 401 1024 quod
432 970 604 1024 patrem
633 967 799 1010 uiderit
829 967 1098 1011 facientem?

400 1056 450 1099 Si
481 1057 723 1113 dampnosa
752 1071 900 1099 senem
929 1057 1058 1099 iuuat
1087 1057 1194 1107 alea,
1223 1057 1339 1100 ludit
1369 1060 1415 1100 et
1444 1058 1570 1100 heres

399 1115 607 1164 bullatus,
637 1130 863 1171 paruoque
894 1115 1045 1158 eadem
1075 1118 1225 1158 mouet
1255 1130 1378 1158 arma
1408 1115 1584 1158 fretillo.

284 1203 449 1246 Fuerat
485 1204 663 1260 quidem
698 1204 892 1247 tenerior
927 1207 1021 1247 etas
1060 1219 1087 1247 a
1126 1204 1386 1247 libidinibus
1426 1207 1472 1248 et
1515 1204 1747 1261 uoluptate

282 1275 466 1329 parente
491 1273 704 1316 uitiorum
728 1274 916 1316 arcenda
943 1274 1227 1331 propensius3
1259 1276 1303 1316 et
1323 1289 1379 1317 ne
1406 1274 1514 1330 quid
1541 1273 1746 1317 licentius
1769 1291 1807 1324 15

285 1342 374 1384 illis
399 1343 706 1399 praesentibus
726 1358 752 1385 a
772 1343 1013 1386 maioribus
1039 1343 1177 1399 fieret,
1198 1343 1456 1401 diligentius
1482 1358 1746 1400 praecauen-

241 1411 270 1452 d
287 1410 405 1466 dum,
427 1411 541 1467 quia,
562 1415 615 1454 ut
634 1411 751 1454 idem
772 1411 836 1454 ait
856 1412 1071 1466 satiricus,

863 1494 1024 1537 fortius
1054 1498 1099 1537 et
1129 1495 1260 1538 citius
1289 1511 1368 1538 nos

399 1555 687 1608 corrumpunt
717 1552 929 1595 uitiorum
959 1553 1161 1609 exempla
1189 1554 1439 1605 domestica,
1469 1554 1642 1611 magnis

400 1624 500 1653 cum
530 1611 722 1653 subeunt
751 1610 920 1653 animos
949 1611 1213 1654 auctoribus.
1768 1630 1811 1652 20

287 1692 474 1750 Egregie
506 1693 684 1749 quidem
721 1693 967 1748 Eleazarus,
1002 1708 1102 1736 cum
1136 1694 1416 1737 redimendae
1455 1695 1577 1737 uitae
1616 1708 1748 1738 causa

286 1762 599 1804 sollicitaretur
630 1762 903 1805 committere
938 1762 985 1804 in
1020 1763 1162 1820 legem
1193 1763 1384 1819 Domini,
1414 1763 1604 1821 exempli
1634 1763 1748 1820 peri-

285 1831 434 1874 culum
453 1831 671 1888 opposuit,
692 1831 840 1874 dicens
858 1849 866 1873 ι
899 1831 1009 1884 Quis
1030 1847 1110 1889 ego
1131 1847 1228 1875 sum
1250 1833 1486 1876 Eleazarus
1505 1833 1750 1890 nonaginta

287 1914 516 1955 annorum,
537 1902 590 1943 ut
615 1903 838 1942 transeam
862 1900 919 1942 ad
946 1901 1088 1943 uitam
1116 1902 1464 1959 alienigenarum
1495 1905 1540 1945 et
1566 1902 1749 1945 iuuenes

287 1969 514 2026 religiosos
544 1969 782 2013 seducam?
856 1969 1116 2012 Nascuntur
1150 1986 1254 2028 ergo
1289 1971 1530 2014 maioribus
1565 1971 1748 2014 heredes
1768 1988 1808 2022 ²5

289 2038 466 2094 quidem
495 2038 731 2095 degeneres
761 2041 806 2081 et
834 2039 911 2095 qui
940 2039 1116 2082 uirilem
1143 2054 1299 2083 sexum
1329 2041 1534 2084 muliebri
1563 2040 1749 2084 mollitie

288 2107 591 2150 dehonestant.

291 2250 304 2275 1
333 2237 575 2285 opprobrium
591 2237 625 2273 A
766 2240 789 2276 6
813 2238 1065 2276 damnabilius
1083 2238 1107 2275 S
1263 2251 1306 2278 12
1331 2241 1513 2278 damnosa
1531 2240 1555 2276 S
1706 2251 1750 2288 19

288 2319 580 2356 domesticorum
599 2319 682 2355 CB:
708 2287 1002 2357 donfggltiffirum
1019 2300 1057 2357 A*

339 2450 354 2475 1
381 2441 471 2485 Regi
489 2443 580 2478 ete:
600 2441 736 2477 Iustin.
750 2441 901 2479 xxxviii.
920 2454 942 2489 9
958 2445 975 2487 ξ
992 2454 1026 2488 9.
1067 2442 1194 2479 Etiam
1210 2443 1310 2480 hanc
1327 2442 1527 2480 historiam
1544 2455 1590 2479 ex
1608 2442 1748 2479 Ioanne

289 2485 433 2524 Saresb.
451 2487 544 2523 citat
561 2488 739 2525 Chaucer.
758 2491 975 2526 Pardoner's
995 2492 1080 2526 Tale
1094 2492 1222 2536 621—9.
1358 2501 1401 2526 10
1428 2492 1524 2535 Quid
1540 2492 1638 2526 enim
1654 2492 1748 2527 etc.:

287 2547 320 2569 v.
340 2534 470 2570 Ioann.
489 2547 520 2570 v,
543 2537 594 2571 18.
742 2547 783 2572 12
808 2539 850 2572 Si
868 2539 1069 2584 dampnosa
1085 2540 1172 2574 etc-z
1197 2538 1275 2573 Iuv.
1292 2539 1368 2574 Sat.
1385 2537 1457 2574 n'v.
1474 2547 1509 2582 4,
1527 2547 1558 2583 5.
1706 2539 1748 2574 18

278 2583 419 2627 fortius
443 2583 539 2618 etc.:
574 2582 650 2618 IuV.
674 2585 747 2619 Sat.
777 2583 849 2620 xiV.
876 2595 968 2630 31—3
996 2587 1165 2632 (uelocius
1192 2590 1224 2620 et
1251 2587 1359 2620 citius
1385 2584 1502 2621 habet
1531 2584 1750 2631 Iuvenalis).

289 2638 331 2663 21
367 2630 517 2674 Eyreyie
546 2632 639 2665 etc.:
672 2642 705 2666 v.
735 2641 755 2666 2
789 2632 906 2668 Mace.
940 2632 988 2667 vi.
1014 2643 1060 2677 24
1088 2643 1188 2678 seqq.
1221 2632 1348 2668 forsan
1381 2644 1455 2668 sec.
1484 2631 1601 2668 aliam
1634 2644 1750 2678 quam

288 2674 483 2721 vulgatam
510 2675 716 2712 versionem
746 2678 809 2723 (cf.
836 2679 1020 2724 Sabatier,
1047 2682 1144 2717 Bibl.
1167 2681 1267 2715 Sacr.
1291 2681 1373 2716 Lat.
1404 2681 1499 2716 Vers.
1524 2680 1673 2726 Antiqu.
1699 2679 1750 2722 ii;

290 2721 379 2766 Mai,
398 2725 520 2768 Spicil.
537 2725 637 2760 Rom.
655 2724 706 2761 ix.
723 2726 819 2771 App.
837 2727 908 2772 60).

400 2846 440 2887 38
