1878 3172
79 154 179 188 ω.
192 141 317 203 1111]
576 143 1026 189 ,POLIGRATIGVS
1547 148 1635 196 449
1655 151 1679 186 e

79 260 166 304 Dei
197 262 448 306 scientiolae
485 266 532 307 et
563 264 836 307 ratiunculae
874 278 996 307 meae
1034 263 1205 321 legibus
1238 278 1328 307 non
1361 266 1533 317 coarto3

80 345 162 374 nec
191 331 232 374 ei
263 331 408 382 finem,
442 346 571 388 quem
604 347 694 376 non
724 333 870 384 habet,
900 333 1090 390 impono.
1148 332 1249 376 Scio
1283 334 1400 376 enim
1430 334 1538 390 quia

78 400 230 443 omnia
261 403 430 457 potest3
469 402 547 444 sed
576 405 725 446 tamen
756 402 861 458 quia
890 401 1096 445 mendose
1128 401 1298 459 colligis
1331 406 1535 458 patenter

81 468 222 512 uideo.
280 469 428 512 Primo
457 470 561 526 quia
589 470 767 514 diuinae
792 471 1037 514 maiestatis
1066 470 1407 513 immensitatem
1433 485 1534 527 par-

41 547 64 589 3
82 537 238 580 uitatis
289 537 508 581 humanae
564 539 742 582 modulo
797 539 1127 589 circumscribis,
1182 542 1228 582 et
1285 539 1535 582 eternitatis

80 605 400 648 immutabilem
431 610 598 649 statum
631 607 874 650 labentium
908 623 1055 651 rerum
1090 608 1282 665 imagine
1316 611 1363 650 et
1390 622 1534 651 succe·

80 673 281 717 dentium
314 675 400 717 sibi
431 677 678 732 temporum
711 677 928 720 uarietate
961 677 1211 734 distinguis.
1286 676 1375 720 Sed
1405 677 1535 734 longe

80 756 205 786 secus
241 757 335 786 esse
372 743 456 794 hic,
490 748 623 801 atque
661 745 710 787 in
740 745 811 788 his
844 760 901 789 ex
924 745 1300 802 *praecedentibus
1337 746 1537 802 oportuit

81 811 262 868 concipi,
309 827 410 856 cum
458 814 707 857 eternitatis
754 817 923 857 statum
970 814 1119 857 nullus
1162 815 1340 858 omnino
1389 818 1538 857 motus

24 895 67 920 10
82 880 289 937 attingat,
316 884 363 924 et
396 885 599 925 creatura
629 883 850 939 quaelibet
888 897 1062 926 accessu
1100 883 1172 926 uel
1210 883 1388 926 decessu
1426 884 1536 926 acci-

81 946 282 991 dentium
325 955 566 994 moueatur.
645 951 792 994 Homo
834 952 1050 1008 siquidem
1098 953 1136 995 si
1180 953 1288 1008 quid
1331 952 1537 1009 prouidet

81 1013 346 1068 futurorum,
365 1020 518 1062 statim
544 1023 736 1063 mentem
762 1020 857 1063 eius
883 1020 1063 1076 quidam
1089 1024 1236 1064 motus
1264 1021 1533 1078 aggreditur,

80 1087 135 1128 ut
174 1086 349 1130 animus
388 1088 578 1144 quadam
617 1089 908 1146 applicatione
951 1090 1020 1132 sui
1060 1090 1117 1132 ad
1159 1090 1282 1133 aliud
1324 1090 1444 1147 apud
1486 1104 1531 1133 se
1548 1095 1579 1134 cl

81 1152 225 1196 futuri
257 1156 401 1212 operis
438 1157 624 1213 speciem
662 1158 941 1215 praefiguret,
971 1158 1239 1215 eandemque
1276 1159 1534 1216 plerumque

22 1237 66 1272 1⁵
82 1237 199 1267 nunc
227 1225 353 1281 quasi
381 1225 429 1267 in
457 1226 650 1269 archiuis
678 1227 916 1270 memoriae
940 1227 1185 1284 depositam
1214 1228 1399 1284 reponit,
1418 1242 1536 1270 nunc

81 1291 208 1348 quasi
249 1292 298 1336 in
338 1294 514 1350 speculo
552 1295 732 1338 natiuae
770 1295 982 1352 puritatis
1018 1296 1202 1353 replicat
1240 1299 1287 1339 et
1330 1297 1535 1339 reuoluit.

82 1360 272 1405 Facilius
299 1362 416 1405 enim
446 1366 514 1406 est
540 1367 710 1406 motum
740 1365 858 1407 hunc
886 1365 943 1407 ab
969 1365 1117 1408 animo
1145 1366 1324 1408 omnino
1353 1365 1536 1408 deficere

81 1442 214 1485 quam
251 1431 619 1488 contemplatione
657 1432 751 1490 iugi
791 1433 938 1476 animo
975 1433 1187 1476 inherere.
1260 1433 1320 1477 Et
1357 1434 1535 1490 quidem

81 1497 154 1541 hic
178 1501 336 1550 motus,
361 1500 400 1542 si
428 1515 518 1543 non
546 1501 826 1558 prouidentia
851 1505 929 1551 est,
957 1506 1038 1547 aut
1063 1502 1389 1559 prouidentiam
1417 1503 1537 1559 parit

24 1582 68 1607 20
83 1568 164 1609 aut
192 1566 234 1609 ei
263 1567 572 1626 cuiuscumque
605 1569 768 1613 federis
798 1571 959 1614 notitia
989 1572 1222 1615 uicinatur.
1286 1570 1400 1615 Cum
1430 1586 1537 1614 uero

81 1637 229 1678 motus
256 1637 518 1692 praecedens
551 1641 597 1681 et
625 1653 682 1681 ex
710 1653 763 1682 ea
789 1643 999 1696 concepta
1025 1641 1189 1697 species
1221 1640 1363 1683 futuri
1392 1642 1537 1698 operis

81 1704 259 1761 sequela
295 1704 550 1757 frustratur,
588 1708 734 1751 inanis
779 1712 847 1751 est
885 1709 1072 1766 agitatio
1110 1710 1282 1759 mentis,
1322 1713 1368 1752 et
1410 1711 1535 1765 quasi

81 1772 239 1819 umbra
256 1773 306 1816 in
328 1775 522 1831 sompnis
544 1775 639 1818 sine
665 1777 869 1820 ueritatis
894 1792 1074 1834 corpore
1097 1778 1329 1821 euanescit,
1388 1778 1537 1821 Motus

82 1842 243 1891 tamen,
262 1842 367 1898 quia
392 1843 536 1899 reipsa
562 1843 652 1886 fuit
676 1844 724 1886 in
750 1845 908 1895 anima,
928 1860 1017 1888 non
1046 1849 1193 1902 potest
1219 1861 1308 1889 non
1332 1846 1469 1889 fuisse
1488 1847 1537 1888 in

25 1927 67 1961 ²⁵
84 1909 244 1959 anima,
262 1913 309 1952 et
329 1910 488 1961 anima,
509 1925 620 1967 quae
640 1916 787 1956 motus
805 1914 1048 1970 agitatione
1067 1918 1188 1957 mota
1208 1918 1287 1964 est,
1307 1929 1396 1957 non
1415 1918 1537 1957 mota

82 1991 173 2020 non
201 1977 338 2021 fuisse
363 1993 453 2021 non
481 1983 639 2035 potest.
698 1981 832 2024 Porro
860 1982 1037 2025 diuinae
1066 1982 1363 2039 simplicitatis
1391 1986 1535 2025 status
1550 1993 1630 2032 450
1650 1994 1681 2022 a

82 2045 212 2103 longe
230 2046 318 2088 alia
336 2047 528 2090 conditio
555 2051 632 2091 est.
691 2049 756 2091 Ea
784 2050 1000 2105 siquidem
1026 2065 1115 2093 uno
1134 2050 1321 2106 simplici
1348 2054 1394 2093 et
1419 2051 1535 2093 indi—

83 2114 220 2157 uiduo
242 2118 432 2171 aspectu,
454 2118 504 2158 ut
529 2117 801 2172 praedictum
831 2121 908 2167 est,
928 2133 1040 2174 quae
1063 2123 1179 2168 sunt,
1200 2133 1311 2174 quae
1341 2119 1536 2170 fuerunt,

84 2185 131 2226 et
158 2197 271 2239 quae
299 2182 455 2226 futura
483 2188 598 2234 sunt,
624 2186 771 2227 omnia
798 2187 1130 2243 contemplatur,
1155 2187 1363 2243 nulloque
1389 2202 1536 2230 rerum

24 2268 68 2301 30
83 2251 364 2294 mutabilium
395 2251 522 2308 lapsu
555 2256 769 2303 mouetur,
799 2254 876 2296 sed
909 2255 957 2296 in
987 2255 1131 2311 seipsa
1164 2255 1296 2297 semel
1326 2259 1371 2298 et
1404 2257 1536 2299 simul

82 2322 295 2363 contuens
313 2320 521 2363 uniuersa
538 2321 739 2364 subsistit
757 2321 1043 2372 inuariabilis,

313 2410 569 2468 stabilisque
597 2426 779 2454 manens
807 2411 886 2455 dat
909 2412 1072 2456 'cuncta
1098 2414 1278 2458 moueri.

86 2501 146 2544 Et
172 2501 277 2544 licet
305 2502 344 2545 ei
374 2502 596 2545 interdum
625 2502 852 2559 praeteriti
881 2504 1090 2560 temporis
1118 2508 1198 2547 aut
1226 2504 1368 2548 futuri
1398 2507 1535 2550 uerba

85 2620 131 2646 22
154 2612 384 2646 monstratur
399 2610 445 2647 A¹
554 2621 599 2657 23
624 2610 762 2647 somnis
779 2610 805 2647 S
922 2621 968 2658 29
990 2611 1135 2659 futura]
1153 2615 1315 2650 uentura
1330 2613 1371 2650 M
1490 2625 1535 2662 33

85 2656 276 2693 interdum
292 2657 330 2694 ei
346 2658 386 2693 M

132 2763 178 2800 32
201 2755 405 2801 stabilisque
420 2758 492 2793 etc.
509 2767 519 2793 ε
546 2755 679 2793 Boeth.
697 2756 793 2791 Phil.
814 2757 950 2792 Con-⁹01.
969 2755 1024 2792 iii.
1044 2756 1154 2794 Metr.
1171 2767 1204 2803 9.
1223 2757 1249 2793 L
1267 2768 1299 2804 3.

1365 2839 1403 2862 12
1407 2839 1427 2871 3
