1878 3172
120 146 274 217 paon]
628 146 1065 192 PoLICRA'rIcvs

124 268 342 312 similibus
381 267 607 326 arguenda
645 267 901 312 describere.
980 267 1054 310 Sic
1092 267 1211 310 enim
1249 281 1350 310 cum
1389 265 1580 323 ineptias

124 351 227 380 suas
264 337 402 380 lector
438 337 511 379 uel
549 337 727 380 auditor
761 339 983 394 agnoscet,
1016 336 1128 379 illud
1167 336 1361 379 ethicum
1401 335 1580 378 reducet

124 405 182 448 ad
215 405 424 456 animum,
454 405 560 462 quia
592 408 765 448 mutato
794 405 971 448 nomine
1004 405 1059 448 de
1090 419 1137 447 se
1167 404 1321 447 fabula
1350 406 1581 454 narratur;

123 474 356 532 praecipue
399 488 498 517 cum
537 488 687 517 omnes
725 474 932 517 nouerint
970 474 1149 530 quantis
1196 476 1250 516 tu
1297 472 1578 516 serietatibus

32 546 38 551 '
81 561 108 601 ,5
124 543 346 600 occuperis
384 543 559 600 iugiter.
637 543 712 586 Sic
750 543 855 585 dum
894 542 1004 585 alios
1043 542 1197 585 doceat
1246 523 1578 584 Seneffsuum
1596 544 1625 582 b

71 606 94 655 f
124 614 275 654 monet
305 612 534 655 Lucilium.
602 611 674 654 Ad
706 611 952 654 Occeanum
987 614 1032 654 et
1064 611 1392 653 Pammachium
1426 609 1581 652 scribit

125 680 383 731 leronimus,
403 684 449 723 et
468 681 654 723 aliorum
680 681 937 737 plerumque
960 680 1150 737 castigat
1175 694 1389 723 excessus.
1450 679 1581 732 Quis·

126 749 226 806 quis
258 752 407 792 autem
438 749 706 791 blandientis
740 751 947 792 causatur
979 749 1181 805 ineptias,
1212 748 1440 806 negotium
1478 762 1579 795 cum

126 820 323 875 tempore
342 818 564 870 metiatur,
584 821 630 860 et
649 817 783 876 (quod
812 818 1024 874 sapientis
1053 818 1138 875 est)
1158 833 1215 860 ex
1234 817 1378 861 causis
1404 816 1578 872 dicendi

66 901 112 940 1ο
127 887 247 929 dicta
266 886 506 929 diiudicet.
565 886 615 929 Si
654 886 761 943 quid
801 889 950 929 autem
984 887 1175 943 cuipiam
1209 886 1407 943 asperius
1441 888 1582 936 sonat,

126 969 217 998 non
246 955 295 997 in
326 970 373 997 se
404 955 638 1011 quicquam
673 955 841 998 dictum
871 955 1058 1007 nouerit,
1087 955 1163 998 sed
1195 955 1243 997 in
1276 955 1505 1012 meipsum,
1535 956 1582 996 et

127 1023 291 1066 similes
319 1023 417 1073 mei,
437 1023 514 1079 qui
544 1038 712 1066 mecum
743 1024 928 1080 cupiunt
957 1024 1193 1076 emendari,
1223 1027 1302 1066 aut
1325 1024 1373 1065 in
1402 1038 1475 1066 eos
1505 1022 1582 1078 qui

127 1092 307 1149 collapsi
355 1092 403 1134 in
451 1091 547 1134 fata
602 1107 774 1135 omnem
830 1093 1211 1149 reprehensionem
1262 1091 1583 1148 aequanimiter

127 1160 293 1204 ferunt.
349 1160 470 1203 Noui
500 1161 616 1203 enim
648 1162 752 1218 quia
782 1162 894 1204 nulli
924 1162 1075 1219 grauis
1105 1176 1335 1218 percussus
1366 1160 1582 1204 Achilles:

70 1242 112 1289 35
129 1233 175 1273 et
205 1244 410 1287 praesens
448 1233 571 1272 aetas
604 1231 842 1287 corrigitur
875 1231 980 1273 dum
1015 1231 1255 1287 praeterita
1289 1231 1380 1273 suis
1413 1229 1584 1272 meritis

128 1299 400 1356 obiurgatur.
478 1299 551 1342 Sic
590 1299 696 1342 dum
741 1300 998 1356 corrigatur,
1038 1300 1219 1342 Oratius
1258 1299 1393 1342 etiam
1431 1298 1584 1350 seruiS,

129 1370 182 1410 ut
211 1367 441 1411 Decembri
470 1367 675 1410 libertate
703 1371 901 1420 utantur,
931 1368 1143 1425 indulget.

304 1470 445 1513 Omne
473 1470 602 1513 uafer
629 1471 791 1513 uitium
821 1471 984 1513 ridenti
1014 1471 1195 1513 Flaccus
1224 1470 1364 1513 amico

302 1528 462 1585 tangit,
492 1531 537 1571 et
565 1528 782 1571 admissus
811 1529 974 1571 circum
1003 1529 1256 1585 praecordia
1285 1528 1412 1570 ludit.

73 1637 116 1662 πο
133 1623 256 1677 Quae
294 1638 400 1667 uero
439 1625 496 1667 ad
535 1640 628 1667 rem
666 1626 936 1682 pertinentia
968 1640 996 1668 a
1029 1626 1214 1668 diuersis
1248 1625 1501 1667 auctoribus
1540 1639 1586 1667 se

132 1693 280 1736 animo
318 1693 590 1750 ingerebant,
629 1694 734 1736 dum
774 1694 1026 1736 conferrent
1063 1697 1143 1736 aut
1181 1694 1399 1745 iuuarent,
1433 1692 1586 1736 curaui

131 1761 333 1817 inserere,
360 1762 509 1805 tacitis
538 1763 760 1805 interdum
789 1762 1040 1804 nominibus
1066 1765 1295 1805 auctorum
1307 1777 1317 1814 3
1356 1765 1454 1805 tum
1482 1762 1586 1818 quia

0 1845 3 1856 ·
74 1878 76 1881 v
132 1830 217 1873 tibi
247 1834 402 1886 utpote
432 1831 672 1874 exercitato
701 1832 748 1872 in
774 1831 936 1873 litteris
965 1831 1173 1887 pleraque
1199 1831 1451 1887 plenissime
1479 1820 1587 1873 nota

133 1913 226 1942 esse
255 1914 491 1951 noueram3
534 1904 631 1942 tum
663 1904 716 1942 ut
745 1901 802 1942 ad
832 1901 1063 1943 lectionem
1097 1901 1317 1943 assiduam
1347 1901 1488 1957 magis
1518 1914 1586 1942 ac—

75 1981 116 2015 ²5
133 1968 394 2010 cenderetur
412 1969 603 2025 ignarus.
663 1969 718 2010 In
746 1969 904 2024 quibus
929 1969 966 2010 si
993 1969 1100 2024 quid
1126 1984 1153 2010 a
1178 1969 1265 2011 fide
1291 1970 1386 2011 ueri
1412 1969 1586 2025 longius

133 2037 270 2086 abest,
299 2037 433 2079 michi
462 2037 637 2078 ueniam
667 2037 815 2079 deberi
845 2037 1026 2086 confido,
1056 2038 1132 2092 qui
1161 2053 1250 2079 non
1284 2038 1443 2089 omnia,
1474 2051 1587 2092 quae

134 2105 206 2147 hic
232 2105 496 2155 scribuntur,
516 2119 623 2147 uera
650 2119 742 2147 esse
768 2106 991 2160 promitto,
1012 2106 1087 2148 sed
1117 2106 1211 2147 siue
1238 2120 1344 2147 uera
1370 2120 1447 2147 seu
1473 2104 1587 2147 falsa

134 2173 236 2223 sint,
256 2173 496 2229 legentium
516 2173 667 2215 usibus
694 2173 917 2215 inseruire.
976 2174 1131 2229 Neque
1158 2174 1274 2215 enim
1300 2173 1410 2215 adeo
1436 2188 1588 2216 excors

135 2256 247 2293 sum,
266 2244 319 2284 ut
346 2256 426 2297 pro
454 2256 559 2284 uero
586 2244 794 2293 astruam,
821 2242 925 2297 quia
950 2242 1155 2297 pennatis
1181 2242 1338 2284 auibus
1366 2242 1587 2297 quondam

138 2397 157 2435 5
176 2388 284 2425 docet
297 2387 363 2423 SM
450 2389 473 2424 6
490 2386 756 2434 pammachium
768 2387 834 2423 SM
925 2397 967 2423 12
984 2387 1060 2423 mei
1071 2387 1210 2424 similes
1222 2387 1256 2422 A

186 2531 207 2565 3
232 2525 368 2556 mutato
384 2522 477 2557 etc.:
503 2520 591 2556 Hor.
607 2521 682 2555 Sat.
700 2519 725 2555 i.
746 2529 775 2555 1.
789 2521 845 2564 69,
860 2528 916 2563 70.
1060 2530 1103 2555 10
1126 2521 1167 2555 Si
1182 2522 1270 2566 quid
1285 2525 1403 2556 autem
1420 2522 1488 2557 etc.
1504 2534 1513 2557 :
1540 2521 1587 2557 cf.

137 2566 352 2603 Jusserand.
378 2569 451 2603 Lit.
480 2569 576 2603 Hist.
602 2569 647 2612 of
664 2569 720 2602 the
747 2568 900 2611 Enylish
927 2568 1062 2612 People,
1092 2579 1127 2612 p.
1158 2569 1224 2612 189
1235 2580 1270 2602 n.
1429 2579 1470 2612 14
1494 2571 1590 2603 nulli

136 2615 266 2659 yrauis
281 2616 370 2650 ete:
402 2615 479 2651 Iuv.
496 2617 568 2650 Sat.
586 2614 610 2649 i.
633 2615 707 2658 163.
806 2622 847 2656 17
874 2614 1056 2648 Decembri
1071 2615 1232 2650 libertate
1248 2620 1416 2651 utantur:
1448 2628 1478 2651 v.
1497 2616 1587 2651 Hor.

137 2662 212 2696 Sat.
230 2660 269 2696 11.
295 2670 327 2703 7.
352 2672 384 2705 4,
412 2670 443 2706 5.
612 2662 653 2696 18
681 2662 789 2696 Omne
813 2662 906 2696 etc:
934 2660 1031 2696 Pers.
1057 2663 1130 2696 Sat.
1150 2661 1175 2697 i.
1204 2663 1281 2705 116,
1302 2671 1390 2706 1173
1417 2663 1464 2698 cf.
1488 2662 1589 2697 infra

138 2709 267 2799 P011'c)r.
291 2707 346 2743 111.
382 2718 435 2752 14.
637 2718 682 2753 29
701 2709 872 2753 pennatis
896 2708 989 2743 etc:
1024 2707 1155 2744 Avian.
1192 2710 1282 2744 Fab.
1315 2708 1345 2744 ii
1379 2709 1450 2755 (ed.
1483 2708 1588 2751 Ellis,

1443 2836 1482 2869 15

1596 143 1674 194 38⁷
1689 153 1724 198 {²
