1878 3172
96 194 194 227 οΑΡ.
209 181 249 242 1]
608 179 1040 226 POLICRATICVS
1561 187 1633 229 513
1651 180 1681 219 h

95 349 203 409 Cap.
235 365 272 394 1.
328 351 394 395 De
420 349 680 408 differentia
706 349 938 407 primipie
972 353 1010 394 et
1044 348 1243 400 tiranni,
1275 352 1315 394 et
1343 348 1458 406 quid
1488 348 1546 392 sit

706 418 930 475 paimepa

154 520 235 564 Est
269 536 373 579 ergo
406 521 573 564 tiranni
607 523 653 564 et
682 520 893 578 principis
927 520 1034 563 haec
1065 519 1314 563 differentia
1347 520 1440 563 sola
1474 520 1547 563 uel

94 590 300 641 maxima,
319 590 435 647 quod
454 590 525 634 hic
543 590 630 648 legi
649 590 922 646 obtemperat
946 591 992 632 et
1017 588 1111 631 eius
1131 588 1316 632 arbitrio
1335 588 1547 646 populum

58 675 79 709 5
94 659 211 716 regit
230 659 354 702 cuius
374 673 420 702 se
435 659 574 702 credit
588 658 853 710 ministrum,
868 661 914 700 et
932 658 980 699 in
998 657 1062 700 rei
1077 657 1276 714 publicae
1291 657 1546 700 muneribus
1563 670 1588 699 c

95 727 347 771 exercendis
361 730 407 771 et
421 727 626 771 oneribus
645 727 883 770 subeundis
902 726 1011 784 legis
1031 726 1240 769 beneficio
1255 716 1338 769 sibi
1354 726 1546 782 primum

96 796 303 839 nendicat
340 797 496 848 locum,
535 797 583 839 in
622 810 758 853 eoque
796 794 1049 852 praefertur
1086 795 1254 847 ceteris,
1285 795 1413 852 quod,
1447 809 1547 838 cum

94 865 258 922 singuli
302 867 538 908 teneantur
585 865 643 908 ad
686 864 872 921 singula,
909 863 1098 921 principi
1136 878 1269 906 onera
1314 864 1547 906 imminent

94 933 315 978 uniuersa.
372 934 500 976 Vnde
529 934 687 977 merito
721 933 768 975 in
803 947 903 975 eum
934 932 1130 975 omnium
1159 932 1436 975 subditorum
1469 947 1545 990 po-

37 1020 80 1046 ιο
96 1004 233 1045 testas
248 1001 486 1054 confertur,
498 1005 550 1045 ut
564 1003 612 1044 in
624 1002 819 1045 utilitate
834 1001 1107 1058 singulorum
1123 1003 1167 1043 et
1182 1001 1378 1043 omnium
1393 1001 1545 1058 exqui-

94 1070 232 1113 renda
250 1074 296 1114 et
314 1070 516 1114 facienda
535 1071 619 1114 sibi
639 1071 732 1128 ipse
752 1070 950 1121 sufficiat,
963 1072 1008 1112 et
1027 1070 1245 1112 humanae
1265 1070 1327 1112 rei
1346 1070 1548 1127 publicae

93 1141 238 1182 status
260 1139 424 1196 optime
447 1139 718 1196 disponatur,
737 1139 843 1181 dum
870 1142 975 1181 sunt
1002 1138 1115 1181 alter
1138 1138 1320 1181 alterius
1340 1139 1549 1183 membra.

94 1207 151 1250 In
171 1221 257 1264 quo
276 1207 453 1264 quidem
472 1208 684 1265 optimam
703 1207 884 1250 uiuendi
903 1207 1058 1250 ducem
1080 1210 1287 1250 naturam
1311 1207 1549 1264 sequimur,

6 1310 12 1321 s
67 1284 70 1289 '
95 1290 207 1333 quae
225 1276 494 1320 microcosmi
513 1277 596 1328 sui,
616 1276 662 1319 id
681 1279 760 1326 est,
779 1276 933 1318 mundi
952 1276 1146 1327 minoris,
1162 1276 1352 1318 hominis
1371 1276 1548 1327 scilicet,

0 1353 79 1414 [¹5
97 1358 250 1388 sensus
286 1344 514 1388 uniuersos
552 1345 600 1387 in
637 1345 780 1401 capite
818 1344 1060 1394 collocauit,
1084 1340 1139 1386 ⁴et
1178 1344 1218 1386 ei
1249 1345 1311 1387 sic
1341 1345 1549 1387 uniuersa

94 1413 292 1456 membra
328 1413 525 1466 subiecit,
563 1417 616 1456 ut
653 1413 802 1456 omnia
842 1416 958 1456 recte
996 1415 1271 1465 moueantur,
1305 1413 1411 1455 dum
1451 1413 1548 1456 sani

93 1481 251 1539 capitis
269 1485 515 1538 sequuntur
539 1482 785 1526 arbitrium.
843 1482 928 1524 Tot
954 1495 1057 1538 ergo
1077 1484 1122 1524 et
1143 1481 1283 1524 tantis
1301 1482 1547 1539 priuilegiis

93 1563 208 1606 apex
235 1549 489 1606 principalis
517 1550 747 1593 extollitur
776 1552 822 1593 et
855 1549 1128 1606 splendescit,
1163 1552 1272 1606 quot
1300 1553 1345 1592 et
1379 1554 1546 1606 quanta
1561 1553 1590 1593 d

94 1618 179 1662 sibi
206 1619 300 1676 ipse
328 1620 571 1663 necessaria
599 1620 796 1664 credidit.
857 1620 991 1663 Recte
1025 1619 1214 1676 quidem,
1246 1620 1351 1677 quia
1384 1620 1546 1676 populo

35 1705 79 1729 ao
93 1687 230 1731 nichil
259 1688 412 1731 utilius
441 1692 508 1732 est
536 1704 668 1746 quam
697 1693 749 1732 ut
777 1689 988 1746 principis
1021 1689 1255 1732 necessitas
1290 1689 1547 1746 expleatur;

94 1756 256 1813 quippe
278 1771 379 1800 cum
406 1771 486 1801 nec
505 1758 711 1800 uoluntas
741 1758 836 1800 eius
858 1758 1056 1800 iustitiae
1075 1758 1330 1800 inueniatur
1348 1758 1546 1802 aduersa.

10 1814 16 1828 '¹
93 1823 175 1867 Est
218 1839 332 1882 ergo,
370 1828 423 1868 ut
461 1840 562 1868 eum
603 1827 799 1883 plerique
837 1826 1072 1877 diffiniunt,
1110 1827 1313 1883 princeps
1350 1830 1545 1884 potestas

91 1965 116 1999 4
141 1956 380 2000 optemperat
395 1954 430 1989 A

90 2077 184 2150 12023
196 2069 489 2151 vzffiffiffioei‘
514 2067 651 2150 (311de
666 2067 853 2158 ‘32⁰²‘ss
869 2066 1123 2159 §2392Mign24
1135 2068 1402 2150 ἶωῖοσῗῖᾞίῑ
1410 2066 1544 2160 Εῗὲῄῗῄ

0 2166 21 2210 j,
90 2159 306 2197 Bemardus
321 2126 570 2206 Carnoteliisis,
586 2160 712 2196 Nostri
728 2160 919 2207 magister,
937 2162 1164 2196 Breviam'um
1186 2160 1335 2206 scripsit
1351 2163 1394 2196 de
1409 2126 1544 2198 Mun9di

96 2209 340 2253 Univmitate,
361 2207 466 2244 cuius
479 2207 575 2244 liber
590 2208 688 2243 alter
702 2209 954 2243 Microcosmus
965 2207 1114 2249 dicitur,
1127 2209 1167 2242 id
1182 2213 1232 2243 est
1242 2210 1363 2243 minor
1374 2211 1541 2250 mundus,

15 2297 18 2300 ,
90 2254 157 2291 ubi
180 2255 228 2292 de
252 2254 416 2291 hominis
439 2254 629 2292 creatione
651 2253 856 2290 disseritur.
905 2253 1018 2300 Apud
1034 2253 1194 2290 Graecos
1212 2254 1269 2299 (ut
1284 2254 1447 2298 videtur)
1463 2267 1540 2291 non

79 2300 287 2347 >invenitur
309 2304 556 2347 μικρόκοσμοςς
580 2301 626 2337 de
655 2302 771 2348 μικρὸς
796 2303 924 2346 κόσμος
946 2313 978 2336 v.
1006 2300 1155 2337 Lobeck
1186 2303 1454 2347 Aqlaophamus
1476 2315 1540 2348 pp.

90 2358 157 2395 921
170 2359 265 2394 seq.;
292 2347 429 2385 Suicer.
456 2350 558 2384 Thes.
580 2349 712 2384 Eccles.
736 2347 776 2383 ii.
800 2348 881 2392 369,
907 2356 976 2392 370
1001 2347 1045 2393 (s.
1054 2359 1086 2383 v.
1104 2348 1383 2394 Μικρόκοσμος);
1409 2348 1538 2395 Steph.

93 2396 193 2432 Thes.
210 2395 286 2440 (ed.
313 2395 418 2431 Paris
436 2396 541 2441 1841)
563 2394 610 2430 iv.
633 2396 720 2439 1872
747 2395 833 2439 (s-v.
860 2394 1024 2439 Κόσμος).
1072 2394 1127 2430 De
1154 2393 1371 2440 Pythagora
1394 2395 1541 2432 dictum

90 2452 169 2478 esse
193 2441 361 2489 suspicor
383 2442 483 2488 quod
506 2453 565 2487 ap.
588 2440 806 2477 Gervasium
829 2440 1101 2477 Tilburiensem
1127 2441 1207 2486 (qui
1231 2453 1264 2478 a.
1285 2452 1370 2478 1211
1396 2442 1540 2488 floruit)

89 2488 253 2535 legitur:
298 2490 454 2525 Graecus
489 2490 666 2524 hominem
698 2489 963 2523 microcosmum
992 2489 1056 2523 hoc
1086 2493 1136 2523 est
1166 2490 1339 2524 minorem
1366 2492 1541 2525 mundum

89 2537 295 2581 appellabat
317 2536 418 2582 (Otia
439 2536 655 2581 Imperialia
673 2534 698 2570 i.
720 2545 748 2570 1.
768 2534 809 2569 in
832 2535 960 2580 Script.
982 2535 1064 2569 Rer.
1084 2536 1269 2571 Brunsvic.
1296 2536 1352 2572 ed.
1379 2536 1539 2580 Leibnit,

90 2582 237 2619 Hanov.
259 2591 360 2627 1707,
376 2582 402 2619 i.
420 2584 502 2628 885)
516 2595 525 2624 ;
550 2582 598 2618 cf.
619 2583 738 2617 Vitam
752 2583 974 2627 Pythayorae
990 2592 1103 2626 quam
1120 2580 1215 2618 citat
1230 2582 1387 2618 Photius
1403 2585 1540 2620 Biblio-

90 2630 189 2665 theca
213 2629 292 2666 cod.
317 2629 439 2665 ccxlix
460 2628 604 2676 (Migne
627 2629 764 2665 Patrol.
793 2629 914 2663 Graec.
941 2627 1015 2664 ciii.
1044 2629 1161 2674 1585),
1182 2630 1200 2663 ὁ
1225 2630 1288 2665 ἄνθ
1309 2645 1401 2666 ωτι-ος
1424 2633 1542 2678 μικρὸς

91 2679 219 2722 κόσμος
257 2676 402 2722 λέγεται.
582 2685 627 2711 22
667 2677 873 2720 diffiniunt:
914 2674 955 2710 in
995 2686 1112 2721 marg.
1156 2675 1236 2712 cod.
1307 2703 1316 2712 .
1357 2677 1542 2723 scriptum

92 2724 150 2758 est
175 2725 333 2768 ueyetius
355 2727 522 2768 renutu-³3
546 2734 578 2757 v.
600 2721 732 2767 Veget.
752 2721 793 2758 ii.
818 2730 852 2775 5,
880 2722 904 2757 6
935 2721 1000 2756 ubi
1032 2721 1298 2768 imperatorem
1319 2731 1543 2770 praesentem

92 2774 124 2804 et
150 2771 367 2815 corporalem
394 2771 508 2813 deum,
536 2771 576 2806 et
606 2767 791 2815 imagines
815 2770 1083 2815 imperatorum
1114 2771 1246 2806 diuina
1278 2775 1310 2807 et
1333 2774 1542 2817 praesentia

1372 2851 1435 2885 235
