1878 3172
103 165 206 203 cAP.
222 152 293 214 nr]
632 155 1030 200 POLICRATICV
1032 156 1065 200 S
1216 193 1227 198 ,
1578 169 1664 210 390
1687 169 1713 199 c

106 273 259 324 officia,
302 273 545 331 uoluptatis
591 277 672 317 aut
717 275 934 318 uanitatis
981 275 1340 332 occupationibus
1388 275 1563 332 agitari.

108 342 235 385 Vnde
257 342 295 385 si
314 342 497 385 licenter
515 346 771 386 exerceatur
789 343 979 394 uenatio,
998 344 1234 402 arthium
1258 344 1329 387 uel
1349 343 1538 406 ossi-Qum
1553 326 1578 395 3!

106 411 145 453 si
175 414 340 463 contra,
370 411 599 454 leuitatem
630 426 726 454 eam
756 426 851 454 esse
884 415 964 455 aut
994 412 1255 455 maleficium
1285 416 1562 464 censuerunt,

107 479 249 523 edicto
268 480 501 536 punientes
521 495 605 533 eos,
626 481 702 537 qui
721 494 818 523 eam
837 483 991 524 contra
1009 480 1199 524 officium
1218 484 1496 538 usurparent.

71 683 90 716 5
160 667 267 726 Cap.
296 682 336 722 4
385 669 450 712 De
478 669 698 722 uenatica,
728 672 767 713 et
795 669 1054 714 auctoribus
1081 674 1120 713 et
1149 669 1368 727 speciebus
1396 669 1508 722 eius,

484 742 524 781 et
553 738 756 782 excercitio
784 738 908 782 licito
936 742 975 782 et
1003 738 1180 784 illicito.

166 839 226 882 Et
255 840 388 896 primi
415 840 592 896 quidem
619 841 829 891 Thebani,
855 841 893 884 si
920 841 1051 884 fidem
1081 856 1316 898 sequamur
1342 843 1564 893 historiae,

108 923 204 951 eam
244 910 650 952 communicandam
689 911 892 953 omnibus
939 914 1203 954 statuerunt.
1274 911 1333 954 Et
1378 926 1434 954 ex
1477 926 1564 968 quo

109 981 312 1035 suspecta
341 979 401 1021 sit
429 979 633 1022 omnibus
666 994 775 1035 gens
802 979 905 1022 feda
934 980 1192 1037 parricidiis,
1221 980 1461 1023 incestibus
1490 981 1563 1023 de-

52 1064 94 1088 ιο
109 1047 324 1097 testanda,
351 1047 538 1104 insignis
562 1047 730 1098 fraude,
753 1052 860 1091 nota
885 1049 1102 1105 periuriis,
1125 1049 1258 1092 huius
1283 1049 1471 1098 artificii,
1491 1049 1563 1091 uel

107 1116 257 1172 potius
285 1116 499 1166 maleficii,
526 1116 574 1158 in
602 1117 757 1173 primis
786 1120 1020 1174 praecepta
1048 1118 1277 1175 congessit,
1301 1133 1413 1174 quae
1444 1121 1563 1174 post·

107 1184 287 1227 modum
313 1184 370 1226 ad
396 1188 573 1241 gentem
603 1186 778 1228 mollem
801 1186 1119 1243 imbellemque,
1138 1187 1280 1229 leuem
1304 1190 1349 1229 et
1373 1186 1562 1243 impudi-

109 1267 204 1296 cam
219 1251 410 1311 (Frigios
424 1252 595 1310 loquor)
608 1254 941 1297 transmitteret.
1000 1255 1212 1297 Riserunt
1232 1270 1304 1297 eos
1320 1255 1561 1297 Athenien·
1577 1260 1607 1299 d

109 1335 177 1364 ses
215 1324 262 1364 et
300 1321 603 1364 Lacedemonii
642 1322 794 1378 populi
833 1322 1070 1379 grauiores,
1104 1323 1389 1365 historiarum
1426 1326 1563 1379 gesta,

4 1415 6 1419 ν
52 1407 92 1441 15
108 1392 295 1432 naturae
322 1404 579 1446 morumque
598 1391 812 1447 mysteria
832 1391 968 1433 uariis
989 1391 1299 1448 figmentorum
1326 1391 1566 1434 inuolucris

109 1458 392 1511 obtexentes3
420 1459 483 1502 sic
516 1462 666 1502 tamen
697 1462 750 1502 ut
783 1474 840 1502 ex
871 1459 1044 1528 gamela
1074 1459 1290 1502 malorum
1323 1460 1565 1503 utilitatem

109 1526 378 1577 inducerent,
404 1530 483 1570 aut
506 1542 562 1570 ex
588 1528 734 1585 lepore
763 1528 978 1585 poematis
1001 1528 1289 1586 uoluptatem.
1348 1528 1405 1571 In
1434 1543 1565 1571 auras

109 1596 260 1652 itaque
278 1599 456 1652 raptum
476 1597 661 1640 tradunt
687 1597 744 1639 ab
767 1598 917 1654 aquila
937 1597 1213 1640 Dardanium
1232 1600 1488 1640 uenatorem
1508 1598 1564 1640 ad

0 1719 3 1721 Δ
109 1664 276 1721 pocula,
307 1679 335 1707 a
365 1665 525 1720 quibus
559 1666 616 1708 ad
646 1666 822 1709 illicitos
852 1670 897 1709 et
926 1660 1199 1708 innaturales
1230 1666 1443 1709 transiret
1473 1681 1564 1709 am-

0 1724 9 1800 }
53 1751 94 1775 20
109 1732 278 1789 plexus.
350 1733 587 1790 Eleganter
619 1734 786 1790 utique,
816 1749 916 1777 cum
948 1738 994 1778 et
1019 1735 1179 1778 leuitas
1203 1735 1311 1778 ferri
1341 1735 1480 1792 possit
1509 1736 1566 1778 ab
1607 1742 1635 1840 x

0 1801 7 1848 Ι
110 1801 229 1852 alite,
258 1804 305 1844 et
333 1802 539 1858 uoluptas
570 1803 821 1846 sobrietatis
856 1804 1013 1860 ignara
1046 1804 1357 1860 cuiuscumque
1391 1804 1566 1846 libidini

5 1859 13 1864 ἐκ
109 1870 318 1926 prostitui
336 1885 426 1913 non
446 1871 674 1914 erubescit.
734 1872 839 1914 Dux
854 1868 1088 1915 Thebanus
1108 1873 1205 1914 uisa
1224 1873 1427 1915 nuditate
1447 1873 1566 1915 illius

111 1952 244 1995 quam
273 1939 322 1980 in
352 1938 477 1981 siluis
506 1954 676 1996 semper
705 1941 913 1993 coluerat,
933 1956 1032 1984 cum
1059 1941 1116 1983 ab
1142 1956 1287 1983 errore
1314 1941 1470 1997 pedem
1497 1942 1565 1984 sui

0 2054 3 2056 ‚
111 2009 337 2050 reuocaret
356 2007 548 2058 affectus,
568 2008 650 2050 sub
670 2009 865 2051 humano
883 2023 1013 2051 sensu
1037 2024 1082 2051 se
1109 2009 1157 2050 in
1186 2009 1372 2051 bestiam
1392 2010 1566 2065 stupuit
1581 2018 1658 2057 391
1677 2016 1708 2044 a

0 2061 6 2102 ἰ
54 2094 95 2128 ²5
110 2075 489 2127 transformatum,
507 2077 734 2132 ceruisque
761 2076 1010 2129 conformis,
1028 2091 1128 2119 cum
1156 2077 1414 2120 domesticos
1438 2092 1566 2120 canes

0 2138 3 2141 ⁵
111 2158 218 2187 uoce
238 2146 284 2186 et
302 2144 434 2186 uultu
453 2144 670 2187 niteretur
692 2145 879 2202 abigere,
898 2145 1011 2187 uitio
1040 2159 1204 2201 prauae
1228 2146 1568 2196 consuetudinis,

111 2212 250 2256 totius
265 2213 538 2255 substantiae
553 2228 658 2256 suae
673 2213 913 2270 dispendio,
926 2213 1162 2256 eorundem
1178 2213 1395 2256 morsibus
1407 2215 1567 2270 patuit.

113 2280 173 2324 Et
205 2280 322 2324 forte
358 2281 486 2324 deam
516 2282 802 2324 aenatoribus
832 2281 1103 2338 praeferunt,
1134 2282 1240 2338 quia
1269 2282 1454 2325 mollitie
1484 2283 1567 2327 hac

111 2349 184 2392 uel
212 2349 386 2392 malitia
415 2350 518 2392 deos
552 2364 654 2393 suos
682 2350 906 2393 noluerint
934 2349 1162 2393 infamare.
1220 2350 1331 2407 Apri
1361 2350 1568 2394 dentibus

113 2479 132 2517 5
160 2470 354 2506 autoribus
369 2470 403 2505 A
556 2479 576 2515 7
600 2469 791 2516 hystoriae
808 2468 849 2504 M
1005 2479 1047 2514 14
1072 2468 1324 2515 hystoriarum
1339 2468 1380 2504 M
1526 2478 1566 2516 15

111 2517 285 2554 misteria
299 2517 334 2552 A

160 2634 181 2669 7
210 2626 391 2662 Thebani:
421 2637 455 2661 v.
474 2624 615 2671 Hygin.
636 2625 727 2662 Fab.
750 2624 808 2660 ed.
833 2623 958 2660 Schm.
984 2635 1046 2670 pp.
1067 2633 1112 2665 72
1129 2635 1230 2670 seqq.
1277 2623 1334 2660 De
1357 2623 1568 2660 venationis

112 2671 259 2718 origine
276 2672 324 2708 cf.
342 2672 515 2718 Fulgent.
531 2673 643 2717 Myth.
661 2671 701 2727 ii.
720 2681 777 2724 ²3:
950 2672 992 2707 18
1016 2672 1248 2707 Dardanium
1263 2676 1469 2707 uenator-em
1484 2683 1492 2707 :
1519 2683 1567 2707 sc.

114 2718 382 2802 GanAyrziaedem,
399 2719 447 2756 cf.
464 2719 577 2756 Mart.
594 2720 722 2765 Epnqr.
739 2730 790 2754 xi.
811 2728 888 2763 104.
908 2728 960 2764 19,
980 2727 1036 2755 20.
1170 2728 1215 2754 22
1239 2719 1329 2754 Dux
1353 2719 1567 2759 Thebanus:

115 2777 165 2802 sc.
214 2777 234 2802 c
277 2777 361 2803 eon.

1417 2845 1457 2872 21
