1878 3172
68 161 168 194 cn.
181 147 303 210 1111]
574 149 974 195 POLICRATICV
976 150 1008 194 S
1541 162 1621 204 453
1639 155 1669 192 b

67 270 373 328 prouidentiae
403 285 493 314 non
526 269 736 327 impletur
769 269 958 321 effectus,
988 270 1106 327 quod
1140 270 1343 314 futurum
1379 275 1447 315 est
1480 275 1528 316 et

66 353 158 382 non
196 339 373 382 euenire
410 341 568 396 potest,
600 341 748 395 potest
786 338 920 381 etiam
958 353 1048 382 non
1087 338 1224 383 fuisse
1261 341 1526 397 praeuisum.

67 407 173 452 Non
217 412 379 459 tamen,
420 412 473 451 ut
512 407 785 464 praedictum
826 411 905 458 est,
942 407 1299 466 inuestigationis
1343 410 1528 453 audacia

67 477 433 534 omnipotentiam
462 477 614 520 minuo
642 480 722 519 aut
754 476 1043 520 immensitati
1078 478 1172 521 eius
1207 493 1527 536 quamcumque

28 551 55 600 ς’
66 546 316 604 praescribo
333 560 596 589 mensuram.
654 546 751 590 Hoc
777 549 926 589 autem
945 561 1045 590 cum
1071 548 1225 591 multis
1250 549 1404 599 sentio,
1423 548 1529 605 quia

66 615 106 659 si
136 615 244 672 quid
276 614 398 658 Deus
430 614 664 671 praeuidit,
694 614 891 667 eueniet;
929 619 975 658 et
1005 615 1045 659 si
1078 631 1168 659 non
1199 617 1409 667 euenerit,
1437 631 1527 659 non

65 684 299 742 praeuidit.
377 683 504 726 Vnde
540 683 830 741 probabiliter
866 683 923 726 ad
962 684 1110 728 minus
1147 685 1372 743 colligitur
1410 687 1527 743 quia,

65 752 104 795 si
133 755 281 809 potest
308 767 398 796 non
427 752 615 802 euenire,
639 755 786 809 potest
814 752 948 794 etiam
977 768 1067 796 non
1096 753 1233 797 fuisse
1261 755 1525 811 praeuisum.

67 820 187 874 Quid
205 821 323 864 enim
343 835 399 863 ex
419 835 507 877 quo
525 821 743 863 ueraciter
760 825 1063 878 consequatur,
1083 822 1179 879 ipsa
1201 823 1368 866 ueritas
1387 824 1527 876 nouit,

6 906 51 932 xo
66 889 404 947 iuncturamque
432 889 655 932 rationum
686 889 814 946 plene
845 894 890 933 et
923 890 1118 947 perfecte
1150 892 1382 948 primitiua
1411 893 1527 936 ratio

65 962 233 1016 pensat.
292 958 420 1002 Hanc
455 961 605 1001 autem
635 958 830 1001 humano
863 959 1014 1016 generi
1051 959 1254 1018 indulget
1287 960 1526 1004 Academia

65 1028 253 1085 antiqua
269 1027 492 1071 licentiam
511 1030 575 1077 ut,
595 1027 804 1084 quicquid
823 1028 1059 1085 unicuique
1078 1029 1304 1086 probabile
1323 1031 1526 1084 occurrit,
1542 1046 1567 1075 c

64 1109 146 1140 suo
174 1096 269 1139 iure
297 1096 518 1139 defendat.
578 1095 759 1139 Solebat
787 1097 928 1139 nostri
962 1098 1172 1154 temporis
1208 1098 1526 1156 Peripateticus

66 1164 295 1208 Palatinus
335 1164 538 1208 omnibus
586 1163 656 1207 his
704 1164 1028 1208 conditionibus
1072 1165 1263 1217 obuiare,
1310 1167 1388 1210 ubi
1436 1182 1526 1211 non

6 1249 49 1288 ¹⁵
66 1234 289 1291 sequentis
322 1234 595 1277 intellectum
633 1234 933 1277 antecedentis
970 1235 1195 1292 conceptio
1233 1236 1412 1287 claudit,
1445 1240 1526 1280 aut

65 1317 156 1347 non
210 1303 508 1347 antecedentis
556 1303 827 1346 contrarium
875 1305 1181 1360 consequentis
1230 1305 1524 1350 destructoria

0 1394 6 1427 .'
64 1372 204 1428 ponit,
233 1387 284 1416 eo
317 1372 435 1430 quod
468 1386 619 1414 omnes
657 1371 946 1415 necessariam
981 1375 1130 1415 tenere
1165 1375 1523 1430 consequentiam

64 1441 219 1492 uelint,
242 1441 327 1485 etsi
355 1440 592 1484 nonnullae
622 1441 715 1484 sola
743 1441 850 1483 dum
880 1444 1031 1484 tamen
1058 1456 1221 1499 magna
1249 1443 1342 1486 sint
1366 1445 1523 1501 proba—

65 1509 240 1554 bilitate
266 1513 510 1554 contentae.
568 1511 695 1554 Sicut
719 1511 837 1554 enim
856 1510 1065 1553 scientiae
1088 1511 1258 1554 assistit
1277 1513 1526 1557 euidentior

3 1594 51 1619 ιο
66 1591 148 1635 pro
165 1578 235 1622 sui
253 1579 567 1636 perspicuitate
584 1579 745 1636 opinio,
764 1579 826 1622 sic
853 1582 899 1622 et
924 1578 1101 1636 singula
1120 1594 1208 1636 quo
1226 1581 1525 1637 probabiliora

65 1650 184 1699 sunt,
221 1662 274 1691 eo
311 1649 655 1691 necessariorum
692 1648 935 1691 fideliorem
974 1648 1214 1706 imaginem
1252 1650 1523 1707 praeferunt.

66 1715 127 1759 Et
142 1730 200 1759 ne
218 1731 289 1759 me
308 1716 443 1759 solius
463 1717 682 1774 opinionis
707 1717 875 1760 lubrico
894 1718 1110 1760 fluctuare
1135 1722 1277 1774 putes,
1296 1723 1521 1763 auctorem

65 1799 154 1841 quo
190 1799 261 1828 me
293 1788 422 1829 tueor
458 1801 669 1843 magnum
708 1786 885 1842 profero
920 1787 1233 1843 Augustinum,
1263 1789 1340 1844 qui
1378 1789 1522 1832 locum

65 1853 192 1896 illum
211 1869 434 1911 exponens
453 1854 697 1912 Euangelii,
716 1855 793 1897 ubi
819 1854 875 1898 de
898 1855 1052 1898 multis
1077 1856 1390 1908 mansionibus,
1410 1873 1522 1914 quae
1539 1860 1569 1899 d

6 1931 49 1970 ¹5
66 1922 115 1965 in
144 1922 274 1966 domo
302 1923 447 1966 Patris
474 1926 592 1974 sunt,
621 1938 648 1966 a
677 1923 909 1967 Saluatore
937 1924 991 1965 fit
1018 1925 1197 1975 mentio,
1226 1927 1316 1969 ait:
1356 1927 1406 1970 Si
1436 1943 1523 1984 quo

65 1991 214 2033 minus
231 1990 440 2033 dixissem
459 1991 598 2040 uobis,
617 1991 722 2047 quia
740 1991 856 2034 uado
874 2006 1031 2048 parare
1050 1993 1177 2035 uobis
1203 1994 1358 2045 locum,
1378 1995 1424 2037 id
1444 1999 1524 2046 est,

65 2059 103 2102 si
132 2073 223 2102 non
248 2063 394 2102 essent
418 2059 746 2116 praedestinati,
767 2060 988 2111 dixissem,
1007 2061 1081 2104 ibo
1107 2066 1153 2105 et
1174 2064 1523 2119 praedestinabo.

64 2126 384 2170 Diuersitatem
423 2127 587 2170 etenim
634 2128 912 2170 mansionum
953 2143 1065 2185 quae
1113 2130 1161 2172 in
1207 2131 1337 2174 domo
1380 2133 1524 2189 patris

64 2195 214 2239 electis
262 2195 354 2238 suis
400 2198 687 2253 praeparatae
735 2199 852 2247 sunt,
900 2196 1078 2241 diuinae
1130 2200 1523 2255 praedestinationi

0 2280 50 2317 30
66 2267 255 2321 coaptat,
303 2278 416 2320 quae
463 2263 688 2306 saluandis
736 2278 817 2320 pro
869 2264 981 2308 bene
1031 2265 1195 2322 placito
1249 2268 1523 2325 disponentis

63 2332 184 2389 parit
221 2332 398 2374 diuersa
434 2331 670 2374 carismata
707 2332 953 2389 gratiarum
996 2337 1043 2376 et
1085 2349 1329 2380 munerum.
1407 2337 1522 2381 Cum

64 2415 170 2458 ergo
217 2403 370 2443 tantus
418 2402 546 2456 pater
592 2399 710 2442 hunc
759 2401 1099 2457 apprehenderit
1142 2403 1522 2461 interpretationis

67 2505 111 2540 18
134 2502 280 2586 taffen]
300 2505 382 2539 tam
398 2502 459 2539 ΟΒ
617 2512 663 2549 29
688 2500 820 2539 electis
835 2501 925 2549 suis]
944 2503 1119 2542 caelestis
1135 2505 1176 2542 M
1341 2519 1387 2554 32
1412 2509 1518 2557 ergo]

63 2562 155 2587 uero

115 2641 170 2675 13,
190 2640 234 2674 14
256 2631 513 2675 Peripateticus
536 2630 750 2665 Palatinus:
775 2628 800 2665 i.
814 2640 846 2666 e.
870 2629 1106 2673 Abailardus‚
1129 2634 1174 2669 ut
1199 2646 1338 2680 supra;
1361 2648 1393 2671 v.
1414 2638 1517 2674 Dhal

65 2676 125 2713 ΙΙΙ
151 2677 283 2722 Τοριω
307 2677 429 2721 (Ouvr.
455 2678 557 2713 Ine'd.
580 2688 644 2722 pp.
637 2684 737 2758 M335
763 2676 891 2722 seqq..)
1008 2688 1052 2724 23
1077 2681 1343 2726 Auyustinum:
1369 2696 1402 2719 v.
1420 2684 1518 2731 Aug.

66 2689 561 2807 ggd'1ozm'gssa'ssvffnn'5
585 2734 600 2760 1
621 2722 676 2770 (M
680 2723 768 2769 igne
784 2725 826 2760 P.
842 2725 885 2760 L.
902 2735 1013 2761 xxxv.
1033 2727 1150 2773 1814).
1324 2739 1367 2776 25
1393 2732 1436 2767 Si
1450 2744 1519 2778 quo

133 2841 215 2860 m·
776 2840 799 2868 Β
1340 2849 1405 2883 129
