1878 3172
156 167 231 205 441
251 167 276 197 c
619 150 880 196 IOANNIS
921 148 1433 194 SARESBERIENSIS
1586 147 1695 208 [ΜΒ.
1712 159 1753 192 11

375 272 692 316 Deucalioneos
722 271 911 314 fudisset
940 269 1164 327 Aquarius
1193 269 1367 320 imbres,

375 335 558 388 totaque
589 331 748 373 diffuso
777 330 982 372 latuisset
1010 329 1059 371 in
1088 343 1276 385 aequore
1306 328 1451 371 tellus.

376 389 426 433 Si
457 403 611 432 seuum
640 388 777 431 radiis
807 387 1091 438 Nemeaeum,
1121 386 1278 436 Phebe,
1308 385 1500 429 Leonem

374 462 492 490 nunc
522 461 752 504 premeres,
782 448 878 488 toto
906 446 1096 488 fluerent
1124 443 1327 487 incendia
1355 444 1532 494 mundo,

375 519 694 561 succensusque
723 504 815 547 tuis
843 503 1075 560 flagrasset
1104 502 1306 545 curribus
1335 502 1472 545 ether.
1772 521 1790 554 5

375 564 455 606 Hii
485 566 658 606 cessant
686 562 836 619 ignes3
865 564 932 604 tu
962 561 1038 617 qui
1067 561 1284 617 flagrante
1312 560 1528 604 minacem

376 621 590 678 Scorpion
619 620 817 663 incendis
846 619 997 669 cauda,
1029 618 1274 675 Chelasque
1303 618 1487 675 peruris,

375 679 483 736 quid
512 682 701 730 tanturn,
732 677 937 728 Gradiue,
967 677 1129 734 paras‘l
1187 676 1306 718 Nam
1335 676 1458 718 mitis
1487 676 1535 718 111
1564 675 1656 719 alto

374 737 548 794 Iupiter
577 750 733 780 occasu
761 735 989 792 premitur,
1019 734 1290 791 Venerisque
1319 734 1494 777 salubre

375 795 498 838 sidus
527 795 669 844 hebet,
698 797 909 850 motuque
939 793 1053 836 celer
1082 792 1327 837 Cillennius
1357 793 1494 844 heret,
1772 805 1814 828 10

375 856 421 896 et
450 853 591 896 celum
621 853 742 895 Mars
772 852 890 894 solus
919 852 1067 894 habet.
1125 850 1218 894 Cur
1245 850 1373 907 signa
1402 853 1574 895 meatus

375 911 605 954 deseruere
636 925 748 961 suos,
777 910 1030 966 mundoque
1059 909 1244 952 obscura
1273 908 1511 952 feruntur?

245 968 273 1008 d
377 968 570 1012 Ensiferi
602 968 789 1010 nimium
820 967 964 1024 fulget
994 967 1112 1010 latus
1142 966 1330 1010 Orionis.

376 1027 586 1069 Imminet
617 1040 839 1068 armorum
869 1025 1024 1076 rabies,
1055 1024 1248 1082 ferrique
1278 1026 1474 1082 potestas

374 1084 618 1128 confundet
646 1084 716 1126 ius
746 1098 874 1127 omne
903 1097 1064 1136 manu3
1109 1083 1346 1139 scelerique
1374 1081 1568 1125 nefando
1771 1095 1811 1129 15

372 1157 533 1186 nomen
563 1143 648 1185 erit
677 1142 834 1193 uirtus,
863 1142 1113 1198 multosque
1143 1141 1284 1184 exibit
1312 1141 1361 1184 in
1391 1155 1539 1183 annos.

345 1233 455 1277 Ecce
495 1248 551 1276 ex
598 1233 814 1290 qualitate
859 1232 1139 1289 planetarum
1183 1234 1228 1275 et
1270 1231 1486 1289 positione
1525 1232 1753 1289 signorum

287 1305 333 1345 et
365 1317 579 1346 concursu
613 1317 845 1346 causarum
875 1317 1008 1358 quam
1041 1300 1305 1344 manifestus
1338 1301 1443 1344 belli
1482 1301 1754 1344 ineuitabilis

286 1375 498 1429 sequatur
527 1374 724 1415 euentus.
784 1371 880 1414 Hoc
908 1370 1071 1414 etenim
1097 1370 1155 1413 ad
1175 1371 1285 1413 artis
1308 1371 1593 1414 traditionem
1614 1370 1751 1427 pluri-

285 1455 408 1483 mum
437 1443 618 1498 spectat,
647 1442 700 1483 ut
729 1440 783 1482 de
812 1439 1007 1482 naturali
1036 1439 1108 1482 uel
1138 1439 1301 1482 casuali
1331 1441 1502 1482 constet
1531 1439 1752 1482 domicilio
1771 1457 1813 1481 20
1842 1460 1848 1464 ·
1876 1479 1878 1481 ,

286 1509 577 1566 planetarum.
649 1509 813 1552 Omnes
851 1508 1067 1564 siquidem
1106 1510 1282 1565 praeter
1327 1507 1463 1550 solem
1512 1510 1557 1551 et
1599 1508 1752 1551 lunam

287 1578 363 1634 qui
394 1578 475 1621 soli
505 1578 692 1635 singulis
721 1578 918 1621 contenti
947 1579 1063 1628 sunt,
1083 1577 1254 1620 duobus
1284 1577 1516 1620 domiciliis
1544 1578 1753 1635 gaudent,

286 1647 481 1689 naturali
517 1646 682 1690 scilicet
714 1648 759 1689 et
792 1645 1064 1689 accidentali.
1140 1645 1357 1689 Naturale
1387 1646 1566 1702 quidem
1594 1647 1752 1703 cuique

288 1715 558 1758 domicilium
585 1717 663 1766 est,
683 1715 731 1757 in
759 1730 845 1772 quo
873 1715 1057 1771 quisque
1086 1715 1321 1758 creationis
1350 1730 1455 1759 suae
1485 1717 1751 1774 principium

142 1804 224 1842 442
243 1803 273 1832 a
289 1785 458 1836 habuit,
478 1785 515 1827 si
535 1787 686 1828 tamen
714 1784 978 1842 genethliaci
1009 1785 1291 1828 consentiunt
1310 1799 1383 1828 eos
1402 1800 1429 1828 a
1449 1786 1639 1829 Domino
1659 1800 1752 1828 esse
1772 1799 1813 1833 25

288 1856 469 1898 creatos
548 1853 698 1897 Lunae
732 1854 872 1911 igitur
902 1853 1171 1896 domicilium
1202 1853 1370 1897 Cancer
1400 1857 1477 1906 est,
1507 1855 1596 1898 Leo
1626 1854 1752 1905 Solis,

288 1923 495 1966 Mercurii
522 1922 672 1980 Virgo,
697 1922 832 1964 Libra
858 1922 1053 1972 Veneris,
1082 1922 1263 1980 Scorpio
1293 1923 1462 1975 Martis,
1484 1924 1753 1981 Sagittarius

287 1991 419 2042 Iouis,
440 1990 625 2033 Saturni
656 1990 960 2047 Capricornus,
982 1994 1027 2054 et
1056 1992 1138 2034 hoc
1167 1991 1444 2035 naturaliter.
1505 1992 1753 2036 Casualiter

286 2075 393 2103 uero
433 2060 627 2103 Saturno
666 2060 783 2103 cedit
821 2060 1057 2117 Aquarius,
1097 2060 1241 2104 Pisces
1286 2061 1396 2112 Ioui,
1436 2062 1565 2105 Aries
1604 2062 1752 2113 Marti,

286 2130 449 2172 Veneri
477 2130 659 2180 Taurus,
685 2129 733 2171 in
760 2130 967 2173 Mercurii
998 2132 1161 2173 sortem
1188 2130 1363 2173 Gemini
1393 2131 1567 2175 cedunt.
1625 2131 1752 2174 Luna
1771 2151 1813 2183 30
1876 2145 1878 2162 ³

286 2213 392 2241 uero
424 2198 652 2242 commoda
686 2200 764 2249 est,
799 2213 933 2255 quam
972 2213 1072 2242 cum
1112 2199 1212 2242 aliis
1251 2199 1401 2250 stellis,
1436 2201 1646 2257 quicquid
1684 2200 1751 2243 illi
1875 2189 1878 2193 ⁵

285 2268 497 2325 garriant,
527 2268 696 2311 creauit
725 2268 846 2311 Deus
875 2271 928 2311 ut
956 2271 1177 2325 praeesset
1206 2269 1335 2314 nocti.
1402 2269 1520 2322 Quid
1550 2270 1667 2313 enim
1697 2270 1751 2313 de

288 2336 378 2378 sole
398 2335 552 2387 dicam,
574 2337 650 2393 qui
675 2336 768 2378 dux
789 2339 834 2379 et
862 2337 1065 2394 princeps
1092 2339 1160 2380 est
1186 2339 1231 2380 et
1258 2338 1507 2381 moderator
1532 2339 1750 2381 luminum
1872 2388 1878 2393 Ι,

287 2403 590 2460 reliquorum?
675 2405 789 2447 Eum
838 2405 992 2462 utique
1018 2436 1020 2438 -
1041 2406 1381 2449 reclamantibus
1429 2407 1633 2450 omnibus
1680 2407 1751 2450 his
1850 2409 1878 2463 ξ

287 2473 556 2529 planetariis,
595 2489 684 2516 non
724 2474 859 2517 timeo
897 2474 1062 2517 bonum
1101 2477 1147 2518 et
1190 2475 1483 2518 necessarium
1530 2476 1751 2532 profiteri;
1770 2495 1809 2529 35
1871 2473 1878 2529 ’-

288 2581 312 2617 6
337 2579 370 2614 Ii
386 2579 419 2615 A
598 2592 641 2617 10
665 2582 775 2629 sydus
792 2581 852 2618 CB
1040 2591 1079 2629 15
1106 2582 1275 2620 nafando
1292 2582 1317 2619 S
1485 2585 1528 2620 16
1553 2583 1701 2621 exhibit
1718 2585 1752 2620 A

289 2637 337 2663 20
361 2627 503 2663 causali
519 2627 629 2663 ΟΒΑ1
771 2639 791 2665 2
797 2638 815 2676 5
842 2629 1044 2676 genelliaci
1061 2630 1191 2667 CBSM
1333 2632 1378 2667 26
1404 2642 1494 2678 ergo
1511 2631 1550 2666 M
1704 2633 1749 2669 28

288 2673 496 2711 Causaliter
512 2674 622 2711 CBA¹
1634 2715 1636 2717 ‚

338 2772 381 2809 16
406 2773 537 2809 exibit:
556 2771 635 2810 scil.
648 2774 721 2810 Hic
727 2775 851 2819 furor,
866 2774 890 2811 l.
904 2776 984 2822 669.
1063 2785 1105 2821 31
1124 2787 1232 2822 quam
1243 2787 1323 2811 cum
1333 2777 1419 2812 aliis
1429 2777 1499 2813 etc.
1515 2788 1524 2813 ε
1544 2775 1637 2813 Gen.
1654 2775 1678 2814 i.
1694 2778 1747 2814 16.

397 2852 461 2876 110
