1878 3172
65 168 164 203 ou».
177 158 268 215 m]
571 155 1005 202 10110111Ήο18
1068 195 1072 199 .
1530 157 1612 207 556
1632 165 1662 195 a

122 278 266 322 Iulius
284 279 441 337 Iginus
460 279 508 321 in
527 278 641 322 libro
663 281 789 321 sexto
814 277 869 320 de
888 277 995 320 Vita
1014 276 1247 333 Rebusque
1267 275 1514 319 Illustrium

64 346 273 391 Virorum
302 347 419 404 quod
447 347 502 390 de
536 347 736 390 Fabricio
769 346 978 403 sequitur,
1007 346 1170 398 refert3
1209 361 1313 388 nam
1341 359 1513 402 praece·

65 415 218 462 ,dentia
250 415 475 460 Plutarchi
503 417 551 458 in
579 415 866 458 Institutione
894 415 1083 464 Traiani,
1102 417 1148 457 et
1176 414 1281 457 Iulii
1311 414 1514 457 Frontini

66 483 116 526 in
142 483 256 527 libro
289 484 707 543 Strategemmatum
735 487 852 527 sunt.
921 484 1149 526 Venerunt
1182 498 1287 541 ergo
1325 482 1513 526 secundo
1529 485 1559 525 b

27 567 48 600 5
66 552 203 610 legati
232 552 483 596 Samnitum
509 553 567 596 ad
590 553 749 596 Gaium
778 552 1039 602 Fabricium,
1062 552 1225 595 multas
1258 555 1304 595 et
1331 566 1515 609 magnas

67 635 137 664 res
155 624 457 672 memorantes,
469 636 581 678 quae
599 621 709 664 bene
724 635 774 664 ac
793 620 994 664 beniuole
1013 624 1114 677 post
1127 621 1344 664 redditam
1363 636 1515 678 pacem

67 689 342 733 Samnitibus
369 689 544 741 fecerat,
573 689 803 733 offerentes
833 690 947 733 dono
975 690 1186 747 grandem
1214 691 1444 747 pecuniam
1470 694 1517 733 et

67 761 244 801 orantes
274 761 327 801 ut
360 772 456 801 eam
486 758 701 815 acciperet
731 760 777 800 et
806 761 1016 809 uteretur,
1051 773 1101 802 eo
1135 759 1251 815 quod
1284 759 1426 802 multa
1459 759 1516 801 ad

68 827 371 870 necessitatem
390 828 536 870 uictus
561 831 607 870 et
631 826 904 884 splendorem
930 827 1085 870 domus
1103 830 1231 870 tanto
1253 828 1351 870 uiro
1369 827 1518 870 deesse

10 916 55 942 ιο
69 899 303 939 constaret.
350 896 395 938 N
397 896 501 939 ichil
521 896 636 939 enim
651 896 823 938 lautum
842 898 1132 952 paratumque
1148 899 1244 938 erat
1262 911 1342 953 pro
1361 896 1517 953 ampli·

69 964 225 1009 tudine
243 965 433 1008 hominis
452 968 497 1007 et
516 964 733 1022 dignitate
752 964 943 1006 uirtutis.
993 964 1218 1007 Fabricius
1236 979 1342 1008 uero
1364 965 1519 1021 planas

69 1048 228 1076 manus
253 1034 311 1076 ab
335 1033 516 1076 auribus
541 1033 599 1075 ad
625 1033 771 1075 oculos
797 1035 843 1075 et
867 1031 986 1075 infra
1012 1036 1058 1075 et
1083 1032 1285 1089 deinceps
1307 1033 1365 1075 ad
1390 1047 1520 1076 nares

71 1105 119 1145 et
144 1102 202 1144 ad
226 1102 375 1159 gulam
395 1105 441 1145 et
459 1102 516 1144 ad
542 1116 590 1144 os
610 1104 655 1144 et
674 1100 830 1144 deinde
850 1101 906 1143 ad
925 1104 1125 1143 uentrem
1145 1104 1191 1143 et
1214 1101 1304 1143 ima
1323 1102 1520 1153 deduxit,

73 1173 119 1213 et
156 1170 315 1228 legatis
350 1171 399 1212 in
436 1170 543 1213 haec
580 1169 717 1212 uerba
758 1169 1005 1226 respondit:
1052 1168 1172 1211 Dum
1210 1169 1412 1212 omnibus
1450 1170 1520 1211 his

12 1248 56 1289 ,¹5
73 1238 292 1289 membris,
311 1253 423 1295 quae
442 1238 585 1295 attigi,
604 1237 804 1280 resistere
822 1240 955 1293 atque
970 1237 1184 1293 imperare
1203 1240 1366 1294 potero,
1386 1237 1518 1280 michi

11 1299 18 1331 5
73 1307 210 1350 nichil
246 1307 424 1350 omnino
462 1307 613 1358 deerit,
647 1306 830 1362 ideoque
867 1306 994 1349 uobis
1032 1309 1253 1348 reseruate
1289 1306 1518 1362 pecuniam
1538 1322 1564 1352 c

72 1376 360 1418 necessariam
386 1376 538 1418 usibus
564 1374 735 1424 uestris,
754 1388 833 1416 nec
860 1388 956 1416 eam
985 1374 1145 1430 quibus
1170 1375 1413 1417 necessaria
1441 1378 1522 1417 aut

72 1446 203 1501 grata
239 1459 330 1487 non
367 1447 435 1487 est
471 1442 710 1500 ingeratis;
758 1442 946 1484 Romani
984 1442 1199 1498 siquidem
1237 1457 1327 1485 non
1364 1446 1523 1485 curant

74 1513 235 1555 habere
273 1527 443 1564 aurum,
481 1512 557 1555 sed
594 1511 809 1567 imperare
854 1511 1013 1553 uolunt
1050 1510 1315 1553 habentibus
1354 1525 1523 1553 aurum.

15 1595 61 1621 ao
76 1581 174 1625 Hoc
200 1581 344 1624 Iulius
382 1581 548 1639 Iginus.
627 1579 865 1622 Frontinus
894 1593 1000 1621 uero
1028 1579 1167 1622 refert
1195 1580 1311 1636 quod
1345 1580 1402 1622 ad
1442 1579 1524 1621 Fa-

74 1649 262 1692 bricium
281 1649 434 1692 ducem
450 1650 746 1692 Romanorum
764 1648 958 1690 medicus
978 1647 1091 1689 Pirri
1113 1647 1394 1704 Epirotarum
1409 1648 1525 1705 regis

73 1717 288 1775 peruenit,
307 1718 528 1774 pollicitus
547 1731 593 1759 se
612 1730 830 1759 uenenum
850 1716 1059 1758 daturum
1081 1716 1216 1767 Pirro,
1235 1716 1341 1758 dum
1361 1731 1525 1759 merces

75 1786 172 1836 sibi,
203 1786 251 1827 in
290 1800 378 1841 qua
414 1799 570 1841 operae
608 1784 799 1840 pretium
838 1783 965 1834 foret,
1003 1784 1355 1826 constitueretur.
1428 1785 1526 1837 Quo

75 1853 270 1896 facinore
303 1853 529 1895 Fabricius
563 1866 689 1908 egere
723 1852 954 1894 uictoriam
993 1866 1117 1893 suam
1157 1866 1245 1894 non
1284 1852 1526 1894 arbitratus

17 1935 60 1970 ²⁵
76 1922 171 1978 regi
199 1921 415 1964 medicum
443 1920 613 1963 detexit
651 1923 784 1975 atque
813 1934 865 1962 ea
902 1919 989 1961 fide
1027 1920 1190 1962 meruit
1229 1922 1281 1961 ut
1322 1920 1378 1962 ad
1418 1920 1526 1961 ami-

75 1990 226 2034 citiam
250 1989 545 2032 Romanorum
565 1988 857 2044 appetendam
876 1987 1153 2043 compelleret
1174 1987 1358 2029 Pirrum.
1417 1987 1526 2030 Pace

75 2073 174 2101 mea
202 2058 426 2101 decertent
453 2058 500 2098 in
529 2071 632 2100 casu
661 2056 746 2098 isto
766 2055 967 2098 Valerius
997 2056 1217 2097 Maximus
1243 2058 1288 2097 et
1315 2054 1527 2098 Claudius

80 2183 97 2210 1
123 2171 161 2208 vi
177 2172 223 2208 S:
247 2170 317 2207 vim
332 2171 372 2206 Μ
532 2179 561 2213 1,
579 2179 600 2204 2
625 2167 790 2203 uirorum
806 2166 1010 2203 illustrium
1026 2167 1067 2202 M
1223 2175 1244 2211 7
1271 2166 1480 2203 sannitibus
1500 2168 1525 2203 S

78 2230 123 2256 12
148 2217 345 2255 occulosA
488 2226 531 2260 13
556 2214 919 2260 osetadgulamM
1069 2222 1110 2259 15
1135 2212 1340 2250 resistireS
1478 2216 1526 2251 26

76 2266 303 2312 apetcndam
335 2263 360 2300 S
962 2288 965 2290 .

128 2378 146 2404 1
171 2368 293 2403 Iulius
321 2367 376 2411 191
367 2368 450 2400 inus
481 2366 575 2401 etex
620 2375 653 2399 v.
686 2362 783 2398 Gen.
809 2362 833 2398 i.
867 2372 919 2406 14.
1074 2372 1097 2406 4
1119 2363 1291 2397 secundo:
1317 2361 1397 2398 Hoc
1425 2373 1527 2398 voca·

78 2414 222 2456 bulum,
252 2378 365 2467 quodq
387 2409 629 2456 interpretari
664 2420 819 2454 neque0,
853 2421 898 2446 ex
933 2408 1080 2445 incuria
1113 2410 1180 2444 aut
1220 2409 1372 2444 Ioannis
1410 2408 1527 2454 ipsius

79 2463 148 2497 aut
179 2459 317 2496 codicis
351 2457 524 2501 Gelliani,
550 2469 622 2502 quo
655 2457 839 2498 utebatur,
873 2455 1064 2501 scriptoris
1096 2457 1221 2491 ortum
1253 2457 1291 2491 et
1331 2467 1398 2502 pro
1429 2461 1527 2491 sexto

79 2507 264 2553 'scriptum
305 2518 381 2542 esse
420 2517 522 2548 011ορ1
509 2504 612 2544 1;001·
661 2514 749 2538 uam
788 2502 844 2538 ita
883 2514 942 2547 ap.
988 2501 1152 2538 Gellium
1192 2502 1358 2548 legitur:
1404 2503 1484 2537 Iuli
1484 2514 1527 2537 us

80 2556 292 2599 quimoet
278 2556 319 2588 in
351 2554 440 2588 libro
472 2553 515 2587 de
546 2553 623 2586 uita
654 2551 862 2594 rebusque
852 2550 1048 2584 illustrium
1076 2560 1117 2583 ut
1118 2560 1240 2584 rorum
1270 2554 1367 2585 sexto
1398 2551 1528 2594 leyatos

81 2602 169 2636 dicit
185 2603 254 2637 etc.
639 2597 680 2632 18
705 2597 860 2631 Romam·
874 2598 947 2631 ete.
962 2607 971 2630 ε
996 2607 1027 2630 v.
1045 2593 1209 2631 Frontin.
1227 2596 1336 2631 strat.
1353 2596 1397 2631 iv.
1416 2606 1436 2640 3
1458 2595 1526 2641 ξπ.

80 2658 138 2689 20,
157 2658 198 2683 21
226 2649 275 2683 acl
297 2647 505 2682 Fabricium
529 2645 624 2680 etc:
659 2641 828 2678 Frontin.
853 2644 963 2677 Strat.
980 2642 1027 2678 iv.
1043 2641 1119 2695 4§
1126 2651 1158 2694 ,²⁰
1347 2652 1391 2678 22
1415 2644 1526 2677 dum·

81 2675 301 2730 aiFrontiu.
467 2693 522 2730 26.
543 2699 585 2733 27
611 2691 702 2724 Pace
718 2700 796 2724 mea
812 2691 907 2725 etc.·
933 2700 965 2724 v.
982 2687 1077 2724 Gell.
1093 2686 1147 2723 iii.
1164 2688 1196 2723 8.
1385 2698 1428 2732 27
1460 2690 1524 2724 Va-

82 2741 194 2775 zerim
208 2741 413 2775 Maximus:
438 2737 564 2791 potius
576 2735 746 2771 Valerius
757 2734 901 2770 Antias.
938 2734 1047 2770 Haud
1064 2734 1200 2770 mirum
1214 2737 1271 2771 est
1288 2734 1495 2772 Ioannem
1484 2747 1525 2770 111

83 2797 220 2822 nomen
243 2785 369 2822 notius
392 2784 469 2820 11101
456 2784 577 2825 idisse,
596 2781 815 2834 praesertim
841 2793 926 2817 011111
950 2792 1011 2827 ap.
1027 2781 1111 2817 Val.
1128 2781 1227 2817 Max.
1246 2783 1280 2818 6.
1307 2790 1324 2828 5
1353 2781 1371 2828 ξ
1401 2792 1416 2818 1
1444 2793 1524 2818 rem

83 2833 244 2869 eandem
260 2833 307 2870 de
318 2831 538 2867 Timochare
554 2811 747 2865 narratam
762 2827 977 2865 invenisset.

1355 2885 1433 2940 311¹
