1878 3172
112 188 211 222 ou».
225 177 339 238 vm]
620 176 1055 222 POLICRATIGVS
1578 189 1661 230 529
1680 189 1706 219 ο

111 300 158 341 et
177 297 254 354 qui
273 297 566 341 moderatiora
583 300 795 354 sequatur
811 297 1003 348 consilia,
1022 300 1069 340 et
1093 296 1234 340 uicem
1259 311 1411 355 gerere
1428 296 1565 340 medi-

110 380 262 410 corum
291 367 369 423 qui
396 366 571 410 morbos
599 369 758 410 curant
785 381 903 410 nunc
932 381 988 410 ex
1017 366 1260 409 inanitione
1290 367 1339 408 in
1367 366 1567 423 obpletis,

110 450 229 478 nunc
248 434 486 479 refectione
503 435 551 478 in
577 435 740 486 uacuis,
760 438 807 478 et
831 435 1025 478 dolorem
1045 435 1203 478 sedant
1225 449 1343 478 nunc
1362 435 1568 487 cauterio,

72 496 78 500 ¹
112 519 231 548 nunc
256 503 474 548 fomentis.
534 504 764 547 Praeterea
789 504 850 547 sit
878 504 925 546 in
951 504 1088 547 uerbo
1112 504 1312 554 affabilis,
1334 504 1568 547 munificus

74 588 95 622 5
112 573 161 615 in
198 573 430 625 beneficiis,
468 575 514 616 et
551 573 750 630 integrae
787 573 1065 616 auctoritatis
1101 575 1250 615 seruet
1286 572 1335 614 in
1372 572 1568 615 moribus

113 641 388 698 dignitatem.
447 641 629 684 Famam
658 656 847 698 namque
877 641 1164 699 benignitatis
1193 641 1397 684 conciliat
1425 655 1567 684 sermo

113 709 255 752 bonus
288 713 334 753 et
366 710 520 767 lingua
551 710 756 767 gratiosa.
815 711 1021 753 Amorem
1055 710 1358 752 fidelissimum
1392 713 1438 753 et
1466 724 1566 753 con·
1582 714 1612 753 d

113 778 435 822 stantissimum
468 778 602 821 etiam
631 793 660 821 a
687 779 937 822 durioribus
970 782 1236 836 extorquent
1268 779 1479 822 beneficia
1511 781 1568 828 et,

115 862 246 904 quem
284 847 438 899 fecere,
477 846 633 891 fouent
674 850 721 890 et
759 848 963 892 solidant.
1041 848 1100 891 Et
1143 862 1316 891 morum
1358 847 1570 904 dignitati

57 930 100 955 10
115 916 302 959 debetur
330 916 578 959 reuerentia
605 916 895 960 subditorum.

174 985 361 1042 Egregie
395 985 572 1041 quidem
605 985 831 1035 Traianus,
863 985 1098 1042 gentilium
1126 985 1320 1042 optimus
1348 984 1571 1042 Augusto-

116 1068 228 1104 rum,
256 1053 544 1111 arguentibus
574 1068 675 1096 eum
704 1053 866 1104 amicis,
896 1053 1013 1110 quod
1046 1054 1095 1095 in
1124 1068 1275 1096 omnes
1303 1053 1491 1095 nimium
1526 1055 1572 1095 et

116 1122 237 1165 ultra
255 1137 388 1179 quam
407 1123 715 1180 imperatorem
734 1122 885 1165 deceat
912 1122 1155 1166 communis
1181 1126 1306 1174 esset,
1324 1121 1572 1179 respondit:

117 1191 177 1234 Se
213 1191 349 1234 talem
386 1191 501 1234 uelle
534 1191 843 1248 imperatorem
877 1206 969 1234 esse
1011 1191 1212 1248 priuatis,
1252 1190 1402 1248 quales
1435 1190 1571 1246 impe-

58 1275 100 1310 15
118 1262 286 1303 ratores
313 1259 399 1303 sibi
427 1274 519 1303 esse
547 1261 750 1317 priuatus
779 1263 984 1317 optasset.
1042 1260 1170 1303 Vnde
1196 1263 1242 1303 et
1268 1259 1413 1302 relatu
1439 1258 1572 1301 Plinii

11 1324 25 1348 ²
118 1328 311 1372 Secundi
343 1329 621 1379 ammonitus,
651 1329 728 1386 qui
758 1332 865 1372 tunc
893 1330 1012 1372 inter
1039 1333 1206 1372 ceteros
1234 1329 1400 1372 iudices
1429 1342 1572 1385 perse-

117 1400 246 1441 cutor
256 1397 472 1441 Ecclesiae
484 1397 731 1440 destinatus
742 1401 850 1448 erat,
861 1413 888 1440 a
900 1411 1004 1441 nece
1014 1397 1249 1441 martirum
1260 1396 1575 1454 persecutionis

118 1466 317 1524 gladium
359 1480 583 1518 reuocans,
622 1466 815 1509 edietum
860 1466 1138 1524 temperauit.
1215 1466 1275 1509 Et
1316 1465 1433 1509 forte
1474 1479 1575 1509 cum

119 1534 324 1578 fidelibus
349 1535 510 1592 egisset
537 1535 702 1587 mitius,
721 1535 808 1578 nisi
834 1535 1107 1579 decessorum
1136 1549 1315 1578 suorum
1340 1534 1511 1591 legibus
1530 1537 1577 1576 et

62 1616 107 1641 πο
122 1604 334 1661 exemplis
360 1607 406 1647 et
428 1604 695 1661 prudentum
721 1604 790 1660 (ut
814 1604 1074 1662 putabatur)
1104 1604 1285 1647 consilio
1314 1606 1360 1646 et
1388 1603 1575 1646 auctori·
1593 1616 1675 1657 530
1695 1617 1727 1644 a

121 1675 215 1716 tate
234 1673 428 1716 iudicum
440 1673 497 1716 ad
511 1673 740 1716 delendam
759 1677 923 1717 sectam
938 1673 1166 1716 hominum
1182 1673 1386 1730 opinione
1400 1672 1578 1729 publica

120 1741 470 1798 superstitiosam
508 1745 554 1784 et
591 1756 723 1784 uerae
761 1742 987 1799 religionis
1032 1742 1255 1785 inimicam
1298 1741 1577 1783 inuitaretur.

121 1809 167 1854 N
168 1824 217 1853 ec
241 1813 391 1853 tamen
416 1825 728 1867 usquequaque
754 1811 1008 1854 commendo
1034 1811 1252 1854 iustitiam
1281 1810 1472 1853 hominis
1501 1810 1578 1866 qui

0 1922 2 1933 y
122 1877 351 1922 Christum
371 1879 615 1936 ignorabat,
629 1879 705 1922 sed
724 1880 898 1936 culpam
918 1880 1057 1936 ipsius
1077 1883 1280 1930 extenuo,
1294 1879 1370 1935 qui
1391 1878 1579 1921 aliorum

0 1938 2 2008 ἶ
64 1962 107 1996 ²5
124 1946 361 1990 excedebat
389 1947 582 2004 impulsu
612 1951 658 1990 et
686 1948 743 1990 ad
771 1947 1029 1991 beneficium
1064 1947 1446 2003 miserendumque
1479 1961 1578 2003 pro-

0 2023 3 2025 ’
124 2015 247 2072 priae
265 2015 446 2072 pietatis
473 2015 688 2072 agebatur
712 2016 939 2066 instinctu,
953 2020 1115 2059 natura
1134 2016 1323 2059 clemens
1350 2015 1399 2056 in
1417 2028 1579 2064 omnes,

124 2086 326 2126 austerus
359 2083 407 2125 in
440 2097 601 2139 paucos
634 2085 794 2140 quibus
827 2099 1004 2141 parcere
1038 2083 1165 2127 nefas
1207 2086 1344 2135 esset3
1383 2083 1492 2125 adeo
1527 2086 1580 2125 ut

124 2151 263 2195 totius
282 2151 455 2207 imperii
475 2151 543 2194 sui
572 2152 788 2195 curriculo
813 2167 929 2195 unus
953 2152 1217 2208 dampnatus
1241 2150 1301 2193 sit
1327 2154 1580 2193 senatorum

125 2220 397 2263 nobiliumue
444 2220 578 2270 urbis,
626 2220 730 2263 licet
777 2221 1064 2263 inueniantur
1110 2219 1290 2277 plurimi
1339 2219 1387 2260 in
1434 2219 1580 2275 ipsum

65 2303 111 2337 30
127 2288 325 2346 grauiter
354 2287 599 2344 deliquisse.
658 2288 745 2331 Hie
779 2293 928 2331 autem
957 2304 985 2331 a
1012 2292 1170 2332 senatu
1204 2288 1469 2344 dampnatus
1501 2290 1581 2339 est,

125 2357 358 2415 ignorante
376 2356 578 2400 Traiano.
637 2356 823 2400 Dicebat
842 2357 959 2400 enim
979 2358 1183 2400 insanum
1211 2370 1303 2399 esse
1327 2355 1415 2412 qui,
1434 2355 1581 2398 oeulos

0 1657 3 1681 l

130 2494 174 2530 16
197 2492 411 2530 admonitus
426 2492 467 2528 M
610 2501 652 2536 17
677 2494 886 2538 martyrum
902 2491 999 2528 CBA

178 2614 217 2640 11
243 2606 394 2651 Byr-eyia
410 2607 482 2642 etc.
499 2615 509 2640 2
534 2616 567 2639 v.
587 2602 743 2650 Eutrop.
760 2603 838 2639 viii.
858 2612 876 2650 ς
896 2603 914 2650 ξ
937 2613 968 2640 1.
1162 2611 1202 2649 15
1233 2604 1332 2639 Vnde
1348 2604 1466 2639 relatu
1481 2603 1578 2639 etc.:

127 2663 163 2687 v.
180 2651 285 2688 Oros.
299 2652 361 2688 vii.
376 2663 417 2688 12
433 2652 451 2698 ξ
467 2662 501 2696 3.
645 2653 697 2693 18,
715 2661 757 2696 19
781 2651 1043 2695 cumfidelt‘bus
1057 2651 1151 2686 ete:
1177 2649 1225 2686 cf.
1237 2662 1334 2696 quae
1350 2650 1396 2687 de
1412 2650 1513 2686 bona
1527 2650 1583 2685 in·

125 2698 296 2736 tentione
320 2701 601 2745 persecutorum
625 2697 741 2734 habet
764 2697 1006 2740 Abaelardus,
1025 2699 1157 2733 Echion
1180 2710 1242 2733 seu
1257 2698 1353 2733 Scito
1376 2698 1423 2732 Te
1444 2699 1582 2742 Ipsum,

127 2757 183 2781 cc.
203 2755 315 2791 12-14
333 2746 404 2792 (ed.
421 2745 570 2789 cousin,
587 2745 629 2782 ii.
648 2746 718 2789 614
728 2746 858 2790 seqq).
1026 2754 1070 2787 27
1095 2746 1182 2780 adeo
1197 2749 1239 2779 ut
1254 2746 1347 2781 etc-2
1371 2756 1406 2779 v.
1426 2743 1582 2791 Eutrop.

127 2791 205 2827 viii.
224 2802 256 2836 4
362 2802 405 2839 31
434 2794 584 2829 Dicebat
593 2794 681 2829 etc.:
700 2792 802 2829 Haec
818 2790 972 2828 Traiani
982 2790 1085 2828 dicta
1094 2790 1188 2828 alibi
1199 2790 1361 2838 reperire
1373 2803 1450 2827 non
1459 2791 1581 2838 potui.

1411 2862 1476 2904 263
