1878 3172
160 166 242 214 398
261 177 292 206 a

260 502 290 540 b

264 1430 290 1459 C

258 2317 290 2357 d

634 161 896 205 IOANNIS
928 159 1440 204 SARESBERIENSIS
1629 156 1740 219 [Lm.
1754 169 1773 202 1

308 284 549 333 exercetur,
580 285 633 325 ut
664 281 875 324 mandato
909 280 1063 324 comici
1093 279 1361 336 adquiescas,
1391 278 1462 322 Ne
1491 278 1599 336 quid
1628 277 1774 321 nimis.

309 351 426 394 Nam
457 354 504 394 et

482 439 628 482 insani
657 439 831 496 sapiens
860 453 1020 482 nomen
1051 438 1178 490 feret,
1207 451 1375 494 aequus
1404 437 1559 494 iniqui,

483 498 604 540 ultra
635 512 767 554 quam
797 497 907 540 satis
939 500 1006 539 est
1035 497 1251 539 uirtutem
1279 495 1318 538 si
1348 495 1463 552 petit
1491 495 1645 552 ipsam.

309 583 460 626 Niehil
487 587 636 626 autem
659 584 836 640 turpius
868 586 935 626 est
964 598 1096 639 quam
1124 583 1171 624 in
1195 582 1334 625 risum
1362 581 1667 625 contuentium
1696 595 1775 623 ora
1793 600 1812 633 5

308 653 471 703 laxare,
507 653 612 695 dum
653 667 742 696 non
782 652 977 696 discendi
1009 652 1236 709 proposito
1268 650 1575 694 uehementius
1605 649 1774 693 insistis

307 722 397 764 arti
428 737 560 778 quam
592 722 770 773 nescias,
793 725 845 765 ut
874 722 911 764 si
941 722 1141 779 linguam
1170 735 1303 778 quam
1333 735 1423 763 non
1452 718 1573 763 noris
1603 718 1774 763 facetus

308 794 558 848 attemptes.
618 791 735 834 Sunt
769 806 875 833 uero
909 805 1132 848 personae,
1163 804 1276 847 quae
1311 805 1400 832 non
1435 789 1565 832 modo
1600 789 1658 832 ab
1692 789 1774 832 hoc

309 861 386 903 sed
418 861 475 902 ab
509 861 607 903 aliis
643 860 907 917 quibusdam
938 863 1095 916 utpote
1127 859 1368 902 leuioribus
1409 862 1455 902 et
1493 858 1773 916 uoluptuosis

309 930 468 973 studiis
495 930 542 971 in
568 933 831 986 perpetuum
861 931 1208 980 summouentur‚
1228 932 1281 971 ut
1311 929 1388 985 qui
1414 928 1462 970 in
1489 928 1624 971 sacris
1656 928 1772 971 ordi·
1794 943 1836 968 ιο

307 999 439 1041 nibus
473 999 717 1049 constituti,
752 1002 798 1042 et
833 999 908 1055 qui
943 1001 1106 1055 gerunt
1141 997 1434 1055 amplissimos
1469 997 1773 1055 magistratus.

309 1068 438 1121 Quod
474 1068 591 1111 enim
621 1069 668 1110 in
700 1068 800 1111 aliis
834 1068 1038 1111 futurum
1076 1070 1172 1111 erat
1203 1067 1383 1110 leuioris
1415 1067 1580 1124 culpae,
1611 1065 1694 1110 h'oc
1725 1066 1773 1110 in

308 1137 406 1180 istis
441 1152 570 1194 saepe
601 1138 654 1180 fit
692 1138 901 1181 criminis.
961 1137 1020 1180 Et
1055 1137 1232 1193 quidem
1263 1151 1436 1194 semper
1465 1136 1634 1179 maiora
1667 1139 1775 1179 sunt

307 1221 420 1263 quae
440 1206 680 1249 celebratos
696 1209 948 1249 contractus
964 1206 1221 1248 rescindunt
1241 1220 1374 1262 quam
1390 1220 1502 1262 quae
1522 1205 1791 1262 impediunt.

306 1275 639 1318 contrahendos.
720 1275 855 1318 Porro
903 1275 957 1317 de
1004 1275 1174 1317 uirtute
1223 1277 1269 1317 et
1314 1274 1505 1318 ueritate
1550 1289 1768 1317 canonum
1793 1289 1834 1327 1⁵

307 1345 511 1387 uenatica
549 1344 770 1387 clientulis
802 1344 894 1386 suis
927 1359 1017 1386 non
1056 1343 1186 1386 modo
1225 1343 1394 1386 claudit
1425 1358 1652 1386 ascensum
1692 1343 1769 1386 sed

309 1414 468 1455 summi
518 1414 653 1456 etiam
697 1413 929 1456 sacerdotii
977 1412 1165 1470 gradum
1207 1412 1366 1455 adimit
1409 1412 1498 1455 iam
1547 1413 1772 1470 adeptum.

308 1482 533 1525 Praeclare
577 1482 700 1533 illud,
739 1485 792 1524 ut
837 1482 990 1532 multa,
1031 1481 1176 1523 fertur
1221 1481 1386 1524 dixisse
1432 1481 1771 1524 Themistocles:

305 1551 596 1608 Magistratus
645 1566 672 1593 a
720 1551 836 1594 ludis
886 1554 931 1594 et
980 1550 1327 1607 quibuscumque
1380 1550 1621 1594 leuioribus
1675 1565 1768 1594 esse

304 1620 525 1669 arcendos,
555 1635 610 1662 ne
646 1620 891 1677 respublica
925 1620 1076 1662 ludere
1111 1619 1319 1662 uideatur
1350 1619 1660 1676 defectumque
1698 1620 1767 1663 sui
1789 1635 1833 1659 πο

304 1690 458 1732 relicta
489 1689 712 1746 grauitate
751 1689 1022 1746 pronuntiet.
1081 1689 1130 1731 Si
1170 1692 1321 1731 tamen
1360 1689 1611 1740 maioribus,
1647 1689 1765 1745 quod

304 1759 483 1816 quidem
523 1773 672 1800 rarum
712 1762 790 1809 est,
835 1773 907 1801 eos
947 1759 1206 1815 exoccupari
1252 1758 1500 1816 contigerit,
1547 1758 1595 1800 in
1640 1759 1769 1802 annis

304 1828 623 1870 adolescentiae
653 1843 709 1870 ex
739 1828 1065 1884 dispensatione
1091 1827 1223 1870 etatis
1248 1828 1572 1885 permittuntur
1601 1827 1770 1884 aliquid

305 1896 565 1947 subtrahere
608 1896 824 1953 grauitati
874 1899 919 1939 et
968 1897 1016 1938 in
1060 1911 1106 1939 se
1155 1896 1458 1939 clementiores
1503 1910 1607 1946 esse,
1651 1896 1769 1952 quod

305 1965 579 2008 maturitatis
639 1980 845 2021 processu
903 1966 1170 2022 reipublicae
1218 1965 1415 2008 utilitate
1472 1969 1768 2022 compensent.
1789 1979 1832 2014 25

307 2034 429 2077 Haec
449 2034 545 2076 ille:
577 2037 622 2076 et
642 2035 815 2077 utinam
845 2035 1077 2077 audiretur
1101 2050 1128 2077 a
1150 2035 1326 2086 nostris,
1352 2027 1405 2077 ut
1428 2034 1477 2076 in
1502 2035 1768 2091 prouectiori

305 2106 424 2146 etate
473 2103 604 2160 nugis
654 2104 746 2146 suis
798 2104 1064 2161 reipublicae
1117 2104 1232 2146 seria
1280 2103 1566 2147 anteferrent.
1643 2104 1767 2148 Tunc

306 2173 470 2215 etenim
506 2175 651 2215 totum
695 2173 961 2230 reipublicae
1000 2188 1157 2230 corpus
1197 2174 1368 2216 roboris
1401 2174 1471 2216 sui
1509 2173 1769 2230 integritate

305 2242 487 2298 uigebit,
523 2245 630 2284 tunc
670 2243 862 2299 optimae
900 2243 1228 2300 compositionis
1274 2243 1416 2300 specie
1455 2242 1768 2285 uenustabitur

307 2314 352 2353 et
372 2310 586 2367 elegantis
606 2311 919 2367 pulcritudinis
939 2313 1138 2355 decorem
1159 2313 1326 2362 induet,
1347 2312 1384 2354 si
1788 2321 1832 2355 30

421 2391 596 2448 singula
625 2407 822 2449 quaeque
853 2393 997 2436 locum
1027 2396 1209 2437 teneant
1237 2393 1396 2436 sortita
1424 2392 1640 2444 decenter,

304 2510 329 2544 4
353 2501 459 2545 petat
477 2499 517 2534 M
662 2510 702 2544 17
730 2500 846 2536 etiam
863 2514 929 2537 om.
948 2502 987 2537 M
1130 2504 1175 2538 26
1195 2506 1277 2548 post
1294 2502 1337 2537 ut
1353 2502 1436 2538 add.
1453 2500 1588 2537 saltem
1606 2499 1673 2536 SM

356 2607 369 2632 1
401 2598 455 2631 Ne
470 2599 558 2643 quid
573 2599 702 2633 nimis:
727 2598 810 2635 Ter.
825 2600 922 2635 And.
941 2598 965 2634 i.
988 2610 1017 2635 1.
1039 2609 1094 2643 34.
1190 2609 1210 2644 3
1237 2601 1363 2634 insani
1378 2600 1469 2634 etc.:
1497 2597 1587 2634 Hor.
1601 2600 1674 2644 Ep.
1687 2598 1713 2635 i.
1731 2600 1766 2636 6.

307 2645 593 2689 1516.15
621 2657 821 2680 canonum:
848 2646 894 2682 cf.
915 2648 1050 2683 Decret
1069 2647 1097 2683 I.
1121 2645 1209 2682 dist.
1225 2647 1282 2691 86,
1301 2657 1333 2682 c.
1348 2647 1393 2680 8-
1399 2656 1438 2690 13
1457 2645 1529 2691 (ed.
1550 2645 1766 2692 B'riedberg.

303 2690 329 2726 i.
348 2701 428 2736 299,
449 2691 532 2735 300)
553 2690 652 2726 Ivon.
672 2692 822 2728 Carnot.
844 2695 976 2729 Decret.
994 2693 1074 2728 xiii.
1093 2705 1149 2738 30.
1259 2703 1302 2737 27
1333 2694 1434 2727 Tunc
1451 2694 1580 2728 etenim
1597 2695 1691 2729 etc.·
1717 2693 1766 2731 cf.

305 2738 410 2821 §impu
427 2737 674 2829 ξὲιιηιὶοὶιίο)
693 2741 823 2775 Poli.cr
842 2740 867 2776 i.
886 2752 918 2786 3,
936 2741 984 2776 vi.
1003 2751 1057 2784 21,
1078 2751 1134 2776 22.
1314 2751 1354 2785 31
1383 2741 1530 2784 sinyula
1547 2742 1643 2776 etc.·
1675 2740 1766 2777 Hor.

412 2864 460 2899 34
