1878 3172
193 187 269 230 ⁵⁵⁷
288 178 318 220 <1
661 176 924 223 10ANN1s
961 178 1478 225 SARESBERIENSIS
1642 180 1752 244 [m.
1766 192 1800 226 v
1873 153 1878 221 vss

333 293 469 348 tebat‚
502 296 608 339 dum
650 296 906 341 iniuriantis
945 298 1143 340 animum
1194 298 1367 342 uideret
1411 298 1710 352 immutatum,
1740 302 1798 350 ct,
1873 279 1878 346 ,l

333 365 449 408 sicut
477 365 572 423 ipse
601 366 787 418 dicebat,
806 367 990 411 celerius
1020 382 1153 424 quam
1183 367 1388 426 asparagi
1417 372 1663 426 coquantur
1675 384 1686 422 3
1714 370 1797 414 hoc
1868 361 1878 415 Ξ

294 438 300 445 ”
333 435 452 477 enim
483 436 620 479 uerbo
650 437 715 480 rei
747 436 985 479 festinatae
1024 436 1303 480 uelocitatem
1334 437 1502 481 solebat
1539 439 1798 496 exprimere.
1868 427 1878 483 ἶῖ

188 510 267 559 558
288 521 317 550 a
333 504 391 547 In
429 519 628 548 sermone
666 505 884 562 siquidem
923 509 969 549 et
1007 506 1089 549 hoc
1128 508 1174 549 et
1212 506 1428 563 quaedam
1468 507 1556 550 alia
1588 507 1798 551 nobiliter
1871 485 1878 527 ⁵

332 577 637 631 usurpauerat,
677 575 795 632 quod
842 575 1018 618 litterae
1067 575 1163 619 eius
1210 576 1503 634 antigraphae
1545 577 1797 627 ostendunt,
1815 591 1834 626 5

294 666 300 671 -
332 643 379 685 in
410 643 581 700 quibus,
610 658 710 687 cum
740 644 909 701 aliquid
938 659 1180 701 numquam
1211 644 1415 688 futurum
1443 645 1661 697 credebat,
1684 646 1797 689 illud
1874 645 1878 658 ⁴

331 712 427 755 fore
457 712 631 756 dicebat
660 713 719 756 ad
754 713 978 757 Kalendas
1008 713 1183 758 Grecas.
1258 714 1537 758 Masinissam
1565 715 1796 773 nonagesi-
1872 659 1878 832 l

330 796 453 824 mum
491 782 625 825 etatis
660 796 829 825 annum
866 785 1070 840 agentem
1110 783 1293 827 meridie
1322 786 1427 827 ante
1462 784 1797 828 tabernaculum
1875 834 1878 840 Ι

330 853 523 894 stantem
562 851 635 893 uel
673 851 975 894 ambulantem
1021 867 1175 909 capere
1214 853 1395 896 solitum
1439 853 1559 897 cibos
1597 853 1798 911 legimus,

332 919 470 962 Gaius
492 919 666 971 Curius,
685 934 785 964 cum
811 920 943 963 uictis
963 921 1020 964 ab
1046 935 1097 964 eo
1123 921 1300 965 Sabinis
1321 937 1378 965 ex
1397 925 1577 966 senatus
1595 923 1795 966 consulto
1814 937 1870 968 102

330 989 620 1046 ampliaretur
649 989 689 1032 ei
718 989 874 1033 modus
904 990 1001 1048 agri
1042 1004 1172 1047 quem
1201 991 1492 1034 conSummati
1531 991 1696 1035 milites
1726 1006 1795 1036 ac-
1856 1000 1859 1001 ’

330 1058 564 1115 cipiebant‚
590 1059 838 1116 gregalium
863 1059 1066 1117 portione
1093 1063 1327 1103 contentus
1347 1059 1448 1111 fuit,
1467 1060 1634 1103 malum
1652 1060 1795 1104 ciuem

330 1127 480 1171 dicens
518 1128 589 1172 cui
628 1143 719 1172 non
757 1132 872 1172 esset
902 1128 1019 1171 idem
1055 1129 1172 1186 quod
1212 1130 1368 1173 ceteris
1399 1130 1519 1173 satis.
1588 1130 1795 1174 Vniuersi

331 1211 504 1254 quoque
544 1197 763 1241 exercitus
802 1212 931 1255 saepe
971 1198 1180 1242 notabilis
1229 1198 1319 1242 fuit
1357 1199 1640 1251 continentia,
1680 1200 1796 1244 sicut

330 1266 425 1308 eius
445 1266 521 1323 qui
542 1267 625 1309 sub
644 1267 793 1310 Marco
814 1267 980 1310 Scauro
999 1267 1216 1325 insignem
1236 1268 1424 1325 gloriam
1443 1269 1619 1314 meruit.
1675 1270 1795 1312 Nam
1815 1287 1856 1322 15

283 1337 313 1375 b
330 1336 566 1379 memoriae
585 1336 773 1379 tradidit
794 1336 986 1380 Scaurus
1010 1337 1329 1380 continentiam
1355 1338 1621 1382 militarem:
1651 1339 1793 1382 Pomi-
1816 1378 1822 1382 ,
1862 1343 1863 1346 ’

331 1403 484 1456 feram,
518 1405 677 1462 inquit,
712 1406 925 1458 arborem,
960 1420 1093 1462 quam
1133 1406 1180 1448 in
1218 1407 1328 1464 pede
1367 1410 1612 1451 castrorum
1646 1408 1796 1452 fuerat

329 1473 557 1529 complexa
577 1474 803 1524 mentatio,
823 1477 1044 1531 postremo
1064 1475 1146 1525 die,
1161 1476 1492 1519 concinentibus
1512 1478 1795 1522 eneatoribus
1867 1504 1870 1509 n

329 1546 375 1585 et
410 1543 675 1586 abeuntibus
710 1544 847 1594 nobis,
882 1544 1061 1587 intactis
1096 1544 1316 1588 fructibus
1355 1546 1574 1590 exercitus
1612 1547 1795 1604 reliquit

328 1611 623 1668 indempnem.
671 1612 892 1669 Auspiciis
913 1627 1016 1670 ergo
1036 1613 1331 1670 imperatoriis
1352 1613 1526 1658 Cesaris
1546 1616 1791 1659 Domitiani
1812 1636 1866 1664 αα,

328 1680 535 1737 Augusti,
567 1680 827 1724 Germanico
866 1682 980 1724 bello
1021 1682 1138 1738 quod
1178 1682 1322 1725 Iulius
1362 1682 1519 1727 Ciuilis
1557 1685 1606 1727 in
1647 1685 1794 1729 Gallia
1823 1722 1827 1726 .

327 1753 541 1802 mouerat,
563 1750 813 1808 Lingonum
833 1751 1168 1808 opulentissima
1188 1753 1359 1806 ciuitas,
1380 1768 1493 1810 quae
1517 1755 1575 1797 ad
1602 1754 1792 1799 Ciuilem
1841 1746 1874 1803 l

328 1819 586 1870 desciuerat,
619 1834 720 1862 cum
754 1820 1063 1864 aduenientem
1094 1822 1151 1864 ab
1181 1823 1378 1866 exercitu
1407 1822 1582 1867 Cesaris
1610 1825 1794 1882 popula·
1862 1806 1873 1876 ’ἔ

329 1888 495 1931 tionem
516 1889 704 1940 timeret,
721 1890 838 1946 quod
858 1893 1034 1947 praeter
1053 1905 1175 1947 spem
1195 1891 1411 1935 inuiolata
1429 1893 1566 1936 nichil
1587 1908 1643 1936 ex
1663 1894 1794 1938 rebus

329 1957 422 2000 suis
460 1958 680 2009 amiserat,
719 1959 777 2001 ad
816 1959 1074 2016 obsequium
1114 1960 1292 2003 redacta
1339 1962 1622 2019 septuaginta
1669 1963 1794 2006 milia
1813 1961 1869 2012 κε’1

328 2029 600 2070 armatorum
616 2028 804 2071 tradidit
819 2028 966 2072 michi.
1008 2029 1204 2072 Lucilius
1220 2030 1467 2081 Mommius,
1481 2031 1558 2087 qui
1574 2031 1792 2076 Corintho

328 2099 458 2153 capta
495 2111 585 2139 non
624 2097 804 2140 Italiam
845 2098 986 2140 solum
1025 2098 1101 2141 scd
1142 2099 1277 2142 etiam
1315 2100 1589 2156 prouinciam
1627 2101 1796 2145 tabulis

328 2165 575 2222 statuisque
612 2167 859 2218 exomauit,
888 2167 998 2210 adeo
1034 2167 1171 2210 nichil
1211 2183 1267 2210 ex
1306 2169 1527 2212 manubiis
1566 2169 1706 2213 tantis
1744 2170 1792 2213 in

286 2248 311 2277 c
327 2248 457 2276 suum
491 2236 712 2278 conuertit
743 2250 885 2287 usum,
916 2239 969 2279 ut
1002 2236 1139 2279 filiam
1174 2237 1268 2279 eius
1307 2237 1482 2294 inopem
1517 2242 1696 2281 senatus
1736 2254 1793 2282 ex

326 2303 502 2359 publico
536 2304 770 2348 dotauerit.
842 2304 1106 2348 Constantia
1145 2320 1329 2362 quoque,
1364 2321 1463 2349 cum
1503 2321 1558 2349 ex
1591 2307 1793 2363 pluribus
1810 2321 1857 2362 30·

326 2373 761 2429 strategemmatibus
795 2376 958 2430 pateat,
987 2373 1036 2415 in
1065 2374 1235 2417 uirtute
1271 2375 1569 2417 Romanorum
1599 2376 1791 2419 maxime

323 2442 473 2484 claret.
541 2442 705 2484 Eorum
749 2442 966 2498 siquidem
1010 2443 1340 2500 magnificentia
1380 2446 1426 2486 et
1459 2443 1639 2494 uirtute,
1669 2444 1706 2487 si
1744 2459 1791 2488 ο·
1849 2487 1851 2491 .

325 2510 494 2553 mnium
525 2511 726 2567 gentium
754 2511 964 2554 historiae
994 2512 1295 2565 reuoluantur,
1315 2512 1451 2555 nichil
1478 2512 1639 2555 clarius
1661 2513 1790 2556 lucet.

330 2615 371 2651 15
389 2607 542 2643 marcho
554 2607 616 2643 CB
670 2609 715 2644 26
732 2606 866 2644 Lucius
879 2607 910 2645 B
947 2607 1166 2654 Mommius]
1178 2607 1381 2645 maromius
1395 2608 1435 2644 M
1478 2619 1524 2655 33
1541 2608 1734 2656 hystoriae
1748 2609 1788 2646 M

374 2708 393 2734 2
412 2700 560 2734 celerius
571 2701 645 2736 etc.
659 2712 666 2735 :
685 2712 717 2736 v.
727 2699 832 2736 Suet.
846 2701 938 2744 Any.
953 2700 1010 2743 87.
1146 2710 1169 2743 4
1185 2701 1233 2735 In
1242 2712 1402 2736 sermone
1413 2702 1509 2737 etc.:
1525 2713 1559 2735 v.
1575 2699 1679 2738 Suet.
1692 2702 1788 2747 Auq.

325 2746 380 2788 87.
548 2755 565 2791 5
585 2748 843 2792 antiyraphae:
868 2747 1113 2792 autoyraphae
1129 2745 1234 2783 Suet.
1399 2757 1419 2792 7
1444 2749 1680 2784 Masinissam
1692 2751 1764 2785 etc.
1779 2762 1791 2786 τ

325 2791 493 2829 Frontin.
519 2795 629 2828 Strat.
646 2793 692 2829 iv.
718 2804 738 2839 3
767 2793 808 2840 ἑξ
841 2802 962 2840 11—15,
1109 2804 1152 2830 10
1174 2796 1309 2830 Gaius:
1334 2794 1404 2830 Μ’.
1430 2794 1599 2831 Frontin.
1742 2806 1789 2833 20

324 2841 592 2885 imperatoriis:
619 2843 848 2886 imperatoris
863 2839 1031 2876 Frontin.
1158 2851 1203 2886 23
1221 2843 1468 2877 aduenientem
1484 2842 1548 2877 ab:
1574 2843 1790 2879 adueniente

326 2885 498 2923 Frontin.
664 2889 711 2924 26
735 2889 901 2925 Lucilius
914 2889 1128 2924 Memmius:
1153 2889 1196 2924 L.
1216 2889 1414 2925 Mummius
1430 2888 1598 2926 Frontin.

433 2946 507 2984 314
