1878 3172
183 204 264 244 473
284 192 311 232 d
656 191 917 236 IOANNIS
957 191 1469 237 SARESBERIENSIS
1551 202 1558 209 ’
1618 190 1730 254 [LIB.
1747 204 1786 236 11

328 312 506 363 alienos,
535 326 644 369 quos
674 312 862 370 ignoras,
894 314 939 355 et
968 312 1211 356 seruiamus
1241 313 1313 364 eis,
1347 327 1438 356 non
1468 313 1634 356 audias·
1651 313 1788 356 uerba
1864 311 1866 315 ’

327 382 568 438 prophetae
615 384 694 424 aut
736 381 1027 434 somniatoris,
1067 382 1171 439 quia
1215 384 1407 440 temptat
1451 397 1532 426 uos
1571 382 1787 426 Dominus

328 450 450 493 Deus
483 453 642 502 uester,
671 453 724 493 ut
757 451 904 508 palam
937 452 1017 494 fiat
1047 454 1199 494 utrum
1229 451 1426 509 diligatis
1460 466 1561 494 eum
1594 466 1653 494 an
1686 466 1787 495 non.

328 520 456 562 Vnde
484 520 615 577 plane
643 520 911 577 intelligitur
939 520 1054 576 quia,
1075 520 1157 563 etsi
1187 520 1448 577 contingant
1477 535 1588 577 quae
1616 535 1644 563 a
1673 520 1788 563 diui-

326 590 539 632 nantibus
557 604 647 632 non
673 589 913 632 secundum
933 589 1077 632 Deum
1097 590 1317 641 dicuntur,
1336 604 1425 633 non
1451 590 1513 633 sic
1536 590 1787 647 accipienda
1805 610 1825 644 5

328 661 445 710 sunt,
464 662 517 702 ut
539 659 651 701 fiant
677 673 790 715 quae
815 659 1149 715 praecipiuntur
1173 659 1230 702 ab
1259 659 1321 702 eis
1345 661 1425 702 aut
1451 659 1653 703 colantur
1675 674 1787 716 quae

179 744 261 785 474
281 746 311 775 a
328 727 534 771 coluntur
559 728 616 770 ab
643 727 715 770 eis.
776 727 864 770 Sed
887 742 966 770 nec
996 728 1219 784 apostolus
1247 728 1295 770 in
1321 728 1447 771 Actis
1475 728 1787 785 Apostolorum

326 797 554 840 immundo
593 797 770 854 spiritui
808 797 1014 853 pepercit,
1054 797 1159 854 quia
1199 797 1247 839 in
1285 797 1469 840 muliere
1506 798 1787 855 uentriloqua

325 867 536 924 apostolis
575 869 621 909 et
658 866 974 923 praedicationi
1018 881 1169 909 eorum
1215 866 1517 909 testimonium
1560 867 1787 924 perhibuit

325 935 540 978 ueritatis.
603 935 648 977 N
649 935 755 978 ichil
774 950 880 978 uero
899 935 1111 978 aduersus
1133 938 1302 992 pestem
1323 935 1454 978 istam
1479 936 1699 979 salubrius
1719 940 1786 980 est
1805 953 1846 978 10
1876 956 1878 985 5

326 1019 459 1061 quam
487 1004 524 1047 si
552 1004 651 1061 quis
677 1004 929 1047 huiusmodi
954 1004 1146 1047 uanitati
1166 1004 1344 1047 omnino
1364 1019 1516 1047 aurem
1539 1005 1784 1049 subtrahat.
1868 997 1878 1073 Ξ

327 1073 505 1117 Gratias
539 1087 623 1130 ago
657 1072 763 1124 Deo,
797 1074 874 1130 qui
908 1074 1041 1116 michi
1077 1073 1210 1116 etiam
1245 1073 1293 1115 in
1323 1073 1532 1116 teneriori
1561 1077 1679 1118 etate
1708 1075 1785 1117 ad·
1866 1077 1871 1082 ’

325 1157 480 1185 uersus
511 1142 591 1184 has
625 1142 808 1199 maligni
838 1142 978 1185 hostis
1007 1143 1190 1185 insidias
1219 1142 1481 1198 beneplaciti
1511 1143 1580 1186 sui
1610 1146 1785 1187 scutum
1870 1134 1878 1188 ,ὲ

325 1212 541 1270 opposuit.
585 1211 705 1254 Dum
725 1212 843 1254 enim
862 1226 983 1268 puer,
998 1214 1050 1254 ut
1069 1212 1260 1269 psalmos
1279 1211 1557 1263 addiscerem,
1570 1213 1786 1256 sacerdoti
1872 1207 1878 1215 '⁵

325 1281 518 1325 traditus
548 1295 697 1331 essem,
727 1281 803 1337 qui
833 1279 948 1323 forte
978 1281 1266 1336 speculariam
1294 1281 1509 1338 magicam
1543 1282 1784 1332 exercebat,
1805 1298 1843 1333 15
1872 1294 1878 1386 i

325 1351 513 1408 contigit
533 1353 585 1393 ut
607 1365 677 1392 me
705 1353 749 1392 et
775 1350 908 1406 paulo
930 1350 1290 1406 grandiusculum
1316 1364 1514 1407 puerum,
1533 1351 1784 1407 praemissis
1867 1407 1870 1410 ἡ

324 1419 587 1476 quibusdam
617 1419 853 1469 maleficiis,
874 1433 954 1475 pro
982 1419 1167 1475 pedibus
1196 1418 1287 1461 suis
1317 1419 1517 1462 sedentes
1547 1419 1604 1462 ad
1633 1434 1782 1477 specu·
1834 1457 1840 1461 .
1868 1390 1878 1497 {

323 1489 459 1531 lariae
489 1488 766 1544 sacrilegium
795 1487 1046 1544 applicaret,
1072 1490 1124 1530 ut
1159 1487 1206 1529 in
1236 1487 1458 1544 unguibus
1487 1502 1610 1531 sacro
1638 1490 1784 1533 nescio
1869 1497 1878 1581 Ι

323 1557 419 1600 oleo
463 1559 543 1599 aut
581 1556 785 1599 crismate
824 1556 1033 1599 delibutis
1078 1556 1151 1599 uel
1193 1556 1241 1598 in
1284 1558 1458 1599 exterso
1496 1559 1542 1599 et
1587 1558 1782 1616 leuigato

277 1635 306 1674 b
325 1640 503 1682 corpore
541 1625 682 1681 peluis
722 1625 838 1681 quod
873 1626 1112 1681 quaerebat
1145 1628 1296 1668 nostro
1325 1625 1686 1670 manifestaretur
1714 1628 1780 1671 in·
1801 1626 1866 1670 20*

323 1695 448 1738 dicio.
508 1693 621 1738 Cum
641 1695 792 1751 itaque
811 1694 1047 1750 praedictis
1073 1694 1335 1745 nominibus,
1356 1709 1468 1751 quae
1487 1696 1582 1752 ipso
1602 1697 1782 1741 horrore

322 1764 426 1807 licet
459 1763 669 1820 puerulus
704 1778 841 1806 essem
876 1763 1110 1806 demonum
1142 1764 1420 1816 uidebantur,
1453 1767 1499 1807 et
1532 1766 1783 1822 praemissis
1866 1772 1867 1776 ’

322 1832 686 1888 adiurationibus,
721 1847 829 1889 quas
869 1832 963 1875 Deo
1001 1835 1179 1875 auctore
1217 1833 1373 1884 nescio,
1403 1834 1544 1877 socius
1579 1849 1703 1878 meus
1736 1851 1783 1879 se

322 1902 468 1945 nescio
499 1916 608 1958 quas
641 1902 856 1959 imagines
890 1902 1084 1944 tenuiter
1117 1904 1266 1944 tamen
1299 1905 1345 1944 et
1374 1902 1598 1945 nubilosas
1631 1903 1782 1946 uidere

322 1971 569 2022 indicasset,
599 1986 680 2028 ego
710 1971 886 2027 quidem
915 1971 973 2012 ad
1002 1970 1113 2012 illud
1142 1971 1207 2013 ita
1236 1985 1360 2013 cecus
1394 1971 1536 2022 extiti,
1565 1974 1618 2014 ut
1645 1972 1781 2015 nichil
1800 1989 1841 2025 25

322 2040 455 2083 michi
495 2043 728 2096 appareret
766 2039 852 2082 nisi
891 2053 1061 2097 ungues
1099 2042 1180 2082 aut
1223 2039 1364 2096 peluis
1403 2042 1448 2084 et
1486 2043 1631 2084 cetera
1669 2056 1781 2098 quae

321 2111 454 2151 antea
482 2123 703 2151 noueram.
763 2108 936 2151 Exinde
965 2123 1070 2165 ergo
1099 2108 1156 2150 ad
1185 2109 1436 2152 huiusmodi
1465 2109 1638 2153 inutilis
1667 2110 1780 2152 iudi-

321 2180 447 2220 catus
475 2192 585 2228 sum,
615 2179 660 2220 et
690 2177 815 2233 quasi
845 2177 921 2233 qui
950 2177 1179 2234 sacrilegia
1209 2178 1316 2220 haec
1345 2178 1614 2235 impedirem,
1638 2193 1695 2222 ne
1723 2179 1782 2222 ad
1866 2211 1867 2216 η

321 2246 431 2289 talia
449 2246 697 2289 accederem
727 2246 1083 2302 condempnatus,
1103 2249 1149 2288 et
1174 2246 1376 2302 quotiens
1403 2261 1496 2289 rem
1515 2247 1629 2290 hanc
1656 2261 1779 2290 exer-

320 2329 418 2358 cere
457 2315 753 2366 decreuerant‚
794 2329 874 2372 ego
912 2315 1038 2372 quasi
1077 2315 1216 2358 totius
1261 2315 1549 2358 diuinationis
1591 2316 1776 2373 impedi·
1795 2308 1878 2370 30ss

319 2387 519 2426 mentum
558 2385 747 2427 arcebar.
808 2384 881 2427 Sic
915 2384 1049 2426 michi
1083 2384 1131 2425 in
1170 2398 1222 2426 ea
1256 2387 1373 2427 etate
1410 2384 1677 2441 propitiatus
1711 2388 1779 2429 est

320 2452 547 2496 Dominus.
627 2452 740 2497 Cum
781 2467 888 2496 uero
930 2453 1161 2510 paululum
1206 2452 1520 2509 processissem,
1557 2453 1778 2510 flagitium

321 2597 342 2622 2
367 2587 636 2633 sompniatoris
652 2587 725 2624 AM
870 2596 890 2632 7
916 2587 956 2623 in
973 2586 1069 2624 actis
1085 2587 1338 2634 apostolorum
1355 2598 1379 2623 a
1407 2587 1547 2624 ostolus
1562 2587 1597 2623 A
1732 2589 1777 2626 16
1860 2547 1878 2640 ἔ

320 2633 513 2680 contingit
530 2634 570 2668 M
714 2645 759 2680 24
781 2634 977 2682 ymagines
993 2635 1027 2670 A
1167 2643 1209 2681 25
1237 2634 1389 2680 quidem
1427 2635 1527 2680 quod
1544 2635 1582 2672 S¹
1729 2646 1776 2682 29
1860 2646 1866 2650 ‘

319 2681 590 2718 condemnatus
609 2681 633 2717 S
1856 2642 1878 2886 1

1866 2885 1878 3021 ἒ

1864 3022 1878 3102 ἑ

367 2820 388 2856 7
413 2812 483 2847 Sed
498 2823 561 2848 nec
576 2813 757 2857 apostolus
772 2813 845 2848 etc.
860 2824 870 2849 z
895 2823 928 2849 v.
944 2810 1027 2849 Act.
1044 2810 1144 2858 App.
1161 2810 1233 2847 xvi.
1253 2811 1295 2848 16
1307 2821 1409 2857 seqq.

430 2882 495 2926 164
