1878 3172
165 170 243 211 533
263 171 289 201 c
626 158 885 203 IOANNIS
925 157 1439 202 SARESBERIENSIS
1587 157 1695 218 [Lm.
1712 169 1763 202 IV

305 282 442 331 tuam,
469 280 515 321 et
534 293 695 335 ponam
725 277 773 320 in
799 277 993 321 seculum
1017 277 1151 320 seculi
1178 291 1326 320 semen
1355 277 1449 321 eius
1480 279 1526 321 et
1554 277 1765 321 thronum

305 348 399 390 eius
419 348 534 390 sicut
553 347 646 390 dies
666 347 758 390 celi.
818 346 867 390 Si
887 349 1036 390 autem
1063 346 1379 403 dereliquerint
1403 346 1485 389 filii
1511 347 1605 390 eius
1623 347 1766 404 legem

305 431 448 459 meam
483 419 529 460 et
567 417 614 458 in
645 415 819 459 iudiciis
859 416 968 458 meis
1002 430 1091 458 non
1124 415 1464 467 ambulauerint,
1498 416 1536 458 si
1571 415 1766 458 iustitias

305 500 425 528 meas
464 485 843 542 prophanauerint
879 487 924 528 et
962 485 1174 527 mandata
1212 499 1311 527 mea
1341 499 1431 527 non
1464 485 1765 537 custodierint,

258 563 286 603 d
304 555 496 598 uisitabo
534 555 582 597 in
625 554 754 611 uirga
792 554 1051 610 iniquitates
1091 568 1253 607 eorum,
1287 556 1340 597 ut
1377 554 1594 597 translato
1629 568 1765 610 regno
1782 570 1801 604 5

304 624 358 667 de
383 627 515 681 gente
535 624 583 666 in
609 626 787 681 gentem
812 626 857 666 et
883 623 1039 666 deletis
1066 623 1136 666 his
1162 623 1397 666 heredibus
1422 623 1499 680 qui
1525 623 1766 666 secundum

302 708 479 736 carnem
509 708 602 736 esse
631 693 842 735 uidentur
870 693 918 735 in
948 693 1125 745 semine,
1146 692 1444 736 transferatur
1470 692 1682 736 successio
1709 692 1766 735 ad

302 762 401 806 illos
431 763 507 819 qui
537 762 640 805 fidei
671 765 716 805 et
745 762 942 805 iustitiae
972 762 1263 805 inueniuntur
1291 761 1485 805 heredes.
1544 761 1600 804 In
1629 775 1766 818 eoque

302 831 603 888 promissionis
633 830 836 874 subsistit
866 830 1044 881 ueritas,
1070 833 1114 874 et
1144 833 1243 873 rata
1276 833 1537 887 permanent
1566 844 1678 887 quae
1709 845 1766 873 ex
1864 813 1878 899 ὲ

303 915 377 944 ore
404 900 623 943 Altissimi
653 901 969 957 processerunt,
994 899 1112 956 quod
1135 899 1264 942 iustis
1293 899 1471 957 regibus
1497 899 1766 943 successione
1786 919 1827 943 10
1862 894 1878 944 z}

302 970 499 1013 fidelium
530 984 678 1012 semen
707 971 937 1026 permanet
966 968 1013 1010 in
1044 971 1256 1011 eternum.
1316 968 1414 1012 Hoc
1438 971 1588 1012 autem
1615 969 1685 1024 (ut
1708 968 1766 1011 ad
1861 943 1878 1043 ἒ

303 1053 509 1096 praesens
530 1039 583 1081 de
605 1037 795 1094 Christo,
814 1038 893 1095 qui
913 1037 1059 1080 factus
1086 1052 1143 1080 ex
1169 1037 1334 1080 semine
1354 1037 1503 1081 Dauid
1526 1038 1766 1081 secundum
1864 1050 1878 1114 ξ

303 1122 479 1152 carnem
526 1123 605 1150 rex
649 1122 804 1164 regum
843 1109 911 1150 est
947 1109 992 1149 et
1031 1107 1235 1149 dominus
1274 1107 1609 1158 dominantium,
1643 1106 1767 1149 nulla

305 1177 365 1220 sit
402 1177 585 1232 mentio)
627 1176 761 1219 etiam
801 1175 1040 1219 secundum
1089 1175 1285 1218 litteram
1319 1178 1531 1233 perpetuo
1574 1175 1767 1219 arbitror
1875 1180 1878 1232 j

304 1247 514 1297 obtinere,
541 1249 593 1289 ut
623 1245 858 1289 succedant
887 1245 1146 1302 parentibus
1175 1245 1268 1296 filii,
1298 1245 1335 1288 si
1365 1259 1438 1288 eos
1467 1245 1516 1287 in
1543 1244 1766 1288 mandatis
1785 1261 1826 1295 15
1874 1244 1878 1298 ξ

305 1316 485 1359 Domini
505 1315 695 1358 fideliter
715 1313 884 1357 fuerint
904 1314 1079 1357 imitati.
1138 1313 1262 1357 Adeo
1282 1313 1460 1371 quidem
1482 1317 1546 1365 ut,
1566 1314 1603 1357 si
1627 1314 1765 1357 omni·
1834 1364 1841 1369 ‚
1866 1301 1878 1381 3¹

161 1401 241 1440 534
261 1402 291 1431 a
306 1385 389 1428 bus
409 1387 526 1427 recte
546 1383 770 1440 dispositis
790 1387 835 1426 et
855 1383 902 1425 in
922 1397 973 1426 eo
992 1383 1273 1425 manentibus
1300 1382 1424 1426 nulla
1447 1383 1655 1426 uideatur
1674 1397 1767 1426 esse
1866 1386 1868 1388 ’

305 1453 555 1498 sollicitudo
581 1453 654 1495 uel
684 1452 873 1496 officium
903 1452 1204 1509 praesidentis,
1224 1455 1398 1495 constat
1423 1452 1504 1503 his,
1531 1453 1608 1509 qui
1632 1452 1766 1496 semel

302 1523 546 1580 principem
580 1521 865 1572 admiserunt,
900 1522 954 1564 de
989 1522 1154 1564 semine
1188 1521 1308 1564 illius
1346 1536 1635 1565 successorem
1674 1536 1764 1564 non

302 1591 573 1641 defuturum,
609 1591 693 1633 etsi
726 1605 816 1633 non
851 1591 907 1633 ob
941 1590 1062 1632 aliud
1093 1590 1166 1632 uel
1200 1590 1257 1632 ad
1288 1591 1634 1634 conseruandam
1663 1605 1762 1634 san·
1782 1610 1826 1635 20
1862 1590 1864 1592 ’

302 1660 450 1717 guinis
470 1659 728 1703 claritatem.
789 1659 917 1712 Quod
938 1661 983 1701 et
1002 1658 1287 1701 historiarum
1307 1658 1448 1716 liquet
1468 1659 1692 1716 exemplis.

361 1728 522 1771 Fertur
542 1728 658 1771 enim
679 1728 808 1784 quod,
828 1743 928 1771 cum
948 1742 1136 1784 magnus
1156 1727 1410 1771 Alexander
1428 1728 1636 1771 ultimum
1656 1729 1763 1773 litus

303 1798 491 1841 Occeani
535 1797 837 1854 perlustraret,
884 1796 1266 1853 Bragmannorum
1310 1797 1501 1840 insulam
1545 1797 1764 1842 debellare

301 1867 500 1925 parabat.
558 1866 629 1909 Ad
660 1881 790 1923 quem
819 1865 885 1907 illi
915 1866 963 1907 in
992 1865 1062 1908 his
1091 1865 1239 1908 uerbis
1269 1866 1499 1922 epistolam
1522 1867 1761 1910 miserunt:

303 1936 581 1986 Audiuimus,
620 1935 909 1978 inuictissime
952 1949 1043 1986 reX‚
1082 1935 1250 1991 praelia
1288 1938 1369 1978 tua
1413 1938 1459 1978 et
1503 1935 1762 1979 felicitatem
1781 1948 1822 1982 25
1868 1945 1878 1981 ’ἲ

303 2005 514 2049 uictoriae
544 2004 707 2061 ubique
736 2004 1025 2047 subsecutam.
1085 2004 1173 2047 Sed
1203 2004 1309 2061 quid
1340 2005 1425 2047 erit
1450 2004 1618 2048 homini
1642 2005 1763 2058 satis,

302 2075 373 2118 cui
394 2077 515 2117 totus
534 2089 623 2116 non
643 2073 804 2117 sufficit
823 2074 941 2116 orbis
959 2076 975 2116 ἲ
1023 2073 1218 2116 Diuitias
1238 2088 1327 2116 non
1341 2073 1564 2126 habemus,
1576 2088 1764 2130 quarum

303 2143 546 2200 cupiditate
575 2158 654 2186 nos
684 2143 843 2186 debeas
873 2157 1155 2200 expugnare3
1190 2143 1386 2185 omnium
1416 2142 1532 2185 bona
1560 2143 1764 2186 omnibus

303 2213 552 2256 communia
581 2215 696 2255 sunt.
757 2212 868 2255 Esca
897 2215 964 2255 est
993 2212 1119 2254 nobis
1148 2226 1228 2268 pro
1258 2212 1440 2263 diuitiis,
1463 2226 1543 2269 pro
1571 2212 1764 2257 cultibus

1874 1930 1878 1942 -
1874 1902 1878 1918 2-
1869 1859 1878 1876 ,ν
1870 1740 1878 1839 ...ἢ-κδ
1870 1697 1878 1729 ,-.’

1871 2255 1878 2275 1

307 2327 322 2352 1
349 2318 501 2352 tronum
518 2315 551 2351 A
719 2316 763 2351 16
782 2320 866 2360 post
882 2314 986 2351 Adeo
1003 2317 1085 2351 add.
1104 2315 1135 2351 si
1151 2315 1192 2350 M
1358 2325 1399 2351 21
1427 2314 1682 2362 hystoriarum
1698 2314 1761 2352 M:

302 2363 519 2400 istoriarum
538 2362 563 2398 S
706 2373 750 2408 23
775 2362 1070 2409 bragmanorum
1086 2362 1145 2398 AS
1288 2372 1334 2407 24
1358 2362 1558 2409 epistolam
1574 2375 1642 2399 om.
1659 2362 1700 2398 M
1850 2364 1851 2367 ’
1867 2364 1878 2410 3

353 2470 368 2497 1
397 2466 429 2495 et
442 2472 580 2505 ponam
596 2462 689 2498 eta:
717 2461 774 2497 Ps.
792 2459 961 2496 lxxxviii.
981 2471 1112 2506 30-32.
1254 2470 1296 2497 12
1312 2462 1439 2507 factus
1453 2472 1498 2496 ex
1511 2462 1644 2496 semine
1660 2461 1761 2497 etc-z
1870 2437 1878 2503 Ξ

303 2507 408 2544 Rom.
427 2506 451 2542 i.
470 2518 501 2552 3.
631 2518 672 2554 13
697 2520 762 2544 rex
777 2520 900 2554 reyum
917 2509 1013 2545 etc.:
1039 2508 1153 2554 Apoc.
1171 2506 1246 2544 xix.
1267 2509 1320 2544 16.
1445 2517 1489 2543 22
1513 2508 1649 2543 Fertur
1662 2509 1762 2544 etc.:
1871 2505 1878 2525 s

303 2555 403 2600 Brag
405 2565 603 2590 manorum
635 2555 683 2591 ad
723 2555 978 2591 Alexandrum
1018 2567 1200 2600 magnum
1241 2554 1437 2601 epistolam
1476 2554 1667 2599 quandam
1699 2565 1760 2601 ap.

306 2601 459 2637 Pseudo-
461 2601 745 2647 Callisthenem,
762 2601 817 2639 iii.
838 2613 879 2639 12
901 2602 1094 2647 inuenies;
1121 2602 1163 2637 in
1187 2602 1400 2639 uersionem
1424 2603 1566 2645 tamen,
1584 2613 1658 2646 qua
1674 2613 1762 2638 usus
1864 2638 1866 2641 ,

305 2650 360 2684 est
393 2647 539 2692 Noster,
572 2648 666 2685 alibi
698 2661 775 2685 non
807 2649 948 2703 incidi;
983 2648 1055 2685 nisi
1082 2649 1181 2694 quod
1207 2649 1323 2686 uerba
1347 2650 1520 2684 Feminae
1544 2654 1664 2684 autem
1690 2651 1762 2685 etc.
1822 2691 1824 2693 v

306 2696 392 2741 (534
403 2694 443 2739 B)
462 2707 577 2741 usque
594 2697 642 2732 ad
664 2699 833 2742 placeant
857 2696 899 2732 in
923 2698 1091 2733 Historia
1106 2698 1327 2733 Alexandri
1335 2698 1377 2731 de
1395 2697 1551 2741 praeliis
1569 2695 1762 2742 (impressa

303 2741 536 2788 Argentinae
565 2754 599 2778 a.
617 2744 736 2789 1486),
754 2756 822 2790 usq
826 2755 869 2780 ue
895 2744 943 2780 ad
967 2749 1075 2779 natae
1098 2749 1185 2780 sunt
1208 2755 1268 2790 ap.
1292 2742 1413 2779 Anon.
1429 2744 1472 2779 de
1493 2744 1763 2789 Braymanibus

307 2789 381 2836 (ed.
401 2788 545 2826 Bissaei
562 2789 678 2827 Lond.
701 2756 822 2836 1668,q
820 2803 856 2838 p.
876 2791 937 2838 90)
956 2790 1145 2838 leguntur.

414 2866 481 2903 270

1874 3019 1878 3050 m-.
1876 3005 1878 3010 .
1862 2828 1878 2997 nnn-..mnam
