1878 3172
76 176 176 210 on.
188 162 241 224 x]
596 159 1029 207 PomcsATIcvs
1540 158 1631 207 566
1650 167 1674 196 c

75 284 308 342 potentior,
337 297 388 327 eo
416 283 586 340 plenior
614 286 660 326 et
692 282 974 339 perniciosior
1001 281 1124 324 curia
1151 283 1229 323 est.
1306 278 1529 335 Frequens

69 353 240 397 etenim
266 355 333 396 est
357 355 411 395 ut
435 352 559 395 curia
584 351 766 408 recipiat
791 351 863 394 uel
889 350 1026 393 faciat
1053 349 1246 399 uitiosos,
1272 348 1392 405 apud
1421 361 1531 404 quos

76 421 308 465 inualescit
337 420 520 463 audacia
559 419 842 476 delinquendi
878 433 979 462 cum
1017 433 1073 461 ex
1112 417 1416 460 familiaritate
1454 429 1530 472 po·

76 493 252 534 tentum
277 489 400 532 uitiis
428 489 697 547 indulgetur.
756 487 845 531 Sed
874 491 919 531 et
947 487 1002 530 de
1030 489 1233 529 anteacta
1261 486 1358 528 uita
1386 485 1530 528 cuius-

39 571 59 605 5
77 573 263 615 cumque
286 557 454 600 frustra
478 556 783 614 praesumitur,
809 570 908 599 cum
934 556 1052 599 inter
1076 554 1260 599 curiales
1286 554 1366 596 uix
1392 552 1531 610 possit

77 627 328 670 innocentia
356 626 546 669 retineri.
616 625 726 678 Quis
754 628 822 668 est
850 624 966 667 enim
995 623 1066 668 cui
1094 623 1308 666 uirtutem
1336 636 1426 664 non
1455 635 1529 664 ex-

78 697 251 741 cutiant
287 695 519 739 curialium
558 695 739 752 nugae?
814 694 924 747 Quis
972 696 1040 736 est
1086 695 1250 742 tantus,
1290 691 1389 747 quis
1437 693 1531 733 tam

78 765 244 809 solidus
270 767 323 807 ut
346 764 566 820 corrumpi
589 777 678 806 non
703 764 874 820 possit'l
931 762 1138 819 Optimus
1164 762 1232 804 est
1257 759 1333 816 qui
1363 758 1532 803 resistit

79 825 260 883 diutius,
294 833 370 889 qui
409 832 612 882 ualidius,
646 832 722 888 qui
761 831 1057 887 corrumpitur
1093 829 1252 872 minus.
1311 827 1440 878 Nam,
1479 830 1532 869 ut

22 915 66 941 ιο
81 902 142 946 sit
178 902 324 945 uirtus
360 901 601 951 incolumis,
635 915 662 943 a
698 900 930 943 curialium
967 899 1064 941 uita
1102 896 1411 940 diuertendum
1451 899 1529 938 est.

83 970 270 1013 Prouide
296 969 493 1026 quisquis
519 969 601 1012 hoc
626 969 790 1012 dixerit
815 971 861 1011 et
889 967 1129 1024 prudenter
1154 965 1301 1009 curiae
1326 967 1532 1007 naturam
1549 968 1578 1007 d

81 1038 322 1096 expressit:

711 1095 854 1137 Exeat
882 1094 984 1137 aula

14 1214 19 1219 ⁵
369 1154 445 1210 qui
474 1153 575 1196 uult
603 1168 695 1196 esse
722 1153 834 1210 pius.

13 1244 68 1290 ’35
83 1244 211 1287 Vnde
244 1244 468 1302 eleganter
501 1243 601 1287 fons
639 1243 850 1287 Salmacis
887 1242 1073 1285 infamia
1110 1240 1311 1284 mollitiei
1350 1239 1536 1296 insignis

84 1314 225 1356 eidem
257 1317 548 1370 comparatur.
607 1313 670 1355 Vt
707 1313 823 1355 enim
854 1313 902 1354 in
935 1311 1099 1354 fabulis
1142 1314 1220 1363 est,
1258 1309 1380 1352 unda
1416 1309 1536 1351 illius

83 1385 263 1439 aspectu
293 1382 449 1425 decora
480 1384 558 1432 est,
576 1384 711 1439 gustu
739 1381 889 1431 dulcis,
924 1381 1073 1423 suauis
1103 1382 1227 1422 tactu
1260 1382 1306 1422 et
1339 1378 1536 1421 omnium

85 1465 291 1494 sensuum
329 1465 413 1493 usu
451 1450 713 1508 gratissima,
742 1449 819 1492 sed
857 1452 984 1492 tanta
1018 1448 1202 1491 mollitie
1241 1447 1537 1504 ingredientes

86 1522 268 1563 eneruat
286 1522 340 1563 ut
357 1520 466 1562 uiris
492 1518 752 1562 effeminatis
778 1518 1035 1561 nobiliorem
1059 1517 1227 1560 adimat
1252 1530 1430 1568 sexum;
1458 1529 1538 1558 nec

29 1597 73 1623 ²⁰
87 1591 189 1631 ante
208 1588 438 1644 quisquam
453 1587 678 1644 egreditur
692 1601 823 1643 quam
838 1589 1015 1643 stupeat
1030 1589 1075 1628 et
1089 1586 1236 1628 doleat
1250 1600 1295 1628 se
1315 1587 1538 1626 mutatum

87 1670 181 1699 esse
198 1655 247 1698 in
266 1655 486 1698 feminam.
544 1656 638 1698 Aut
652 1656 769 1698 enim
788 1656 944 1698 cedens
964 1655 1142 1698 omnino
1161 1668 1293 1697 sexus
1312 1653 1360 1695 in
1379 1651 1538 1695 deteri-

88 1738 208 1767 orem
246 1723 483 1780 degenerat
524 1727 604 1766 aut
651 1724 814 1766 ueteris
863 1724 1096 1780 dignitatis
1143 1723 1290 1778 aliquo
1331 1723 1538 1763 manente

91 1791 280 1848 uestigio
313 1791 680 1834 hermafroditum
708 1792 868 1842 induit,
898 1792 974 1847 qui
1013 1791 1203 1847 quodam
1242 1788 1538 1846 delinquentis
1553 1788 1631 1837 567
1652 1797 1681 1825 a

90 1862 276 1902 naturae
294 1859 484 1902 ludibrio
508 1859 569 1902 sic
594 1860 824 1915 utriusque
847 1874 978 1902 sexus
1005 1862 1200 1901 ostentat
1221 1858 1459 1914 imaginem
1488 1859 1541 1899 ut

33 1947 77 1982 ¹⁵
95 1927 296 1970 neutrius
329 1927 518 1970 retineat
543 1928 787 1970 ueritatem.
858 1928 954 1970 Hac
982 1931 1131 1970 autem
1159 1927 1319 1983 poetici
1349 1926 1466 1968 nube
1490 1925 1542 1967 fi-

93 1995 262 2053 gmenti
276 2008 495 2051 nugarum
514 1995 744 2037 curialium
763 1998 1116 2052 repraesentatur
1130 1995 1287 2050 imago,
1300 2008 1412 2049 quae
1423 1993 1543 2035 uiros

93 2064 265 2106 abiecta
286 2063 454 2125 uirtute
481 2063 710 2105 emolliunt
736 2066 815 2105 aut
843 2064 1035 2120 imagine
1067 2066 1241 2105 retenta
1268 2064 1543 2118 peruertunt.

95 2131 183 2184 Qui
213 2130 444 2174 curialium
474 2130 662 2187 ineptias
695 2131 842 2173 induit
872 2134 918 2173 et
946 2130 1194 2187 philosophi
1222 2130 1295 2172 uel
1322 2129 1427 2171 boni
1456 2129 1545 2170 uiri

94 2199 283 2243 officium
316 2199 558 2255 pollicetur,
593 2199 935 2242 hermafroditus
969 2202 1047 2249 est,
1082 2198 1157 2254 qui
1192 2198 1303 2240 duro
1339 2198 1471 2239 uultu
1500 2200 1546 2239 et

37 2280 80 2315 3ο
96 2267 270 2324 hispido
303 2267 560 2310 muliebrem
594 2268 802 2324 deturpat
832 2269 1110 2310 uenustatem
1139 2269 1185 2309 et
1215 2267 1363 2308 uirum
1393 2266 1546 2308 mulie-

95 2335 249 2378 bribus
278 2335 438 2392 polluit
468 2338 514 2378 et
546 2335 745 2379 incestat.
805 2335 891 2377 Res
925 2334 1140 2390 siquidem
1174 2336 1451 2376 monstruosa
1481 2337 1549 2376 est

97 2403 381 2461 philosophus
429 2404 628 2456 curialis3
685 2406 742 2455 et,
784 2403 890 2446 dum
937 2406 1173 2458 utrumque
1221 2416 1313 2445 esse
1361 2402 1549 2452 affectat,

99 2539 122 2565 2
147 2527 304 2574 etenim]
323 2527 425 2564 enim
442 2526 515 2562 AS¹
655 2537 698 2571 ²3
725 2525 1012 2563 ermafroditum
1030 2524 1070 2560 M
1208 2535 1254 2570 ²4
1276 2536 1364 2570 yma
1394 2524 1402 2532 '
1433 2536 1491 2562 em
1509 2523 1548 2559 M

102 2576 149 2611 26
165 2586 303 2621 ymago
321 2575 359 2610 M
501 2583 544 2617 27
564 2579 646 2619 post
662 2575 727 2609 aut
744 2575 827 2610 add.
844 2572 998 2609 uirtutis
1014 2572 1053 2607 M
1145 2571 1323 2619 ymagine
1503 2581 1550 2617 29

101 2620 365 2658 ermafroditus
380 2619 523 2656 0A1SM

152 2740 195 2775 ¹3
218 2731 337 2767 Exeat
351 2732 440 2766 aula
455 2732 545 2766 etc.:
570 2728 710 2765 Lucan.
726 2728 854 2764 Phara.
871 2726 949 2763 viii.
966 2736 1047 2773 493,
1065 2735 1100 2771 4.
1290 2735 1331 2775 15
1356 2728 1548 2763 Salmacis:

102 2789 136 2812 v.
154 2776 219 2812 Ov.
235 2778 380 2814 Metam.
397 2776 445 2814 iv.
463 2777 529 2823 285
544 2786 644 2822 seqq.

160 2845 241 2866 Μ
786 2844 817 2873 U
835 2844 864 2874 u
1377 2847 1441 2881 3²9
