1878 3172
152 144 237 200 389
255 141 286 188 (1
625 137 885 183 IOANNIS
926 134 1438 181 SARESBERIENSIS
1617 136 1730 194 [ΜΒ.
1744 138 1767 178 ἵ

305 259 442 303 Α1111(1
461 259 612 315 itaque
632 273 688 301 ex
707 257 858 308 officio,
872 257 994 299 aliud
1014 271 1070 299 ex
1089 259 1274 308 natura;
1301 256 1404 299 licet
1422 258 1610 299 naturae
1624 256 1694 299 ius
1709 270 1767 298 ex

306 329 446 372 officio
466 329 691 370 debeatur.
747 326 975 369 Parricidii
996 326 1213 382 siquidem
1234 325 1398 382 species
1419 328 1487 368 est
1505 325 1768 382 impugnare

308 399 407 441 iura
440 401 639 449 naturae,
671 399 717 440 et
746 396 964 453 sacrilegii
996 396 1139 438 instar
1167 395 1365 452 parentis
1394 395 1512 452 leges
1543 409 1768 444 euacuare,

157 484 244 522 390
265 483 293 512 a
309 470 355 510 et
385 467 519 509 matri
557 466 754 509 omnium
794 467 1004 508 honorem
1043 465 1242 507 debitum
1282 478 1372 507 non
1405 463 1582 508 referre.
1641 463 1771 516 Quod

309 539 458 579 tamen
479 535 593 578 ratio
617 550 674 577 cx
692 535 889 577 honestis
911 534 1055 577 causis
1075 533 1286 584 admittit,
1305 547 1395 575 non
1421 535 1489 575 est
1512 532 1771 589 simpliciter
1790 550 1808 583 5

308 606 514 648 alienum.
575 604 624 647 Si
654 604 853 646 modesta
883 603 999 646 forte
1028 603 1277 646 iocunditas
1306 602 1379 645 uel
1408 602 1581 645 utilitas
1608 602 1771 653 subest,

309 678 354 718 et
382 674 549 717 nemini
579 676 800 726 noceatur,
821 673 902 716 hoc
932 673 1096 715 etenim
1125 687 1214 715 non
1244 672 1508 715 aduersatur
1535 670 1676 715 officio
1699 671 1771 714 uel

309 746 521 795 naturae,
565 743 634 785 sin
667 745 817 785 autem
851 742 1087 799 impugnat
1120 741 1398 792 alterutrum,
1433 740 1587 784 statim
1626 743 1694 783 est
1728 743 1774 783 et

310 813 567 869 simpliciter
587 812 791 863 alienum,
804 814 849 853 et
861 824 1174 867 usquequaque
1188 825 1279 853 non
1293 811 1408 854 licet.
1459 810 1608 853 Huius
1623 810 1774 867 itaque

310 881 599 925 contrectatio
618 896 790 937 semper
809 883 876 923 est
896 883 975 923 aut
996 881 1156 924 erroris
1176 883 1256 923 aut
1274 880 1483 924 criminis.
1794 900 1835 923 10

386 1042 493 1100 Cap.
525 1057 564 1100 3.
614 1041 887 1086 Distributio
917 1041 1167 1099 officiorum
1197 1057 1248 1086 ew
1274 1042 1463 1099 politica
1492 1042 1706 1086 constitu-

860 1111 981 1155 tione
1009 1115 1226 1155 ueterum.

372 1215 627 1271 Philosophi
675 1214 888 1271 gentium,
932 1214 1162 1265 iustitiam,
1211 1229 1323 1271 quae
1371 1214 1551 1271 politica
1599 1214 1775 1267 dicitur,

313 1284 558 1341 praeceptis
582 1286 627 1326 et
653 1283 849 1326 moribus
876 1282 1179 1335 informantes,
1200 1283 1325 1326 cuius
1347 1283 1506 1326 merito
1530 1283 1778 1340 respublica

315 1353 544 1396 hominum
579 1352 781 1395 subsistit
813 1355 858 1394 et
888 1352 1024 1408 uiget,
1055 1367 1412 1409 unumquemque
1446 1352 1538 1395 suis
1569 1353 1700 1395 rebus
1731 1355 1778 1395 et
1798 1371 1811 1394 x
1818 1371 1837 1405 5

270 1429 299 1467 b
317 1422 476 1465 studiis
510 1422 748 1464 uoluerunt
782 1435 874 1463 esse
903 1423 1173 1472 contentum,-
1206 1421 1389 1464 urbanis
1424 1424 1469 1464 et
1500 1421 1778 1473 suburbanis,
1857 1438 1863 1442 ·

316 1492 480 1535 colonis
520 1505 692 1547 quoque
730 1490 803 1532 uel
841 1490 1019 1533 rusticis
1057 1505 1139 1532 sua
1176 1490 1363 1547 singulis
1401 1490 1497 1533 loca
1546 1493 1592 1533 et
1629 1491 1779 1534 studia

317 1560 673 1618 praescribentes.
733 1559 993 1602 Sollicitudo
1013 1559 1288 1616 singulorum
1309 1562 1354 1602 et
1373 1559 1571 1602 omnium
1590 1560 1780 1603 utilitati

318 1629 518 1686 publicae
538 1628 771 1671 seruiebat.
825 1628 1038 1682 Naturae,
1058 1628 1233 1681 laboris,
1254 1631 1299 1671 et
1318 1629 1563 1671 industriae
1583 1628 1780 1672 fructum

318 1698 619 1755 unusquisque
634 1697 873 1754 recipiebat
888 1713 943 1740 ex
958 1698 1129 1742 merito.
1177 1698 1322 1740 Nemo
1337 1698 1454 1754 quod
1469 1701 1583 1741 esset
1597 1698 1780 1742 alterius
1800 1719 1843 1743 20

319 1768 574 1824 usurpabat,
594 1770 799 1809 manente
827 1767 874 1808 in
898 1767 1102 1810 omnibus
1125 1767 1356 1809 indiuiduo
1383 1767 1583 1810 caritatis
1607 1767 1781 1812 affectu.

320 1836 493 1879 Primus
513 1836 690 1892 quidem
711 1838 757 1878 et
775 1836 947 1878 medius
973 1836 1096 1878 urbis
1117 1836 1237 1879 locus
1257 1836 1481 1893 Ariopago
1501 1836 1644 1889 cessit,
1663 1836 1782 1879 unde

319 1905 376 1948 ad
396 1905 592 1962 singulas
618 1904 922 1961 professiones,
943 1907 1076 1961 prout
1102 1905 1217 1948 ratio
1244 1905 1455 1961 cuiusque
1481 1905 1611 1948 officii
1635 1905 1782 1963 exige-

320 1975 410 2025 bat,
440 1974 725 2031 dispositione
754 1988 949 2030 congrua
977 1973 1220 2024 institutas,
1250 1973 1491 2017 officiorum
1523 1974 1622 2017 iura
1656 1975 1783 2031 quasi

320 2041 500 2097 quidam
527 2040 683 2083 salutis
713 2042 758 2083 et
786 2040 907 2082 uitae
937 2040 1072 2082 riuuli
1102 2039 1415 2084 diriuarentur.
1474 2041 1609 2083 Porro
1638 2041 1686 2083 in
1713 2042 1783 2084 his
1801 2056 1842 2090 25

321 2110 514 2153 uenandi
559 2124 631 2152 ars
674 2109 746 2152 uel
795 2109 985 2152 officium
1029 2109 1110 2152 uix
1154 2109 1431 2166 permittitur
1474 2110 1676 2153 accedere
1725 2111 1783 2154 ad

324 2179 609 2229 suburbanos
639 2193 739 2222 cum
769 2181 1002 2221 uenatores
1036 2182 1088 2221 ut
1117 2179 1334 2236 agricolae
1364 2179 1585 2236 ceterique
1616 2179 1784 2223 incolae

324 2262 478 2291 rurum
512 2248 569 2290 ab
597 2248 781 2290 urbibus
815 2247 1168 2304 nobiliorumque
1197 2251 1298 2291 cetu
1326 2248 1501 2305 longius
1539 2251 1785 2294 arceantur.

284 2332 309 2361 e
326 2318 517 2360 Omnino
556 2317 673 2359 enim
711 2317 914 2373 iniquum
949 2319 1017 2359 est
1050 2317 1267 2360 nobiliora
1300 2317 1479 2375 ingenia
1512 2317 1672 2360 studiis
1707 2317 1783 2361 de-

324 2386 548 2429 honestari
568 2386 822 2436 minoribus,
843 2390 888 2429 et
908 2400 992 2437 eos,
1012 2400 1121 2442 quos
1141 2386 1280 2429 ardua
1307 2388 1352 2429 et
1377 2386 1584 2443 grauiora
1602 2389 1785 2430 manent
1803 2403 1845 2438 30

331 2516 371 2551 13
397 2505 626 2551 Phylosophi
642 2504 703 2541 CB

376 2623 422 2654 10
446 2619 673 2653 contrectatio
699 2629 808 2654 sensu
832 2617 1184 2655 iurisconsultorum
1207 2616 1499 2662 intelligendum
1524 2619 1612 2659 est.;
1637 2630 1670 2653 v.
1698 2617 1784 2665 Dig.

327 2673 384 2709 47.
411 2675 432 2700 2
458 2666 477 2708 ξ
508 2675 548 2706 1;
582 2665 627 2701 cf.
656 2664 741 2711 Dig.
769 2675 825 2710 41.
854 2676 875 2701 2
902 2665 943 2712 ἕξ
971 2667 1074 2712 3-18.
1258 2674 1303 2700 22
1328 2666 1467 2699 medius
1490 2665 1593 2700 urbis
1616 2666 1712 2701 locus
1735 2665 1783 2701 cf.

327 2710 502 2748 Hilduini
519 2713 642 2747 Passio
659 2714 694 2748 S.
711 2714 890 2758 Dionysii,
909 2725 939 2748 c.
955 2723 976 2758 3
990 2713 1151 2758 (Migne‚
1167 2713 1208 2749 P.
1220 2713 1265 2748 L.
1280 2710 1348 2747 cvi.
1362 2710 1432 2748 col.
1445 2711 1517 2758 26).
1603 2713 1787 2759 Ariopaqo

328 2759 398 2796 etc.
414 2772 422 2795 :
439 2771 470 2794 v.
489 2758 572 2795 Val.
590 2758 689 2795 Max,
709 2770 741 2795 2.
761 2760 784 2796 6
801 2764 819 2806 ς
838 2770 883 2811 43
910 2759 956 2796 cf.
977 2761 1106 2797 Policr.
1124 2771 1157 2796 v.
1177 2769 1199 2806 9
1216 2758 1302 2806 (560
1314 2757 1366 2805 d).

438 2839 483 2869 20
