1878 3172
97 164 181 213 386
199 163 229 202 b

647 160 906 205 IOANNIS
950 151 1462 222 SARE'SBERIENSIS
1632 131 1744 218 [mn.
1761 162 1786 202 ι’

320 281 462 337 doque
491 280 714 333 monuisti,
744 295 833 323 non
863 280 1061 324 ascendo,
1135 279 1283 332 Quare
1317 278 1557 321 maioribus
1586 293 1656 322 me
1691 293 1780 322 non

319 350 472 407 ingero
501 350 646 400 curiis,
676 364 775 393 cum
805 349 889 392 tibi
929 349 1155 392 Ysocratis
1185 363 1475 405 responsurus
1505 363 1602 391 sum
1633 348 1782 399 uerbo,

320 419 397 475 qui
417 419 716 476 interrogatus
736 419 792 461 ab
812 418 975 468 amicis,
991 433 1127 474 quare
1146 432 1235 460 non
1255 418 1303 459 in
1323 416 1573 460 forensibus
1591 406 1783 475 negotiis

320 491 584 538 uersaretur,
614 487 863 544 respondit;
903 492 912 509 ‘
928 487 1051 540 Quae
1080 487 1201 530 locus
1230 487 1302 529 hic
1331 486 1472 537 callet,
1503 501 1584 544 ego
1613 487 1759 529 nescio
1771 500 1782 539 ;

322 561 433 613 quae
474 572 555 614 ego
585 557 732 607 calleo,
764 557 884 599 locus
915 556 986 599 hic
1018 556 1180 599 nescit.'
1239 557 1336 612 Ego
1371 556 1489 598 enim
1519 558 1783 612 contempno
1802 562 1832 608 5⁴

322 640 434 681 quae
474 626 540 667 illi
579 625 711 668 aulici
737 625 969 676 ambiunt,
1009 628 1054 667 et
1101 639 1214 681 quae
1260 639 1341 682 ego
1387 625 1533 667 ambio
1572 624 1639 667 illi
1681 628 1790 668 con-'

321 696 570 751 tempnunt.
629 695 791 736 Mirare
821 694 963 751 magis
993 709 1128 750 quare
1158 709 1247 737 non
1277 694 1492 751 praecido,
1516 697 1596 737 aut
1624 708 1783 750 rumpo

322 763 487 814 funem,
507 764 544 806 si
565 763 673 806 alias
693 763 806 806 solui
825 778 915 805 non
941 765 1097 819 potest,
1118 763 1195 820 qui
1222 778 1292 806 me
1312 763 1361 805 in
1387 763 1626 806 curialibus
1651 763 1784 820 nugis

322 833 494 875 tamdiu
523 832 669 875 tenuit
701 835 746 874 et
775 835 898 874 tenet
927 832 1072 875 adhuc
1102 835 1254 875 tantae
1284 832 1525 875 obnoxium
1560 832 1781 875 seruituti.

323 901 420 943 Iam
460 901 577 944 enim
613 901 741 943 annis
777 900 869 943 fere
903 901 1132 944 duodecim
1167 905 1385 959 nugatum
1425 908 1529 944 esse
1553 901 1703 944 taedet
1737 904 1783 944 613
1803 918 1846 942 10

283 990 308 1020 c
325 971 495 1027 penitet
524 985 594 1013 me
628 971 757 1027 longe
791 970 922 1012 aliter
960 970 1243 1023 institutum3
1283 974 1329 1014 et
1367 971 1494 1027 quasi
1533 970 1797 1014 sacratioris

324 1040 627 1096 philosophiae
672 1039 886 1082 lactatum
931 1040 1141 1083 uberibus
1180 1040 1538 1096 ablactatumque
1577 1039 1785 1083 decuerat

323 1107 380 1149 ad
418 1106 825 1163 philosophantium
871 1106 1081 1149 transisse
1127 1109 1274 1149 cetum
1321 1121 1454 1162 quam
1499 1106 1557 1148 ad
1599 1105 1792 1170 collegia·

322 1178 602 1232 nugatorum.
665 1175 723 1218 Et
761 1178 806 1218 te
852 1175 1030 1231 quidem
1069 1175 1211 1218 sentio
1250 1176 1298 1217 in
1341 1175 1493 1217 eadem
1532 1175 1783 1218 conditione

322 1244 502 1297 uersari,
531 1244 617 1287 nisi
648 1244 753 1300 quia
780 1244 941 1287 rectior
975 1247 1020 1287 et
1053 1244 1324 1301 prudentior,
1354 1245 1392 1287 si
1421 1243 1531 1287 facis
1560 1243 1679 1300 quod
1708 1259 1782 1287 ex·
1804 1263 1844 1297 15

323 1314 458 1371 pedit,
478 1316 570 1356 stas
593 1328 764 1370 semper
787 1314 996 1356 immotus
1023 1314 1071 1355 in
1091 1313 1255 1356 solidae
1275 1313 1459 1356 uirtutis
1479 1312 1783 1366 fundamento,

323 1397 403 1426 nec
442 1383 627 1439 agitaris
665 1382 909 1425 arundinea
954 1383 1149 1434 leuitate,
1188 1397 1267 1425 nec
1307 1382 1563 1425 deliciarum
1602 1383 1784 1425 sectaris

324 1452 485 1504 mollia,
518 1452 594 1494 sed
633 1451 730 1508 ipsi,
763 1466 874 1507 quae
908 1452 1074 1494 mundo
1113 1452 1314 1508 imperat,
1346 1452 1536 1508 imperas
1574 1451 1782 1495 uanitati.
1854 1450 1860 1454 ⁴

324 1521 452 1562 Vnde
486 1535 586 1563 cum
620 1521 704 1563 tibi
742 1520 943 1563 diuersae
977 1521 1230 1577 prouinciae
1270 1520 1488 1577 congestis
1522 1520 1782 1563 meritarum

323 1589 506 1632 laudum
535 1589 779 1646 praeconiis
809 1590 934 1646 quasi
963 1605 1113 1632 arcum
1144 1590 1318 1647 erigant
1343 1589 1671 1646 triumphalem,
1700 1604 1782 1647 ego
1803 1590 1855 1623 20'

323 1659 396 1700 uir
424 1659 620 1715 plebeius
655 1659 869 1701 stridente
899 1659 1051 1701 fistula
1081 1659 1239 1702 inculti
1273 1658 1435 1715 eloquii
1470 1658 1634 1701 librum
1664 1658 1783 1702 hunc

326 1727 382 1769 ad
411 1728 621 1770 honorem
641 1731 782 1780 tuum,
808 1728 933 1770 uelut
962 1728 1162 1785 lapillum
1191 1728 1240 1770 in
1266 1742 1422 1770 aceruo
1452 1727 1785 1784 praeconiorum

184 1803 263 1854 387
282 1814 311 1842 a
327 1798 506 1839 tuorum
531 1796 720 1848 conieci;
750 1796 890 1839 sciens
917 1797 1021 1853 quia
1047 1797 1162 1840 sicut
1187 1811 1277 1839 non
1304 1797 1439 1839 habet
1467 1796 1585 1839 unde
1611 1796 1785 1853 placeat

325 1880 381 1908 ex
410 1868 657 1916 uenustate‚
688 1866 750 1908 sic
779 1880 835 1907 ex
864 1865 1098 1908 deuotione
1126 1865 1357 1909 scribentis
1386 1879 1475 1908 non
1504 1865 1670 1922 poterit
1698 1866 1785 1909 dis-

322 1934 494 1991 plicere.
565 1934 721 1991 Nugas
750 1937 986 1995 perarte
1016 1934 1212 1977 continet
1240 1934 1437 1986 curiales,
1467 1937 1512 1977 et
1541 1935 1611 1977 his
1640 1935 1783 1992 magis
1802 1932 1856 1985 25v

322 2003 490 2046 insistit
517 2003 677 2059 quibus
706 2006 892 2060 urgetur
916 2003 1070 2060 magis.
1131 2003 1371 2067 PQffirbe
1398 2006 1550 2046 autem
1579 2006 1785 2047 uersatur

322 2073 370 2115 in
408 2072 609 2129 uestigiis
647 2072 1031 2129 philosophorum3
1072 2072 1180 2129 quid
1219 2072 1266 2114 in
1301 2073 1487 2130 singulis
1521 2073 1795 2129 fugiendum¹

323 2143 383 2185 sit
409 2145 488 2184 aut
513 2142 783 2198 sequendum
811 2142 1062 2198 relinquens
1092 2142 1277 2186 arbitrio
1307 2143 1532 2200 sapientis.
1593 2143 1652 2186 Et
1679 2143 1795 2200 quia

323 2226 379 2254 ne
408 2211 587 2254 laedant
616 2211 820 2268 aliquem,
851 2226 951 2253 eum
977 2212 1175 2268 oportuit
1209 2212 1447 2263 conueniri,
1476 2212 1524 2254 in
1554 2226 1641 2268 quo
1669 2211 1783 2254 nihil

322 2281 607 2338 nugatorium
639 2281 778 2337 possit
817 2281 956 2337 argui,
988 2283 1033 2323 te
1067 2281 1266 2323 uirorum
1297 2284 1474 2324 nostrae
1504 2281 1664 2324 aetatis
1698 2280 1782 2323 ele·
1802 2285 1860 2330 ,φ’

322 2350 633 2407 gantissimum
662 2350 836 2393 decreui
871 2350 1118 2402 conuenire,
1148 2353 1193 2394 et
1222 2365 1334 2407 quae
1368 2350 1580 2393 uidentur
1613 2350 1661 2392 in
1695 2349 1783 2393 mei

324 2489 345 2514 2
371 2478 541 2514 isocratis
559 2478 583 2514 S
693 2488 710 2525 5
737 2481 939 2515 contemno
957 2477 981 2514 S
1078 2487 1099 2523 7
1123 2477 1293 2524 prescido
1311 2477 1336 2514 S
1434 2488 1476 2524 13
1500 2477 1784 2525 phylosophan-

323 2525 422 2561 tium
440 2525 479 2559 M
622 2536 667 2561 22
684 2526 798 2562 uelud
815 2525 839 2562 S
982 2534 1026 2570 27
1052 2525 1373 2573 phylosophorum
1390 2524 1444 2561 CS

372 2644 393 2669 2
422 2635 623 2669 Ysocratis:
651 2634 815 2670 Macrob.
833 2636 907 2671 Sat.
924 2634 984 2670 vii.
1006 2645 1042 2680 13
1070 2635 1116 2671 cf.
1133 2634 1278 2671 dictum
1303 2633 1490 2679 quoddam
1507 2632 1664 2679 Epicuri
1680 2633 1782 2670 haud

324 2679 504 2717 dissimile
522 2692 582 2727 ap.
603 2681 684 2716 Sen.
696 2683 767 2726 Ep.
787 2692 832 2727 29
851 2681 868 2728 §
892 2693 945 2718 10.
1093 2692 1136 2717 10
1159 2682 1360 2717 duodecim:
1387 2693 1418 2716 v.
1436 2681 1478 2716 R.
1495 2680 1534 2716 L.
1553 2680 1667 2717 Poole
1685 2683 1782 2717 Dict.
1798 2725 1801 2727 ‚

323 2730 368 2773 of
376 2729 550 2763 National
562 2729 778 2774 Bioyraphy,
795 2741 822 2766 ε.
834 2741 869 2765 v.
891 2728 1010 2764 ‘John
1027 2728 1070 2764 of
1083 2728 1297 2776 Salisbury.'
1346 2727 1506 2766 Videtur
1521 2729 1649 2765 noster
1664 2739 1784 2765 annos

324 2785 348 2810 a.
363 2773 522 2810 concilio
541 2774 716 2812 Remensi
733 2787 766 2811 a.
788 2777 877 2820 1148
894 2787 1118 2813 numerasse.
1839 2776 1841 2778 ’

436 2855 477 2889 14
