1878 3172
183 181 269 229 463
288 190 317 220 a
662 173 922 219 IOANNIS
963 171 1476 217 SARESBERIENSIS
1632 173 1742 229 [ΗΒ.
1758 182 1798 216 Π

333 295 586 346 Dominum,
621 296 667 337 et
700 308 790 336 non
824 293 1052 350 respondit
1086 292 1126 335 ei
1165 306 1307 349 neque
1340 306 1420 349 per
1453 291 1623 335 somnia
1656 305 1798 348 neque

332 379 412 422 per
441 363 688 407 sacerdotes
717 377 859 419 neque
889 377 968 419 per
996 362 1245 419 prophetas.
1306 361 1403 405 Hoc
1434 363 1585 404 tamen
1619 361 1660 404 ei
1693 364 1798 404 ante

333 433 677 476 denuntiauerat
725 432 915 482 Samuel,
963 432 1067 488 quia
1116 431 1356 474 Dominum
1404 430 1633 487 penitebat
1681 430 1811 490 quod

333 518 434 546 eum
463 502 755 545 constituerat
784 516 942 558 regem,
973 516 1024 544 eo
1054 501 1171 557 quod
1202 515 1291 544 non
1320 501 1584 558 impleuerat
1612 500 1798 543 uerbum

331 560 524 622 Domini,
551 571 764 614 suadente
793 570 985 613 auaritia
1014 584 1197 626 parcens
1227 570 1357 627 Agag
1386 570 1479 628 regi
1509 569 1799 628 pinguissimo
1819 587 1837 621 5

332 646 379 684 et
413 641 570 698 opimis
605 640 814 698 gregibus
848 640 1000 682 ouium
1033 642 1078 682 et
1108 642 1409 682 armentorum
1442 642 1488 682 et
1521 639 1719 682 uestibus
1754 642 1800 682 et

331 711 546 753 arietibus
573 714 618 753 et
644 709 863 752 uniuersis
893 723 1005 765 quae
1031 709 1217 765 pulchra
1245 713 1372 752 erant
1395 709 1443 751 in
1469 709 1606 752 oculis
1632 708 1797 765 populi.

333 779 553 836 Quicquid
602 793 708 821 uero
757 779 845 820 uile
895 778 986 820 fuit
1034 780 1080 820 et
1127 778 1374 834 reprobum,
1423 777 1505 821 hoc
1559 778 1799 820 mandante

331 848 522 891 Domino
552 848 749 890 demoliti
781 850 896 897 sunt,
927 850 972 890 et
1001 861 1101 889 cum
1130 847 1242 889 nulli
1272 847 1434 890 ducum
1461 847 1549 890 nisi
1579 846 1634 890 de
1663 861 1799 889 manu

330 917 511 960 Domini
552 917 826 960 exercituum
868 916 1099 972 contingat
1138 916 1335 966 uictoria,
1374 916 1542 959 auctori
1582 916 1796 958 bonorum
1819 931 1860 955 10

330 1001 420 1029 non
467 986 662 1029 referens
705 986 893 1043 gloriam
942 986 1114 1029 uiribus
1160 986 1251 1029 suis
1297 986 1345 1027 in
1392 985 1505 1028 facie
1550 985 1702 1042 populi
1744 985 1798 1028 de

331 1056 490 1099 collato
539 1070 720 1098 munere
769 1055 1077 1112 applaudebat.
1152 1055 1226 1098 Sic
1275 1055 1392 1098 enim
1441 1055 1654 1111 scriptum
1705 1057 1798 1097 est:

285 1129 313 1166 b
334 1125 518 1168 Factum
555 1128 622 1167 est
660 1124 846 1167 uerbum
886 1124 1065 1166 Domini
1105 1124 1162 1166 ad
1202 1124 1474 1167 Samuelem:
1519 1124 1695 1166 Penitet
1728 1138 1798 1166 me

332 1195 449 1251 quod
495 1194 800 1237 constituerim
847 1193 955 1237 Saul
1002 1209 1161 1251 regem,
1208 1194 1313 1250 quia
1355 1193 1591 1250 dereliquit
1635 1207 1706 1236 me
1751 1196 1798 1236 et

329 1264 467 1307 uerba
498 1279 595 1306 mea
625 1278 754 1320 opere
785 1278 873 1306 non
903 1263 1117 1319 impleuit.
1178 1262 1479 1306 Contristatus
1508 1265 1576 1305 est
1605 1262 1795 1313 Samuel,
1817 1275 1856 1309 15

330 1337 375 1376 et
410 1333 620 1376 clamauit
654 1333 711 1375 ad
745 1333 985 1375 Dominum
1020 1335 1116 1375 tota
1150 1335 1287 1375 nocte.
1348 1331 1546 1388 Cumque
1581 1332 1635 1375 de
1668 1334 1796 1375 nocte

330 1403 594 1445 surrexisset
613 1405 666 1444 ut
685 1403 771 1444 iret
791 1402 847 1443 ad
869 1401 1059 1451 Saulem,
1079 1416 1208 1443 mane
1232 1401 1489 1443 nuntiatum
1514 1404 1581 1444 est
1601 1401 1797 1444 Samueli

330 1472 447 1528 quod
468 1472 662 1514 uenisset
683 1471 790 1514 Saul
810 1471 858 1512 in
887 1470 1138 1514 Carmelum
1163 1474 1208 1513 et
1238 1471 1449 1513 erexisset
1475 1470 1558 1513 sibi
1583 1470 1796 1513 fornicem
1858 1461 1865 1465 ¹

329 1541 645 1597 triumphalem
695 1543 741 1582 et
789 1554 991 1582 reuersus
1041 1540 1271 1582 transisset
1319 1539 1698 1596 descendissetque
1746 1540 1795 1582 in

330 1609 526 1666 Galgala.
605 1609 775 1651 Deinde
813 1608 871 1650 ad
909 1608 1228 1664 increpationes
1268 1608 1485 1650 Samuelis
1523 1608 1687 1651 crimen
1726 1608 1792 1650 in-
1814 1624 1856 1647 20

331 1678 605 1721 obedientiae
665 1678 748 1721 sub
803 1681 1039 1734 praetextu
1098 1678 1323 1734 religionis
1378 1677 1537 1720 maluit
1585 1692 1794 1720 excusare

332 1761 466 1803 quam
501 1747 644 1789 delere
679 1761 758 1803 per
790 1747 1093 1803 penitentiam,
1128 1761 1239 1803 quae
1274 1746 1465 1789 secunda
1503 1746 1656 1789 tabula
1695 1749 1796 1802 post

331 1816 617 1873 naufragium
637 1816 790 1858 relicta
811 1818 877 1858 est
896 1815 1124 1871 peccatori.
1183 1816 1263 1858 Ait
1292 1816 1435 1858 enim:
1475 1815 1618 1858 Immo
1642 1815 1796 1858 audiui

331 1900 484 1928 uocem
519 1885 709 1935 Domini,
740 1887 785 1927 et
818 1884 1043 1927 ambulaui
1075 1885 1123 1926 in
1161 1885 1236 1927 uia
1274 1899 1353 1942 per
1391 1899 1524 1941 quam
1563 1885 1686 1928 misit
1723 1899 1794 1928 me

332 1955 560 2005 Dominus,
600 1958 645 1997 et
683 1954 850 1996 adduxi
882 1954 1012 2011 Agag
1050 1969 1198 2010 regem
1236 1954 1459 2005 Amalech,
1498 1957 1544 1997 et
1581 1954 1793 1998 Amalech
1813 1967 1854 2002 25

290 2042 317 2070 c
331 2024 544 2066 interfeci.
619 2024 742 2066 Tulit
770 2026 919 2065 autem
954 2023 1142 2079 populus
1172 2023 1226 2066 de
1260 2024 1423 2080 praeda
1452 2038 1556 2066 oues
1585 2027 1631 2066 et
1660 2024 1794 2067 boues

329 2093 549 2150 primitias
574 2107 724 2135 eorum
752 2107 864 2149 quae
890 2107 1016 2135 caesa
1042 2095 1158 2143 sunt,
1185 2095 1237 2135 ut
1263 2092 1460 2135 immolet
1484 2092 1674 2135 Domino
1699 2092 1794 2135 Deo

330 2177 409 2204 suo
429 2162 476 2203 in
498 2162 704 2219 Galgalis.
766 2162 875 2204 Ecce
900 2161 1118 2218 quomodo
1145 2176 1190 2204 se
1220 2162 1365 2218 ipsum
1390 2165 1582 2212 excusat,
1603 2164 1648 2204 et
1674 2161 1794 2218 quic-

330 2231 435 2288 quid
476 2231 630 2288 culpae
669 2233 746 2281 est,
781 2234 862 2273 aut
893 2234 1106 2273 extenuat
1139 2233 1219 2273 aut
1253 2230 1454 2274 refundit
1486 2231 1534 2272 in
1569 2230 1793 2287 populum.

329 2301 409 2343 Ait
439 2316 543 2358 ergo
574 2300 775 2343 Samuel:
825 2300 1054 2356 Numquid
1084 2300 1184 2342 uult
1214 2299 1430 2342 Dominus
1464 2299 1719 2342 holocausta
1748 2302 1794 2342 et
1811 2315 1853 2347 30

328 2369 544 2419 uictimas,
565 2373 610 2411 et
636 2384 726 2411 non
752 2370 900 2426 potius
920 2372 972 2411 ut
992 2368 1225 2411 obediatur
1247 2368 1344 2411 uoci
1365 2368 1544 2411 Domini
1561 2369 1577 2411 2
1636 2368 1794 2411 Melior

328 2441 396 2480 est
435 2438 552 2480 enim
592 2438 842 2480 obedientia
882 2452 1014 2494 quam
1053 2437 1271 2487 uictimae,
1312 2440 1357 2480 et
1395 2436 1612 2480 ascultare
1651 2436 1793 2495 magis
1864 2461 1867 2464 ⁴

251 2601 253 2605 ‚
331 2567 375 2602 32
401 2557 613 2593 auscultare
631 2557 664 2591 A

379 2671 401 2696 2
426 2662 503 2695 Hoc
519 2662 590 2696 etc.
606 2673 614 2696 ε
638 2673 670 2695 v.
689 2672 702 2696 1
721 2660 811 2706 Reg.
828 2671 884 2695 xv.
994 2669 1036 2704 13
1063 2660 1214 2695 Factum
1230 2663 1279 2695 est
1296 2660 1365 2695 etc.
1382 2670 1391 2694 :
1421 2669 1435 2694 1
1456 2657 1548 2705 Reg.
1564 2670 1620 2695 xv.
1637 2669 1681 2696 10
1690 2670 1792 2706 seqq.
1871 2654 1875 2663 ’

330 2717 375 2744 22
401 2710 556 2743 secunda
571 2710 693 2743 tabula
707 2710 779 2743 etc.
796 2719 804 2743 :
833 2707 984 2743 Hieron.
1002 2708 1072 2752 Ep.
1092 2718 1188 2743 cxxx
1204 2709 1267 2752 (ad
1284 2708 1545 2742 Demetriadem
1562 2709 1604 2742 de
1618 2709 1794 2743 servanda

329 2756 551 2800 virginitate)
573 2754 589 2801 ξ
610 2765 631 2800 9
651 2754 797 2800 (Migne
814 2757 854 2790 P.
872 2757 915 2791 L.
934 2754 1023 2791 xxii.
1047 2754 1164 2799 1115).
1265 2764 1310 2799 23
1335 2755 1449 2790 Immo
1466 2755 1559 2790 etc.:
1588 2764 1602 2790 1
1624 2753 1716 2801 Reg.
1731 2765 1788 2791 xv.

330 2813 390 2847 20,
408 2812 465 2838 21.
610 2812 656 2847 30
679 2804 864 2850 Numquid
881 2805 952 2839 etc.
968 2814 976 2838 :
1005 2811 1020 2838 1
1042 2800 1130 2848 Reg.
1148 2812 1203 2838 xv.
1219 2811 1279 2846 22,
1296 2811 1354 2847 23.

443 2870 507 2914 146
