1878 3172
183 170 262 210 453
281 159 309 199 d
656 156 915 201 IOANNIS
956 155 1468 200 SARESBERIENSIS
1624 154 1734 217 [mn.
1750 168 1790 201 η

324 292 514 329 sensum,
546 281 599 321 ut
628 278 804 329 dixerit,
837 277 886 321 Si
916 292 1005 320 non
1040 280 1186 320 essent
1219 277 1550 334 praedestinati,
1582 277 1793 320 dixissem

324 347 463 399 uobis,
483 347 556 390 ibo
576 350 621 390 et
641 347 992 404 praedestinabo,
1013 347 1221 389 credibile
1248 349 1316 389 est
1335 346 1442 389 dum
1461 361 1610 389 rerum
1629 347 1794 404 pendet

324 420 522 467 euentus,
562 417 599 459 si
641 416 947 473 Omnipotenti
987 416 1170 473 placeat,
1205 430 1279 458 eos
1315 416 1391 472 qui
1431 416 1628 458 nondum
1667 430 1792 472 prae-

325 486 537 529 destinati
571 488 687 536 sunt,
719 500 845 542 posse
876 485 1197 542 praedestinari
1232 485 1290 528 ad
1323 485 1479 536 uitam,
1509 488 1556 528 et
1587 485 1663 542 qui
1702 485 1794 527 iam

326 556 479 612 scripti
511 559 617 598 sunt
650 556 697 598 in
731 556 845 598 libro
877 555 1010 606 uitae,
1041 554 1322 612 exigentibus
1351 555 1523 597 meritis
1552 555 1610 597 ab
1640 554 1792 598 eodem
1811 571 1830 605 5

182 637 261 678 454
281 639 311 668 a
326 639 452 682 posse
481 625 628 668 deleri.
689 625 807 667 Hinc
842 627 909 668 est
943 623 1083 667 forte:
1126 623 1371 666 Deleantur
1405 623 1460 666 de
1494 623 1607 666 libro
1638 623 1792 665 uiuen-

325 694 451 744 tium,
474 697 519 737 et
538 709 639 737 cum
658 693 788 736 iustis
808 708 897 736 non
918 692 1179 736 scribantur.
1239 691 1442 748 Itemque
1459 708 1468 735 :
1497 691 1592 734 Aut
1615 691 1794 734 dimitte

325 762 388 805 eis
411 763 525 805 hanc
549 777 724 813 noxam,
744 765 824 804 aut
839 761 947 805 ‘dele
973 776 1044 804 me
1072 761 1126 803 de
1157 760 1270 803 libro
1297 763 1376 803 tuo
1403 775 1535 816 quem
1562 760 1792 817 scripsisti.

325 830 413 883 Qui
453 834 586 873 natus
625 834 704 882 est,
738 831 885 887 inquit
925 830 1224 887 Euangelista,
1264 844 1320 871 ex
1359 829 1466 882 Deo,
1500 843 1589 872 non
1628 832 1792 886 peccat,

324 899 532 955 quoniam
558 900 786 956 generatio
814 899 986 942 celestis
1017 901 1167 941 seruat
1198 913 1309 941 eum.
1371 898 1608 941 Generatio
1635 898 1791 955 utique
1811 914 1852 943 ιο

322 969 494 1012 celestis
538 972 605 1012 est
650 971 803 1012 eterna
841 968 1201 1026 praedestinatio,
1241 968 1367 1011 cuius
1405 982 1558 1011 omnes
1597 968 1679 1010 filii
1723 968 1790 1009 in-

321 1037 586 1093 grediuntur
611 1037 669 1080 ad
695 1038 850 1089 uitam,
870 1037 954 1080 etsi
985 1037 1193 1094 possibile
1223 1037 1283 1079 sit
1312 1037 1486 1080 eosdem
1516 1036 1791 1094 praeuarica-

321 1106 457 1150 tionis
486 1107 645 1150 merito
675 1122 702 1149 a
731 1106 916 1157 iustitia,
946 1121 1059 1162 quae
1089 1106 1166 1149 uia
1196 1106 1317 1149 uitae
1348 1110 1427 1157 est,
1457 1106 1673 1149 aberrare.
1742 1105 1792 1148 Si

322 1175 434 1217 mihi
468 1191 558 1219 non
591 1175 743 1226 credis,
779 1175 885 1218 audi
920 1175 993 1218 uel
1028 1175 1167 1224 illum,
1202 1175 1274 1218 cui
1314 1175 1351 1218 si
1391 1175 1576 1233 angelus
1611 1175 1665 1217 de
1699 1174 1792 1217 celo

323 1245 655 1296 contradixerit,
714 1245 974 1301 dignissimo
1035 1244 1319 1287 anathemate
1383 1244 1789 1301 condempnabitur.
1811 1258 1850 1292 ¹5

325 1313 467 1366 Pater,
488 1315 646 1371 inquit,
667 1330 723 1357 ex
753 1315 815 1357 eis
845 1328 954 1371 quos
984 1313 1146 1356 dedisti
1177 1314 1287 1355 mihi
1317 1328 1407 1356 non
1437 1313 1610 1370 perdidi
1640 1328 1790 1370 quem-

277 1382 307 1420 b
326 1397 470 1439 quam,
490 1384 567 1426 sed
596 1398 725 1426 serua
755 1398 839 1426 eos.
899 1383 1060 1426 Nonne
1090 1396 1251 1438 quaeso
1280 1381 1369 1423 iam
1399 1381 1497 1424 illos
1527 1382 1791 1438 perdiderat,

325 1453 402 1509 qui
432 1456 673 1495 retrorsum
703 1452 935 1494 abierant?
994 1451 1154 1493 Nonne
1185 1450 1319 1492 etiam
1349 1450 1671 1507 quodammodo
1700 1451 1791 1493 iam
1857 1466 1864 1471 ·

325 1521 484 1563 Iudam
524 1520 811 1577 perdiderat?
885 1519 972 1562 Sed
1006 1522 1124 1562 certe
1154 1533 1243 1561 non
1274 1521 1581 1575 acceptauerat
1611 1533 1712 1561 eum
1740 1519 1790 1561 in

324 1590 516 1633 archano
547 1589 718 1632 consilii
751 1588 902 1639 Filius,
933 1603 1013 1631 nec
1053 1588 1186 1630 Pater
1225 1588 1492 1630 seruandum
1531 1588 1650 1631 inter
1688 1603 1788 1632 con·
1810 1603 1854 1628 πο

324 1659 510 1715 scriptos
531 1659 644 1702 Filio
672 1658 854 1701 dederat
882 1657 1020 1708 illum,
1040 1658 1115 1713 qui
1139 1672 1229 1700 non
1257 1657 1406 1699 fuerat
1434 1658 1790 1714 praedestinatus

325 1728 382 1771 ad
421 1728 575 1772 uitam.
635 1728 683 1771 Si
724 1742 830 1770 uero
869 1727 946 1769 alii
985 1727 1286 1783 praeordinati
1326 1730 1465 1778 erant,
1494 1727 1532 1770 si
1572 1728 1662 1770 labi
1701 1743 1792 1771 non

323 1799 541 1853 poterant,
563 1811 698 1854 quare
727 1811 808 1854 pro
838 1796 901 1839 eis
930 1798 1059 1838 tanta
1089 1796 1325 1841 sedulitate
1356 1795 1497 1838 Filius
1526 1796 1792 1840 intercedit?

325 1865 539 1908 Saluandi
580 1879 684 1922 ergo
725 1868 879 1917 erant3
923 1867 969 1907 et
1002 1867 1152 1907 tamen
1187 1865 1293 1907 dum
1328 1865 1728 1922 peregrinabantur
1762 1880 1790 1908 a

324 1935 515 1977 Domino
565 1938 752 1977 mortem
806 1936 1014 1991 poterant
1069 1934 1319 1990 promereri,
1368 1934 1426 1977 ad
1474 1935 1616 1978 uitam
1664 1935 1789 1978 nulla
1807 1945 1850 1982 ²⁴5
1876 1961 1878 1970 ·

323 2004 584 2046 necessitate
622 2002 1038 2060 praedestinationis
1079 2003 1226 2046 artati.
1286 2003 1514 2046 Gloriatur
1543 2004 1642 2060 quis
1672 2004 1790 2061 quod

323 2086 424 2114 eum
450 2072 587 2115 nichil
614 2072 839 2128 separabit
867 2087 895 2114 a
926 2071 1112 2115 caritate
1143 2071 1326 2124 Christi,
1348 2075 1393 2115 et
1421 2075 1572 2116 tamen
1601 2074 1792 2130 castigat

321 2155 480 2197 corpus
510 2155 639 2183 suum
670 2146 715 2183 et
749 2140 797 2182 in
829 2140 1092 2183 seruitutem
1127 2141 1301 2198 redigit,
1330 2156 1386 2184 ne
1417 2141 1533 2184 forte
1562 2157 1662 2186 cum
1692 2141 1791 2184 aliis

322 2210 655 2267 praedicauerit,
696 2210 791 2266 ipse
835 2210 1047 2266 reprobus
1097 2210 1364 2254 inueniatur.
1443 2211 1499 2254 In
1538 2211 1792 2268 Apocalipsi

324 2293 498 2336 quoque
536 2281 774 2321 monentur
812 2278 959 2336 angeli
1006 2278 1287 2322 ecclesiarum
1330 2294 1448 2323 nunc
1494 2294 1625 2338 agere
1668 2279 1790 2337 peni-
1809 2296 1878 2332 ³02

327 2405 368 2442 15
396 2395 710 2432 condemnabitur
727 2394 752 2432 S

371 2514 406 2548 4,
426 2513 443 2550 5
470 2507 534 2551 qui
550 2507 626 2540 iam
641 2507 770 2550 scripti
787 2506 881 2542 etc.:
905 2505 987 2542 Hoc
1013 2504 1095 2542 fieri
1119 2517 1225 2559 posse
1251 2507 1367 2552 negat
1391 2505 1628 2552 Augustinus
1649 2507 1788 2544 Enarr.

324 2553 366 2586 in
383 2553 515 2604 Psasz.
535 2551 653 2589 lxviii.
672 2563 717 2599 ²9
740 2552 884 2600 (Migne
901 2554 942 2588 P.
960 2554 1002 2588 L.
1021 2564 1143 2588 xxxvl.
1163 2553 1258 2598 863).
1427 2554 1451 2589 6
1475 2555 1677 2589 Deleantur
1691 2557 1787 2592 etc.:

324 2598 381 2634 ΡΒ.
400 2598 517 2635 lxvu'i.
535 2609 590 2644 29.
736 2608 756 2644 7
782 2602 859 2635 Aut
875 2602 1012 2636 dimitte
1030 2602 1124 2636 etc.:
1150 2599 1266 2636 Exod.
1283 2598 1397 2635 xxxii.
1417 2610 1472 2645 31,
1491 2611 1546 2645 32.
1671 2612 1694 2648 9
1721 2603 1792 2646 Qui

323 2651 435 2682 natus
452 2651 500 2680 est
516 2648 588 2682 etc.
603 2659 611 2682 ε
641 2657 655 2681 1
677 2646 808 2683 Ioann.
826 2659 860 2683 v.
882 2649 923 2683 18
940 2647 1005 2682 ubi
1022 2649 1151 2683 tamen
1165 2649 1345 2692 generatio
1362 2648 1433 2682 Dei
1448 2645 1601 2693 legitur.
1746 2659 1789 2693 14

323 2694 473 2737 anyelus
489 2695 531 2728 de
549 2695 617 2729 celo
636 2695 707 2730 etc.
721 2707 730 2729 :
755 2705 787 2730 v.
801 2693 884 2730 Gal.
895 2694 920 2730 i.
933 2695 964 2730 8.
1067 2696 1109 2730 16
1127 2696 1237 2729 Pater
1251 2696 1321 2730 etc.
1336 2705 1344 2729 :
1372 2706 1402 2729 v.
1419 2694 1545 2730 Ioann.
1560 2693 1647 2731 xvii.
1663 2705 1715 2737 11,
1733 2705 1787 2739 12,

323 2739 426 2824 321³:
445 2750 557 2823 300.
583 2740 1529 2835 332333331331311131311353.1311ςὲ3131
1559 2787 1603 2825 ffi
1638 2743 1790 2827 13333

435 2867 500 2900 130
