1878 3172
79 195 178 229 σΔΡ.
192 183 266 245 xl]
589 183 1025 229 POLICRATICVS
1548 194 1628 235 533
1646 196 1678 226 a

286 340 391 399 Cap.
415 353 479 386 11.
529 341 651 396 Quae
668 340 728 385 sit
747 341 845 385 alia
862 355 1022 385 merces
1036 341 1325 400 poincipwn.

136 431 230 476 Nec
249 435 398 476 tamen
421 432 538 490 quod
559 432 735 476 litterae
759 433 904 490 prima
926 431 1062 476 facies
1086 434 1310 490 promittit
1336 433 1532 485 excludo,

80 493 192 558 quae
242 504 288 544 et
329 501 450 559 longi
495 501 704 559 temporis
746 516 931 559 regnum
976 502 1199 558 promittit
1240 503 1442 560 patribus
1487 507 1533 547 et

79 569 274 613 eiusdem
298 570 610 614 successionem
636 570 862 627 protendit
886 571 944 613 ad
970 571 1083 614 filios
1107 571 1195 627 qui,
1222 571 1337 614 sicut
1365 575 1532 629 tempo-

42 654 62 688 5
79 638 186 682 ralis
219 639 356 696 regni,
384 639 450 682 ita
483 642 614 682 erunt
644 642 690 682 et
722 642 899 682 eternae
932 639 1222 683 beatitudinis
1255 655 1534 684 successores.

78 707 181 751 Scio
220 708 337 750 enim
376 708 481 764 quia
518 707 591 750 lex
628 708 793 751 carnali
831 708 994 765 populo
1031 708 1304 765 loquebatur,
1343 710 1420 766 qui
1459 724 1534 753 cor

79 775 223 819 adhuc
253 776 420 819 habens
453 776 686 833 lapideum,
719 777 1046 820 incircumcisus
1082 780 1230 820 mente
1268 792 1357 820 non
1391 792 1532 828 carne,

79 844 221 888 uitam
262 859 318 887 ex
357 859 519 902 magna
555 848 681 902 parte
719 846 940 889 nesciebat
979 849 1186 896 eternam,
1215 846 1533 903 magnifaciens

79 913 118 956 si
150 913 190 956 ei
223 913 340 956 bona
372 917 516 957 terrae
550 914 762 958 darentur
791 914 863 957 uel
897 915 1262 972 promitterentur
1295 916 1342 958 in
1373 916 1530 959 cibum.
1547 923 1577 961 b

22 996 64 1020 10
80 981 330 1026 Camaliter
362 982 512 1039 itaque
551 983 739 1040 sapienti
778 983 897 1027 facta
933 987 1000 1027 est
1038 984 1268 1041 promissio
1300 985 1456 1036 carnis,
1487 988 1533 1028 et

81 1051 122 1094 ei
159 1051 374 1108 promissa
405 1055 473 1095 est
505 1051 776 1095 diuturnitas
810 1052 1031 1109 temporis,
1062 1052 1138 1109 qui
1177 1053 1372 1096 nondum
1411 1068 1533 1110 spem

78 1123 335 1176 conceperat
372 1123 548 1163 eternae
585 1120 884 1171 beatitudinis,
923 1124 968 1164 et
1006 1122 1244 1177 temporale
1283 1122 1330 1164 in
1369 1137 1534 1166 succes-

79 1187 246 1232 sionem
291 1189 482 1232 filiorum
524 1190 806 1246 protenditur
847 1204 1033 1246 regnum
1081 1189 1170 1232 illis
1214 1190 1290 1247 qui
1335 1191 1532 1234 nondum

81 1257 351 1314 quaerebant
389 1261 599 1301 eternum.
678 1258 799 1301 Patri
846 1273 950 1316 ergo
992 1259 1295 1315 temporaliter
1338 1259 1532 1303 succedit

15 1337 60 1371 <15
77 1325 207 1376 filius,
226 1326 264 1369 si
288 1327 428 1384 patris
451 1327 668 1370 iustitiam
694 1327 904 1370 imitatur.
963 1327 1116 1378 Aufer,
1136 1328 1283 1384 inquit
1312 1327 1532 1381 Salomon,

77 1394 351 1452 impietatem
384 1396 439 1439 de
469 1396 600 1439 uultu
631 1396 758 1453 regis,
788 1399 834 1439 et
867 1396 1117 1439 firmabitur
1144 1396 1317 1439 iustitia
1346 1396 1533 1440 thronus

80 1463 185 1507 eius.
244 1464 294 1508 Si
318 1465 435 1507 enim
454 1480 482 1508 a
500 1465 642 1515 uultu,
662 1465 710 1507 id
729 1468 796 1508 est
815 1480 842 1508 a
862 1466 1104 1515 uoluntate,
1127 1465 1293 1508 recedit
1312 1465 1530 1522 impietas,

77 1532 217 1576 totius
245 1533 371 1591 regni
399 1549 532 1591 opera
559 1534 688 1592 uirga
717 1534 954 1591 aequitatis
982 1537 1028 1577 et
1056 1534 1179 1578 cultu
1205 1534 1402 1577 iustitiae
1425 1535 1533 1577 diri-

78 1604 259 1658 guntur.
326 1602 454 1646 Vnde
497 1602 635 1645 illud:
691 1603 787 1645 Rex
829 1603 906 1659 qui
952 1603 1075 1646 sedet
1123 1603 1170 1644 in
1221 1603 1330 1645 solio
1381 1603 1534 1646 iudicii

21 1687 65 1711 20
79 1669 265 1728 dissipat
286 1685 415 1714 omne
437 1671 603 1714 malum
629 1672 797 1714 intuitu
823 1686 913 1714 suo.
973 1672 1082 1715 Ecce
1108 1675 1274 1728 quanto
1300 1672 1535 1730 priuilegio

78 1740 302 1797 gaudeant
316 1740 546 1798 principes,
559 1741 717 1797 quibus
732 1739 802 1798 (ut
816 1741 869 1783 de
885 1743 1037 1783 eterna
1051 1741 1325 1783 beatitudine
1345 1741 1532 1799 taceam)

78 1811 368 1865 perpetuatur
396 1810 520 1865 regni
549 1809 690 1866 gloria
724 1809 858 1852 etiam
890 1809 936 1851 in
966 1824 1096 1852 carne
1125 1813 1170 1852 et
1199 1810 1412 1867 sanguine
1441 1825 1530 1853 suo.
1551 1824 1576 1853 c

80 1876 307 1920 Gloriatur
325 1877 541 1921 Dominus
566 1893 612 1921 se
631 1878 779 1920 uirum
802 1878 1022 1920 inuenisse
1048 1879 1285 1921 secundum
1311 1894 1385 1921 cor
1404 1894 1532 1921 81111111

84 1948 141 1998 et,
160 1960 261 1988 cum
281 1960 381 1988 eum
410 1946 458 1988 in
483 1946 608 2003 regni
636 1947 802 2003 apicem
832 1947 1111 2003 postmodum
1139 1947 1415 1998 sullimasset,
1438 1962 1533 1991 suc-

22 2014 328 2065 25‚cedentium
367 2014 451 2057 sibi
489 2015 679 2058 filiorum
718 2015 933 2058 curriculo
972 2030 1156 2072 regnum
1193 2016 1232 2057 ei
1270 2019 1532 2072 perpetuum

80 2082 321 2140 pollicetur.
391 2083 459 2126 De
498 2083 648 2127 fructu
687 2084 855 2126 uentris
894 2084 973 2134 tui,
1011 2084 1168 2140 inquit,
1202 2098 1362 2140 ponam
1401 2099 1533 2141 super

80 2151 227 2194 sedem
242 2154 389 2203 tuam3
416 2155 483 2194 et:
515 2151 563 2194 Si
583 2152 871 2195 custodierint
891 2153 972 2194 filii
991 2153 1059 2195 tui
1074 2153 1284 2194 mandata
1304 2168 1401 2195 mea
1420 2168 1532 2209 quae

79 2220 169 2262 iam
189 2219 301 2270 dedi,
321 2224 366 2263 et
385 2220 637 2263 testimonia
655 2235 753 2263 mea
779 2235 890 2277 quae
915 2235 995 2277 per
1016 2235 1086 2262 me
1113 2221 1183 2263 uel
1208 2221 1394 2264 uicarios
1413 2237 1532 2265 meos

80 2288 243 2332 docebo
276 2289 386 2340 illos,
416 2292 461 2331 et
495 2289 579 2345 ipsi
610 2292 655 2332 et
682 2289 764 2332 filii
794 2303 944 2332 eorum
973 2289 1187 2331 sedebunt
1221 2304 1353 2346 super
1386 2291 1532 2334 sedem

82 2415 126 2442 12
153 2404 381 2443 aeternitate
398 2404 438 2440 M
582 2406 626 2441 16
649 2406 780 2441 tronus
794 2403 828 2440 A
968 2415 1015 2450 24
1039 2404 1277 2442 sublimasset
1293 2404 1415 2441 CBAS

126 2515 150 2551 6
171 2517 257 2562 quia
274 2516 332 2550 lea:
348 2516 419 2550 etc.
435 2525 444 2549 :
470 2526 503 2549 v.
520 2513 615 2559 Aug.
633 2518 758 2548 contra
769 2514 1019 2556 Adimantum,
1032 2512 1132 2549 xviii.
1152 2524 1164 2548 1
1178 2526 1186 2555 ;
1210 2519 1334 2550 contra
1344 2515 1532 2561 Faustum,

78 2560 127 2597 iv.
145 2571 190 2604 23
215 2564 257 2598 de
276 2563 391 2597 Gestis
404 2562 554 2606 Pehzyii,
574 2569 591 2606 5
612 2558 630 2606 ξ
653 2569 715 2603 14;
740 2562 779 2595 in
801 2562 929 2595 Ioann.
960 2562 1076 2597 Tract.
1098 2572 1184 2596 xxx·
1212 2570 1232 2605 7
1251 2560 1396 2607 (Migne
1420 2564 1463 2599 P.
1489 2565 1532 2598 L.

78 2607 159 2644 xlii.
183 2610 262 2653 162,
279 2618 452 2654 217—219‚
463 2607 549 2643 xliv.
568 2608 648 2652 328,
659 2618 767 2642 xxxv.
783 2608 883 2652 1635,
899 2607 1017 2652 1636).
1159 2609 1192 2652 6,
1210 2617 1231 2652 7
1248 2620 1310 2644 cor
1324 2610 1530 2654 lapideum:

78 2666 111 2690 v.
140 2654 275 2692 Ezech.
298 2655 348 2691 xi.
380 2665 433 2700 19.
590 2662 610 2697 7
636 2655 906 2689 incircumcisus
932 2660 1046 2689 mente
1072 2666 1146 2690 mm
1171 2666 1299 2691 came:
1334 2667 1367 2692 v.
1396 2655 1530 2692 Ezech.

78 2701 166 2737 xliv.
185 2711 217 2746 7.
387 2711 427 2748 15
458 2702 576 2745 Aufer
589 2702 684 2736 etc.:
710 2700 814 2736 Prov.
831 2712 914 2736 xxv.
933 2710 966 2746 5.
1141 2710 1184 2747 19
1207 2703 1286 2737 Rex
1301 2704 1398 2739 etc.:
1426 2703 1528 2739 Prov.

79 2759 139 2783 xx.
157 2749 189 2785 8.
371 2759 414 2794 23
439 2750 563 2784 uirum
579 2749 761 2783 inuenisse
776 2749 871 2784 eto:
896 2759 929 2783 v.
946 2747 1028 2784 Act.
1045 2747 1142 2794 App.
1161 2748 1240 2785 xiii.
1258 2759 1302 2785 22
1322 2750 1385 2796 (ex
1404 2761 1418 2786 1
1440 2751 1530 2796 Reg.

79 2794 159 2831 xiii.
179 2795 250 2841 14).
393 2796 439 2832 26
464 2797 518 2830 De
525 2796 656 2840 fructu
673 2796 767 2831 etc:
793 2794 852 2830 Ps.
869 2794 992 2831 cmi.
1013 2804 1067 2839 11,
1087 2805 1141 2832 12.

1359 2866 1423 2910 269
