1878 3172
162 228 242 269 559
260 221 290 260 b
383 271 388 276 ⁷
631 217 894 262 IOANNIS
934 216 1447 262 SARESBERIENSIS
1613 214 1723 277 [Lm.
1739 226 1770 262 v

266 343 294 381 b
311 337 461 395 opinio
509 336 722 379 bonitatis
766 336 860 379 eius
901 336 950 378 in
997 338 1174 378 tantum
1222 335 1474 393 praeualuit
1520 338 1573 379 ut
1620 336 1772 380 amicis
1866 340 1878 413 3

311 406 598 449 laudantibus
636 406 709 449 uel
747 405 1076 448 assentantibus
1113 405 1383 448 occasionem
1431 405 1771 463 magnificentis-

310 476 410 518 simi
449 477 645 532 praestet
693 475 894 532 exempli.
973 474 1108 518 Recte
1146 474 1356 517 laudatur
1392 474 1441 517 in
1479 474 1597 518 Iulio
1634 475 1772 518 animi

310 544 571 602 magnitudo
601 543 759 587 inuicti
793 546 839 587 et
870 543 1059 588 efficacia
1091 544 1246 601 operis,
1277 558 1378 587 cum
1417 544 1537 587 illius
1570 558 1694 587 mens
1727 545 1773 586 et
1864 585 1878 599 .-

310 627 468 656 manus
497 612 554 655 ad
593 611 687 655 fere
716 613 1004 670 impossibilia
1034 613 1118 655 sibi
1150 612 1412 655 suffecerint.
1487 613 1691 666 Quantus
1725 612 1772 654 in
1793 628 1811 663 5

311 684 484 725 armata
502 682 664 725 militia
683 681 832 734 fuerit,
852 697 941 724 non
964 682 1094 725 modo
1122 681 1239 724 Galli
1266 681 1556 738 Britonesque
1578 682 1772 739 primum

311 751 368 793 ab
412 765 463 794 eo
500 752 671 795 subacti
706 751 783 794 sed
817 754 914 794 tota
947 751 1091 794 ciuilis
1125 751 1230 794 belli
1264 750 1447 794 fortuna
1481 753 1526 794 et
1561 750 1773 795 Cesareae

311 820 468 864 domus
506 821 639 864 series
677 823 963 878 protestatur.
1035 820 1091 863 In
1129 819 1396 863 litteratorio
1434 820 1582 863 studio
1620 822 1775 863 tantus

311 893 408 933 erat
439 893 493 933 ut
522 893 760 947 quaternas
790 889 922 932 simul
953 889 1141 933 dictaret
1170 889 1389 946 epistolas.
1449 889 1559 942 Quis
1587 889 1635 931 in
1664 889 1774 932 iuris

311 960 455 1003 ciuilis
487 960 649 1017 peritia
683 959 832 1010 fuerit,
862 962 1035 1002 ueteres
1070 959 1367 1001 Romanorum
1405 958 1605 1001 indicant
1642 958 1773 1016 leges.
1795 976 1858 1001 ιοΔ

312 1029 511 1072 Potentis
531 1029 700 1086 ingenii
720 1029 838 1071 uires
859 1043 992 1085 quam
1012 1028 1177 1085 iugiter
1196 1028 1243 1070 in
1269 1028 1548 1085 philosophia
1566 1028 1775 1079 exercuit,
1868 1023 1872 1028 ’

311 1098 538 1155 praedicat
583 1101 629 1141 et
677 1097 854 1140 extollit
892 1097 965 1140 uel
1003 1097 1097 1140 sola
1134 1097 1334 1140 inuentio
1372 1098 1568 1141 bissexti.
1647 1098 1776 1151 Quod

312 1170 462 1211 autem
492 1167 697 1210 omnibus
726 1166 973 1209 mirabilius
1002 1169 1081 1219 est,
1100 1166 1323 1209 amoribus
1351 1169 1397 1209 et
1425 1167 1615 1225 negotiis
1643 1167 1775 1210 simul

312 1251 491 1293 operam
525 1235 673 1287 dabat,
708 1239 754 1279 et
785 1236 832 1277 in
872 1235 1059 1293 singulis
1094 1250 1206 1292 quae
1237 1236 1590 1293 aggrediebatur,
1621 1239 1775 1280 tantus

273 1317 297 1345 c
314 1308 409 1348 erat
429 1308 482 1348 ut
502 1305 564 1348 eis
584 1305 688 1348 solis
708 1319 866 1348 uacare
892 1305 1168 1357 crederetur;
1198 1305 1329 1347 simul
1355 1308 1478 1348 totus
1504 1309 1600 1349 erat
1626 1307 1777 1364 singu·
1796 1321 1836 1355 15
1864 1295 1867 1336 3

312 1374 455 1417 lorum
486 1377 532 1417 et
560 1373 769 1417 omnium.
829 1373 1001 1416 Laudes
1031 1388 1137 1416 uero
1156 1374 1349 1431 Augusti
1378 1377 1501 1418 totus
1529 1376 1647 1419 orbis
1675 1391 1775 1420 con·
1821 1369 1827 1373 ⁹
1864 1372 1870 1435 ‘-

312 1443 516 1495 celebrat,
549 1446 595 1486 et
627 1443 780 1485 Titum
811 1457 1006 1485 amorem
1037 1443 1220 1485 humani
1259 1445 1432 1500 generis
1471 1459 1573 1489 suas
1611 1446 1777 1490 scilicet
1866 1463 1878 1492 ἰ

313 1512 490 1555 delicias
528 1512 717 1554 iocunda
755 1511 967 1554 memoria
1006 1515 1257 1556 ueneratur.
1331 1513 1426 1570 Ego
1464 1514 1534 1557 his
1572 1515 1776 1558 omnibus
1872 1511 1878 1565 ἶ

313 1580 554 1623 Traianum
575 1580 799 1637 praeferre
820 1595 909 1622 non
940 1580 1109 1631 dubito,
1130 1581 1206 1636 qui
1226 1581 1274 1622 in
1294 1581 1429 1625 solius
1449 1583 1633 1627 uirtutis
1653 1584 1777 1627 cultu
1871 1570 1878 1622 i

313 1650 438 1708 regni
489 1649 721 1692 constituit
766 1649 1052 1692 maiestatem.
1124 1649 1330 1693 Ethicum
1368 1651 1497 1694 iuxta
1537 1653 1614 1709 qui
1658 1655 1775 1696 recte
1794 1666 1838 1689 ²0
1876 1642 1878 1649 ¹

314 1718 479 1768 fecerit,
499 1733 647 1775 regem
674 1717 930 1761 arbitratur.
990 1718 1095 1761 Tale
1122 1722 1189 1761 est
1215 1719 1326 1761 illud
1346 1720 1463 1776 quod
1490 1721 1573 1764 sub
1599 1722 1776 1766 nomine

314 1787 547 1830 Theodosii
568 1786 783 1844 praecipit
803 1786 1097 1830 Claudianus:

430 1872 498 1914 Tu
526 1872 631 1915 licet
660 1875 879 1915 extremos
909 1872 998 1916 late
1028 1873 1251 1916 dominere
1281 1889 1360 1931 per
1389 1875 1536 1927 Indos,

429 1933 476 1973 te
505 1930 674 1982 Medus,
703 1933 750 1973 te
778 1931 922 1973 mollis
951 1931 1107 1982 Arabs,
1136 1934 1182 1974 te
1212 1932 1340 1975 Seres
1369 1934 1565 1986 adorent,

431 1988 470 2031 si
499 1988 672 2038 metuis,
702 1988 739 2030 si
769 2003 909 2045 praua
937 1989 1072 2046 cupis,
1101 1990 1140 2032 si
1170 1990 1342 2033 duceris
1371 1991 1450 2042 ira,
1796 2011 1836 2045 ²5

432 2046 605 2088 seruitii
634 2046 802 2103 patiere
832 2047 997 2103 iugum,
1026 2047 1235 2091 tolerabis
1263 2048 1438 2105 iniquas

432 2104 621 2146 interius
649 2104 790 2161 leges3
831 2107 938 2148 tunc
968 2105 1116 2148 omnia
1139 2105 1235 2149 iure
1264 2107 1446 2158 tenebis,

433 2176 532 2205 cum
562 2164 728 2218 poteris
757 2177 837 2205 rex
866 2177 958 2205 esse
987 2163 1082 2216 tui3
1120 2164 1357 2220 procliuior
1384 2179 1491 2208 usus

273 2225 302 2263 d
433 2219 481 2261 in
510 2220 661 2276 peiora
689 2220 832 2270 datur,
859 2221 1102 2277 suadetque
1130 2221 1309 2264 licentia
1336 2222 1492 2266 luxum

433 2277 735 2334 illecebrisque
765 2278 928 2321 effrena
957 2278 1107 2331 fauet3
1151 2282 1258 2323 tunc
1287 2280 1439 2323 uiuere
1467 2284 1585 2325 caste
1795 2300 1838 2332 30

433 2336 643 2391 asperius,
672 2350 771 2378 eum
800 2339 976 2393 promta
1005 2337 1177 2389 Venus;
1216 2340 1313 2380 tum
1343 2338 1497 2382 durius
1525 2340 1617 2383 irae

433 2393 690 2445 consulitur,
710 2408 809 2436 cum
839 2409 953 2450 pena
980 2397 1131 2450 patet;
1165 2395 1242 2438 sed
1267 2396 1503 2453 comprime
1531 2401 1701 2451 motus;

434 2465 514 2494 nec
543 2451 627 2493 tibi
658 2451 765 2507 quid
794 2451 924 2495 liceat
953 2452 1029 2494 sed
1059 2452 1166 2508 quid
1195 2452 1348 2496 fecisse
1378 2454 1549 2498 decebit

433 2511 645 2559 occurrat,
674 2512 953 2566 mentemque
982 2510 1131 2553 domet
1159 2513 1381 2568 respectus
1409 2512 1592 2555 honesti.

321 2627 335 2653 1
347 2628 359 2652 1
387 2617 640 2663 phylosophia
656 2617 696 2652 M
841 2627 883 2662 14
907 2617 1175 2665 egrediebatur
1191 2617 1215 2655 S
1342 2630 1389 2656 20
1412 2619 1563 2657 Eticum
1580 2621 1613 2657 A
1731 2631 1774 2669 31

316 2665 492 2709 prompta
508 2663 582 2700 ΒΜ
675 2664 775 2711 tum]
793 2675 878 2701 cum
896 2665 935 2700 M

365 2775 386 2810 3
406 2766 509 2801 Recte
532 2768 726 2803 laudatur:
755 2767 883 2804 forsan
906 2767 948 2803 in
972 2769 1202 2805 Institutione
1228 2771 1393 2807 Traiani.
1533 2781 1556 2817 9
1582 2777 1779 2818 quater-nm

317 2813 388 2848 etc.
404 2825 412 2848 ε
440 2824 471 2849 v.
491 2812 607 2849 Solin.
625 2814 649 2850 i.
670 2814 688 2859 §
711 2823 788 2859 107.
948 2824 989 2859 17
1013 2827 1169 2852 amorem
1183 2818 1336 2853 humani
1348 2820 1488 2863 yeneris
1503 2820 1573 2854 etc.
1589 2831 1597 2854 :
1621 2831 1654 2854 v.
1673 2818 1774 2856 Suet.

320 2860 390 2894 Tit.
412 2868 448 2913 Ι..
555 2870 603 2896 20
625 2862 817 2897 Ethicum:
841 2874 873 2899 v.
893 2862 982 2898 Hor.
998 2864 1072 2909 Ep.
1087 2862 1114 2900 i.
1137 2873 1166 2900 1.
1188 2866 1313 2910 59,60.
1438 2875 1483 2912 23
1513 2867 1567 2901 Tu
1583 2867 1663 2902 licet
1678 2868 1774 2903 etc.:

317 2905 511 2942 claudum.
529 2908 707 2954 Paneyyr.
723 2910 767 2944 de
783 2910 844 2944 IV
862 2910 965 2947 Cone.
983 2911 1141 2947 Honor-ii
1159 2912 1332 2957 257-268.

427 2975 492 3019 316
