1878 3172
55 178 157 213 ou.
169 163 313 225 xvtn]
567 162 967 209 POLICRATICV
969 162 1002 207 S

55 285 348 345 perspicacius
379 283 715 341 contemplatur,
743 282 907 326 multos
935 282 1055 340 apud
1085 296 1132 325 se
1161 295 1310 324 rerum
1338 281 1513 325 inuenit

55 358 212 406 status,
243 353 353 397 alios
386 353 562 410 quidem
596 352 879 403 uniuersales,
909 351 1019 394 alios
1058 351 1313 409 singulares.
1392 350 1513 403 Quos

55 437 137 482 pro
174 422 360 466 arbitrio
397 435 478 465 suo
515 421 734 464 diffiniens
765 424 811 463 et
849 420 1182 477 multiphariam
1221 419 1425 462 diuidens
1455 418 1513 461 ad

54 492 195 550 ipsius
228 491 421 534 archana
458 493 656 541 naturae,
690 489 851 533 mentis
889 489 1157 532 transmittit
1195 491 1421 545 aspectum
1459 491 1513 531 ut

19 560 193 620 gnichil
222 559 493 603 naturalium
530 559 658 616 plene
696 558 1000 602 absconditum
1039 557 1099 601 sit
1136 557 1195 600 ab
1231 557 1368 600 oculis
1406 557 1512 599 eius.

56 628 117 672 Et
164 628 308 685 prim0
362 628 668 678 substantiam,
716 641 829 683 quae
876 626 1080 670 omnibus
1128 626 1290 676 subest,
1338 625 1512 668 acutius

54 697 268 747 intuetur,
300 696 350 739 in
379 711 468 753 qua
505 710 662 739 manus
700 700 886 738 naturae
924 695 1138 752 probatur
1176 694 1370 744 artificis,
1404 694 1511 736 dum
1527 697 1557 736 d

56 780 154 819 eam
181 765 319 808 uariis
344 764 689 822 proprietatibus
717 767 763 807 et
792 763 947 807 formis
973 763 1098 820 quasi
1127 763 1219 807 suis
1247 763 1511 820 quibusdam

56 833 256 877 uestibus
283 833 432 876 induit
465 836 511 876 et
543 833 635 876 suis
663 847 871 876 sensuum
898 831 1256 890 perceptibilibus
1289 831 1514 882 informat,

0 929 42 953 10
58 917 146 960 quo
183 903 322 960 possit
359 902 509 959 aptius
547 902 741 944 humano
779 901 957 958 ingenio
994 901 1317 958 comprehendi.
1386 901 1516 954 Quod

56 971 197 1030 igitur
224 985 377 1014 sensus
405 970 604 1027 percipit,
634 969 875 1027 formisque
904 970 1149 1013 subiectum
1176 973 1255 1020 est,
1278 970 1515 1027 singularis

56 1043 103 1084 et
135 1039 280 1098 prima
312 1039 563 1083 substantia
591 1042 669 1081 est.
728 1039 783 1081 Id
817 1053 924 1082 uero
953 1039 1047 1081 sine
1082 1053 1169 1094 quo
1198 1038 1276 1080 illa
1307 1053 1387 1082 nec
1422 1053 1515 1082 esse

54 1123 136 1152 nec
154 1107 344 1165 intelligi
358 1109 516 1164 potest,
531 1107 572 1149 ei
591 1106 882 1150 substantiale
897 1110 975 1158 est,
987 1110 1033 1150 et
1046 1107 1305 1163 plerumque
1324 1107 1516 1150 secunda

55 1177 306 1221 substantia
324 1176 590 1219 nominatur.
648 1176 744 1219 Hoc
763 1178 913 1219 autem
933 1175 1050 1233 quod
1069 1175 1195 1218 adest
1215 1176 1391 1232 quidem
1411 1177 1515 1220 sub-

0 1251 39 1299 *15
55 1245 248 1290 stantiae
278 1247 324 1288 et
352 1259 405 1288 ea
435 1248 642 1287 manente
670 1244 821 1288 abesse
850 1247 1007 1301 potest,
1034 1245 1332 1288 accidentibus
1361 1260 1515 1302 agg-re-

55 1317 202 1373 gatur.
261 1313 496 1371 Singulare
525 1313 703 1370 quidem
732 1314 770 1356 si
796 1328 912 1356 unus
939 1316 1117 1357 tantum
1143 1314 1227 1366 sit3
1254 1314 1516 1365 uniuersale,

56 1383 107 1435 si,
144 1383 249 1427 licet
294 1397 385 1426 non
431 1386 605 1433 natura,
643 1382 952 1426 conformitate
995 1386 1145 1426 tamen
1190 1383 1250 1425 sit
1288 1397 1518 1426 commune

56 1452 309 1496 multorum.
387 1451 530 1504 Quod*
554 1450 671 1494 forte
717 1451 891 1495 facilius
938 1452 986 1494 in
1031 1451 1259 1495 intellectu
1298 1466 1431 1508 quam
1469 1451 1519 1494 in

58 1523 220 1564 natura
252 1534 400 1564 rerum
431 1519 596 1577 poterit
628 1520 832 1572 inueniri,
870 1520 918 1562 in
950 1535 1036 1577 quo
1069 1535 1232 1578 genera
1262 1523 1308 1563 et
1341 1519 1517 1576 species,

0 1611 44 1635 20
59 1589 330 1632 differentias
366 1588 546 1646 propria
587 1591 634 1632 et
671 1589 926 1640 accidentia,
960 1604 1072 1646 quae
1106 1589 1418 1631 uniuersaliter
1450 1588 1516 1632 di-

1527 163 1610 212 438
1630 174 1656 204 c

57 1661 231 1708 cuntur,
242 1657 424 1715 planum
436 1660 504 1700 est
517 1657 728 1710 inuenire,
735 1673 835 1701 cum
850 1659 898 1701 in
909 1662 1012 1702 actu
1024 1673 1171 1701 rerum
1185 1658 1516 1701 subsistentiam
1532 1674 1618 1715 439
1636 1675 1667 1703 a

57 1726 377 1770 uniuersalium
396 1739 606 1782 quaerere
626 1726 813 1783 exiguus
832 1726 1006 1770 fructus
1025 1728 1085 1770 sit
1104 1730 1150 1770 et
1164 1727 1288 1770 labor
1303 1727 1516 1777 infinitus,

57 1795 107 1838 in
138 1797 287 1838 mente
316 1808 423 1836 uero
453 1794 626 1837 utiliter
654 1799 700 1838 et
731 1795 938 1838 facillime
968 1796 1260 1853 reperiuntur.
1319 1795 1368 1838 Si
1398 1795 1516 1838 enim

58 1877 207 1907 rerum
221 1862 314 1905 solo
324 1876 508 1904 numero
522 1862 818 1906 differentium
830 1864 1166 1907 substantialem
1181 1864 1517 1907 similitudinem

2 1955 43 1989 ²5
60 1931 160 1988 quis
177 1933 326 1974 mente
350 1933 605 1987 pertractet,
625 1932 811 1988 speciem
837 1935 985 1984 tenet;
1014 1933 1052 1976 si
1080 1948 1186 1976 uero
1212 1934 1347 1976 etiam
1374 1932 1516 1989 specie

59 1999 358 2042 differentium
386 1999 694 2042 conuenientia
722 2001 861 2043 menti
887 2006 1099 2052 occurrat,
1124 2002 1296 2058 generis
1325 2000 1516 2043 latitudo

58 2069 206 2110 mente
226 2066 503 2110 diffunditur.
560 2067 762 2124 Denique
781 2068 887 2110 dum
912 2084 1071 2119 rerum,
1092 2084 1200 2125 quas
1223 2073 1384 2112 natura
1414 2069 1515 2111 sub-

59 2135 330 2179 stantialiter
367 2135 440 2178 uel
478 2136 807 2179 accidentaliter
849 2137 1123 2187 assimilauit,
1161 2137 1516 2180 conformitatem

58 2204 247 2262 percipit
277 2204 539 2256 intellectus,
568 2205 615 2246 in
647 2205 964 2247 uniuersalium
1003 2206 1386 2262 comprehensione
1423 2220 1515 2248 mo-

1 2294 44 2329 30
59 2277 214 2326 uetur3
272 2287 372 2316 cum
420 2287 526 2315 uero
574 2273 781 2315 similium
832 2273 1102 2316 differentias
1149 2275 1303 2331 agitat,
1349 2277 1516 2330 quanto

60 2341 320 2398 expressius,
352 2344 480 2383 tanto
511 2341 568 2383 ad
599 2355 732 2398 opera
759 2344 957 2393 naturae,
988 2357 1099 2398 quae
1128 2342 1370 2399 singularia
1398 2345 1516 2394 sunt,

59 2409 324 2452 familiarius
342 2409 520 2460 accedit,
540 2410 577 2452 si
597 2410 891 2452 substantiam
921 2410 1012 2452 suis
1040 2411 1249 2454 uestitam
1272 2411 1515 2467 proprieta-

59 2479 181 2522 tibus
199 2478 389 2535 inspicit,
405 2493 432 2520 a
451 2481 636 2520 naturae
656 2478 905 2521 conditione
920 2494 1010 2521 non
1025 2479 1221 2523 diuertit.
1265 2479 1345 2522 Sin
1365 2483 1514 2522 autem
1530 2484 1560 2523 b

60 2547 260 2590 detracta
297 2546 452 2603 specie,
488 2561 584 2589 eam
624 2546 750 2603 quasi
790 2546 1032 2589 formarum
1076 2548 1201 2590 exuit
1238 2549 1515 2599 uestimento,

2 2635 43 2671 35
62 2628 244 2658 acumen
283 2615 460 2672 quidem
499 2629 628 2657 suum
668 2618 852 2665 exercet,
886 2619 931 2658 et
969 2630 1116 2658 rerum
1155 2619 1373 2668 naturam,
1408 2617 1515 2674 quid

64 2790 105 2826 17
130 2781 274 2820 scilicet
291 2783 331 2820 M
471 2795 515 2831 23
541 2784 807 2831 repperiuntur
822 2784 857 2820 A
996 2796 1043 2831 24
1064 2786 1142 2824 solo
1160 2798 1286 2824 rerum
1300 2788 1335 2822 A

115 2861 197 2880 ms
774 2855 800 2881 Ρ
1341 2860 1404 2893 105
