1878 3172
149 163 236 203 4⁰2
254 163 279 193 e

183 473 252 521 Γ,

629 148 889 193 IOANNIS
919 147 1432 191 SARESBERIENSIS
1619 146 1764 218 [1111371
1796 178 1799 180 -

296 270 567 315 lasciuientis
587 270 707 313 uocis
722 270 844 320 luxu,
860 269 1051 326 quadam
1066 268 1362 311 ostentatione
1377 268 1459 320 sui,
1474 266 1764 310 muliebribus

296 341 439 384 modis
469 340 725 383 notularum
760 339 1134 395 articulorumque
1169 337 1372 388 caesuris,
1406 339 1635 394 stupentes
1669 335 1763 379 ani-

297 411 440 453 mulas
461 410 656 453 emollire
676 409 896 451 nituntur.
957 408 1071 452 Cum
1090 407 1440 465 praecinentium
1466 409 1514 450 et
1539 406 1763 449 succinen-

298 480 426 532 tium,
446 479 699 522 canentium
721 480 766 520 et
786 477 1098 529 decinentium,
1119 475 1480 519 intercinentium
1501 478 1546 518 et
1565 475 1763 518 occinen-

253 551 282 592 d
298 550 412 592 tium
433 548 690 605 praemolles
709 547 1031 589 modulationes
1046 546 1251 597 audieris,
1266 545 1511 588 sirenarum
1526 547 1763 602 concentus
1781 564 1800 598 5

297 618 448 662 credas
469 632 573 668 esse,
593 631 683 659 non
703 616 944 666 hominum,
965 618 1010 658 et
1030 615 1084 658 de
1104 630 1263 658 uocum
1283 614 1500 657 facilitate
1519 613 1763 664 miraberis,

296 687 456 744 quibus
490 686 743 743 philomena
773 685 846 728 uel
881 685 1089 735 sithacus,
1121 687 1202 727 aut
1235 684 1274 727 si
1306 683 1414 741 quid
1449 683 1650 726 sonorius
1683 686 1762 733 est,

295 756 447 799 modos
479 770 580 798 suos
615 758 841 811 nequeunt
876 769 1126 810 coaequare.
1187 753 1253 796 Ea
1278 753 1496 810 siquidem
1519 755 1588 795 est
1613 767 1761 795 ascen-

296 825 429 868 dendi
470 824 848 880 descendendique
888 823 1093 873 facilitas,
1136 838 1188 865 ea
1226 823 1362 866 sectio
1401 822 1473 865 uel
1519 821 1761 879 geminatio

296 894 563 946 notularum,
593 907 645 935 ea
674 892 902 949 replicatio
937 892 1224 935 articulorum
1259 891 1621 949 singulorumque
1654 905 1757 933 con·
1782 908 1823 932 10

296 963 512 1013 solidatio,
533 963 594 1005 sic
622 965 754 1005 acuta
781 962 853 1004 uel
883 962 1139 1005 acutissima
1157 962 1371 1019 grauibus
1394 964 1439 1004 et
1463 960 1760 1018 subgrauibus

294 1035 610 1089 temperantur,
625 1034 678 1074 ut
693 1031 875 1074 auribus
895 1031 963 1074 sui
985 1031 1136 1074 iudicii
1157 1031 1250 1074 fere
1266 1031 1557 1074 subtrahatur
1571 1029 1759 1072 auctori·

250 1111 251 1116 ’
294 1105 377 1152 tas,
409 1104 454 1144 et
489 1101 675 1152 animus,
711 1115 842 1157 quem
882 1103 1036 1143 tantae
1075 1100 1313 1143 suauitatis
1352 1099 1562 1142 demulsit
1599 1098 1759 1156 gratia,

294 1170 548 1213 auditorum
563 1170 723 1212 merita
738 1169 991 1212 examinare
1007 1184 1096 1212 non
1112 1169 1283 1212 sufficit.
1329 1167 1442 1212 Cum
1458 1169 1565 1211 haec
1581 1167 1758 1224 quidem

294 1240 473 1282 modum
504 1239 782 1290 excesserint,
810 1239 1060 1282 lumborum
1090 1239 1364 1303 PQHLg'ZDGm
1395 1252 1528 1295 quam
1560 1237 1757 1280 deuotio·
1779 1251 1819 1286 15

293 1323 394 1351 nem
414 1309 575 1351 mentis
594 1311 805 1365 poterunt
825 1308 956 1351 citius
983 1309 1189 1351 excitare.
1251 1307 1300 1350 Si
1318 1322 1425 1350 uero
1444 1306 1759 1350 moderationis

294 1377 487 1421 formula
509 1378 772 1428 limitantur,
794 1378 991 1420 animum
1012 1393 1039 1420 a
1058 1378 1175 1421 curis
1202 1378 1438 1428 redimunt,
1458 1377 1759 1420 exterminant

295 1447 604 1504 temporalium
632 1447 985 1499 sollicitudinem,
1006 1450 1052 1490 et
1076 1448 1266 1504 quadam
1293 1447 1632 1504 participatione
1659 1447 1758 1489 leti-

147 1535 230 1574 403
249 1536 279 1565 a
296 1517 386 1559 tiae
425 1519 470 1558 et
516 1516 678 1572 quietis
713 1518 758 1558 et
798 1516 939 1559 amica
982 1516 1257 1566 exultatione
1302 1516 1349 1558 in
1393 1516 1538 1559 Deum
1587 1519 1758 1559 mentes

245 2499 275 2537 b

296 1586 512 1628 humanas
546 1585 760 1627 traiciunt
794 1585 850 1627 ad
882 1586 1135 1628 societatem
1175 1585 1443 1643 angelorum.
1510 1584 1598 1628 Sed
1637 1585 1756 1627 unde
1777 1600 1824 1623 αα

294 1655 408 1698 hanc
442 1653 757 1696 moderationis
789 1653 1026 1696 formulam
1059 1656 1213 1698 tenes?
1272 1654 1564 1706 Exultabunt‚
1595 1654 1755 1711 inquit,

293 1723 412 1765 labia
450 1736 559 1773 mea,
589 1736 688 1765 cum
729 1725 965 1765 cantauero
999 1723 1094 1766 tibi.
1155 1723 1203 1766 Si
1244 1738 1349 1781 ergo
1388 1738 1445 1766 ex
1483 1722 1759 1765 abundantia

294 1792 436 1835 cordis
456 1806 504 1834 os
524 1794 652 1834 tuum
673 1791 848 1834 laudem
869 1791 1049 1835 Domini
1069 1792 1332 1845 moduletur,
1351 1793 1389 1835 si
1417 1792 1578 1849 spiritu
1605 1792 1758 1849 psallis

295 1864 340 1904 et
355 1863 513 1913 mente,
526 1860 563 1903 si
583 1860 735 1917 psallis
755 1860 944 1918 denique
964 1861 1196 1918 sapienter,
1209 1862 1344 1904 etiam
1363 1862 1476 1905 citra
1495 1861 1757 1905 articulatae

293 1931 414 1973 uocis
438 1929 778 1987 intelligentiam
809 1931 1097 1973 rectissimam
1122 1931 1362 1974 modestiae
1389 1931 1589 1988 regulam
1618 1934 1755 1983 tenes,
1775 1949 1791 1972 2
1798 1949 1817 1984 5

294 2003 340 2043 et
359 2014 447 2042 non
469 2002 562 2042 tam
582 1999 702 2041 uocis
723 2013 855 2055 quam
875 2000 1036 2043 mentis
1056 2000 1194 2043 iubilo
1215 2015 1344 2043 aures
1356 2000 1521 2043 mulces
1536 2000 1756 2043 Altissimi

295 2073 340 2112 et
369 2068 719 2126 indignationem
751 2069 845 2111 eius
874 2069 1116 2126 prudenter
1145 2070 1322 2112 auertis.
1383 2069 1470 2123 Qui
1500 2073 1651 2112 autem
1679 2084 1756 2113 uo-

293 2138 480 2195 luptatis
510 2140 590 2179 aut
616 2137 831 2180 uanitatis
857 2139 1039 2181 affectus
1070 2139 1292 2195 exprimit,
1314 2139 1391 2195 qui
1418 2139 1538 2181 uocis
1564 2139 1756 2196 gratiam

292 2207 524 2264 prostituit
547 2207 910 2264 concupiscentiis
940 2208 1043 2260 suis,
1064 2209 1140 2264 qui
1165 2209 1479 2251 lenociniorum
1499 2208 1756 2251 clientulam

292 2277 504 2319 musicam
546 2275 665 2327 facit,
698 2276 875 2333 ignorat
914 2278 1091 2333 quidem
1131 2278 1351 2320 canticum
1386 2277 1579 2328 Domini,
1613 2277 1755 2320 modis
1776 2293 1817 2324 30

294 2345 537 2387 Babiloniis
567 2345 757 2388 festinus
787 2346 834 2387 in
858 2348 978 2388 terra
1005 2347 1158 2389 aliena.
1225 2346 1312 2399 Qui
1339 2346 1484 2389 nescio
1512 2360 1599 2401 quo
1625 2348 1755 2402 pacto

293 2414 394 2470 plus
418 2414 630 2469 placeant,
655 2415 741 2456 nisi
772 2415 876 2470 quia

422 2494 608 2535 nitimur
637 2494 684 2535 in
714 2495 906 2537 uetitum
936 2510 1108 2552 semper
1136 2495 1423 2552 cupimusque
1452 2496 1626 2551 negata,

293 2607 313 2640 7
339 2595 568 2642 phylomena
585 2596 648 2638 M;
675 2596 882 2642 philomela
900 2597 937 2633 S¹
1080 2609 1124 2634 22
1149 2596 1410 2633 habundantia
1425 2595 1540 2631 A¹MS

339 2693 379 2718 21
401 2684 631 2718 Exultabunt
648 2684 740 2718 etc.:
759 2683 815 2718 Ps.
832 2683 923 2719 lxxi.
942 2695 998 2729 23.
1064 2694 1121 2727 22,
1135 2694 1178 2728 23
1197 2695 1241 2718 eoe
1254 2684 1479 2718 abundantia
1491 2685 1622 2718 cordis:
1641 2683 1754 2720 Matt.

291 2730 357 2765 xii.
370 2741 401 2772 2,
417 2740 456 2773 43
476 2729 561 2765 Luc.
577 2729 621 2765 vi.
637 2739 696 2774 45.
804 2741 848 2774 23
865 2734 997 2776 spiritu
1010 2733 1144 2776 psallis
1156 2732 1250 2766 etc.:
1276 2742 1307 2765 v.
1326 2740 1339 2765 1
1358 2728 1438 2765 Cor.
1453 2729 1525 2765 xiv.
1543 2739 1596 2776 15.
1708 2742 1754 2776 30

291 2779 471 2813 canticum
484 2779 632 2813 Domim
648 2790 657 2814 :
683 2789 714 2811 v.
728 2777 785 2814 Ps.
800 2778 944 2813 cxxxvi.
962 2790 996 2823 4.
1080 2789 1123 2824 33
1139 2779 1295 2813 nitimur
1306 2780 1394 2814 etc.:
1413 2777 1478 2813 Ov.
1492 2779 1574 2813 Am.
1587 2777 1642 2812 iii.
1653 2787 1752 2823 4.17.

402 2859 443 2890 42

1862 2541 1878 2600 Δ,ΑἈ
