1878 3172
23 140 31 158 ⁵
86 159 184 194 cu.
202 145 327 208 xm]
598 145 1035 192 POLICRATICVS
1554 145 1631 196 587
1649 146 1679 184 h

86 267 270 312 alterius
296 266 492 325 cupiduS‚
521 267 603 310 hoc
630 266 811 309 minime
849 269 996 323 pomet
1025 265 1241 308 ueraciter
1268 265 1540 322 respondere.

86 336 160 379 Ad
178 336 366 380 salutem
390 338 540 378 tamen
566 335 643 378 uia
668 335 891 378 tutissima
920 338 988 378 est
1017 334 1189 377 diuitiis
1215 337 1261 377 et
1285 334 1417 377 rebus
1442 334 1542 377 aliis

83 405 305 463 expedito.
361 403 679 447 Difficillimum
708 404 825 447 enim
855 407 923 447 est
950 407 1003 446 ut
1031 417 1327 460 possessorum
1353 403 1423 446 sui
1452 418 1542 446 non

87 473 332 531 impediant
362 487 550 516 cursum.
609 473 719 526 Quis
757 473 898 516 nescit
936 472 1229 529 Ypodamiam
1266 472 1543 528 praeuolasse

53 555 72 589 5
87 543 145 586 ad
169 542 373 600 palmam,
391 542 498 584 dum
524 542 870 585 concertantium
897 556 1127 598 procorum
1148 556 1325 584 cursum
1350 541 1544 598 proiecto

87 625 196 655 auro
214 611 362 668 potuit
380 611 604 654 retardare
620 612 638 654 ’Β
694 611 861 654 Mansit
886 611 1037 667 itaque
1057 611 1184 667 uirgo
1208 610 1387 661 inuicta,
1406 610 1542 653 donec
1559 617 1586 648 c

87 683 272 724 uentum
301 682 370 722 est
397 679 453 722 ad
483 680 692 736 pecuniae
720 683 1077 737 contemptorem,
1106 679 1183 736 qui
1212 679 1260 721 in
1289 682 1544 735 contemptu

87 748 187 791 auri
224 748 443 805 uirginem
483 748 722 805 superauit,
760 763 918 791 aurum
958 748 1154 805 optinuit
1202 751 1248 790 et
1290 763 1346 790 ex
1384 762 1436 790 eo
1474 746 1546 805 (ut

88 817 291 875 fingitur)
324 817 568 860 certatricis
597 817 769 874 puellae
798 832 943 860 cereos
973 831 1079 860 axes
1114 817 1231 867 fecit,
1263 816 1369 859 dum
1403 816 1544 859 incor-

32 899 74 924 ιο
89 885 306 943 ruptionis
335 900 459 928 amor
487 887 698 942 pecuniae
731 901 923 929 amorem
954 886 1192 929 absorbuit.
1263 886 1423 928 Nonne
1461 886 1544 929 hoc

89 955 234 1012 ipsum
253 955 529 997 commendat
547 955 758 998 iudicium
779 955 862 998 Dei
889 958 935 998 et
961 970 1034 998 eas
1053 955 1404 1011 contemptibiles
1424 954 1545 1004 facit,

89 1023 207 1080 quod
225 1023 274 1065 in
293 1026 486 1080 egestate
506 1024 719 1067 bonorum
739 1025 846 1081 ipffls
865 1024 1006 1080 iniqui
1026 1024 1242 1067 affluunt‘3
1301 1023 1376 1066 Fit
1394 1027 1543 1066 tamen

89 1091 312 1134 interdum
341 1092 486 1134 nescio
515 1107 601 1148 quo
630 1096 759 1149 pacto
787 1096 840 1136 ut
873 1093 930 1135 ad
964 1092 1292 1135 subuersionem
1325 1093 1542 1135 iustorum
1558 1091 1637 1141 588
1657 1101 1687 1130 a

91 1174 138 1203 se
161 1160 224 1203 eis
246 1160 469 1217 ingerant;
499 1164 545 1204 et
573 1176 660 1218 quo
690 1162 947 1218 diligentius
971 1161 1279 1212 excluduntur,
1298 1161 1356 1204 ad
1380 1162 1544 1204 ostium

34 1245 75 1279 15
92 1229 404 1286 contemptoris
442 1229 680 1273 studiosius
719 1231 909 1287 pulsant.
988 1230 1086 1282 Quo
1125 1229 1281 1272 beatus
1319 1229 1545 1287 Eugenius

91 1311 276 1340 munera
312 1298 485 1341 cautius
523 1299 741 1356 abigebat,
780 1299 838 1341 ad
885 1313 989 1343 eum
1025 1298 1219 1355 undique
1257 1299 1546 1356 multiplicius

91 1366 380 1409 confluebant,
446 1367 543 1410 Hoc
572 1382 744 1424 quoque
774 1367 867 1410 fere
896 1367 1059 1424 ubique
1088 1367 1258 1418 accidit,
1286 1371 1339 1410 ut
1367 1368 1546 1426 fugiant

92 1433 199 1476 dum
228 1438 512 1491 quaeruntur,
538 1436 645 1479 dum
674 1436 891 1494 fugantur
916 1436 1171 1480 accelerant.
1231 1436 1290 1479 Et
1316 1437 1423 1480 haec
1450 1438 1547 1494 qui-

93 1501 194 1545 dem
219 1503 296 1545 uia
320 1504 748 1560 compendiosissima
774 1508 820 1548 et
842 1505 1151 1548 honestissima
1176 1508 1243 1548 est
1269 1505 1326 1548 ad
1353 1506 1546 1549 diuitias.

35 1583 80 1608 ²0
95 1569 209 1615 Omn
234 1571 350 1614 enim
377 1572 560 1616 diuitiae
586 1574 826 1630 prudenter
852 1574 1159 1626 excluduntur,
1186 1577 1231 1617 et
1266 1575 1363 1621 uita
1396 1579 1548 1618 eterna

95 1638 345 1695 adquiritur
363 1643 409 1682 et
427 1641 628 1684 cumulus
647 1642 907 1685 diuitiarum
927 1642 1104 1685 aoeedit.
1164 1642 1223 1685 Et
1249 1643 1287 1685 si
1313 1643 1395 1686 hoc
1414 1644 1547 1686 nimis

93 1707 282 1750 arduum
319 1708 498 1751 uidetur
535 1710 646 1763 aliis,
680 1711 753 1754 uel
791 1726 819 1754 a
856 1711 1076 1754 iudicibus
1114 1714 1207 1754 tam
1247 1712 1547 1755 ecclesiasticis

94 1791 227 1833 quam
255 1777 502 1828 mundanis,
530 1780 607 1834 qui
644 1779 912 1836 professione
942 1783 1021 1822 aut
1049 1784 1322 1823 sacramento
1349 1782 1547 1825 iustitiae

94 1845 279 1901 obligati
298 1849 415 1894 sunt,
433 1845 605 1902 impleri
625 1851 811 1904 oportet.
854 1849 1150 1905 Vtrorumque
1169 1849 1383 1905 siquidem
1404 1850 1548 1893 forma

37 1924 79 1958 ²5
96 1912 274 1956 Samuel
313 1916 391 1966 est,
429 1915 506 1970 qui
545 1915 606 1958 sic
643 1916 839 1972 praefuit
877 1917 1100 1960 sacrificiis
1138 1920 1191 1960 ut
1223 1932 1313 1960 non
1350 1922 1548 1975 parceret

94 1981 300 2038 sanguim
322 1982 568 2038 impiorum,
587 1984 649 2027 sic
675 1985 838 2028 iudicia
860 1989 1049 2042 utraque
1076 1986 1272 2029 exercuit
1297 1990 1350 2030 ut
1374 1987 1545 2030 nullum
1563 1993 1593 2032 b

94 2075 117 2110 8
141 2073 309 2111 obtinuit
325 2074 353 2110 C
497 2085 540 2120 14
564 2075 731 2112 hostium
747 2076 778 2112 B

143 2167 167 2201 4
192 2159 281 2202 Quis
295 2160 405 2193 nescit
423 2159 660 2203 Ypodamiam
675 2160 769 2195 etc:
795 2171 828 2194 v.
846 2157 942 2195 Serv.
962 2159 1092 2194 Comm.
1110 2160 1151 2194 in
1171 2161 1272 2204 Verq.
1289 2160 1413 2204 Geor-9.
1430 2161 1486 2195 iii.
1503 2168 1547 2203 7;

96 2204 162 2240 sed
176 2203 326 2241 videtur
341 2206 408 2240 aut
430 2205 510 2250 ipse
527 2206 687 2242 Ioannes
702 2207 769 2241 aut
786 2205 910 2242 nescio
927 2205 1011 2250 quis
1033 2207 1165 2242 auctor
1188 2218 1299 2251 quem
1319 2207 1549 2252 sequebatur

96 2249 265 2287 fabulam
280 2251 327 2288 de
344 2251 601 2298 Hippodamia
616 2255 656 2288 et
671 2252 809 2298 Pelope
825 2265 910 2288 cum
926 2252 1056 2288 fabula
1073 2253 1118 2290 de
1137 2252 1319 2289 Atalanta
1335 2255 1375 2290 et
1400 2253 1547 2299 Hippo-

97 2309 207 2334 mene
224 2298 444 2335 confudisse.
598 2309 618 2343 7
641 2302 813 2345 pecuniae
828 2305 1095 2345 contemptorem
1110 2313 1119 2335 ε
1144 2300 1203 2335 Ita
1219 2300 1404 2346 appellari
1420 2300 1548 2346 potuit

98 2343 355 2390 Hippomenes
375 2345 452 2390 qui,
468 2345 651 2393 neglectis
667 2347 776 2382 malis
800 2346 925 2383 aureis
950 2358 1047 2392 quae
1071 2349 1115 2382 ut
1137 2346 1334 2392 colligeret
1353 2347 1395 2382 in
1420 2348 1547 2384 medio

98 2402 208 2427 cursu
226 2394 373 2428 morata
394 2394 451 2428 est
471 2392 661 2435 Atalanta,
678 2393 761 2439 ipse
777 2396 816 2430 et
838 2393 996 2429 victoria
1017 2395 1057 2430 et
1081 2393 1224 2440 virgine
1245 2394 1389 2440 potitus
1405 2396 1487 2437 est3
1513 2406 1548 2431 v.

98 2437 236 2484 Hygin.
252 2439 339 2474 Fal».
362 2441 437 2485 185,
455 2439 552 2476 Serv.
573 2441 702 2476 Comm.
720 2443 761 2476 in
776 2443 875 2486 Very.
891 2442 981 2476 Aen.
998 2443 1053 2476 iii.
1071 2451 1148 2486 113.
1249 2451 1272 2486 9
1296 2452 1429 2477 cereos:
1447 2441 1548 2478 Male

97 2483 295 2531 legebatur
303 2485 350 2520 in
366 2485 556 2522 codicibus
572 2486 793 2532 quibusdam
810 2490 917 2523 cereis
930 2499 999 2534 pro
1016 2490 1129 2523 aereis
1144 2486 1185 2523 in
1202 2487 1320 2524 Servii
1336 2489 1418 2524 loco
1435 2500 1550 2534 supra

97 2530 162 2567 cit.
178 2531 245 2576 qui
258 2532 453 2578 Myrtilum
466 2533 514 2568 ab
527 2533 782 2580 Hippodamia
793 2537 1010 2580 corruptum
1016 2537 1132 2580 sactis
1147 2537 1261 2570 aereis
1271 2535 1404 2580 (cereis)
1420 2537 1551 2571 axibus

96 2577 291 2614 victoriam
305 2579 435 2624 Pelopi
447 2579 591 2616 dedisse
603 2583 741 2617 narrat.
805 2592 836 2627 9,
852 2592 896 2617 10
904 2584 1201 2627 incorruptionis:
1216 2594 1327 2627 quam
1339 2582 1549 2629 significare

99 2626 224 2670 potest
236 2636 330 2668 cera,
345 2626 484 2671 quippe
501 2638 596 2671 quae
612 2628 809 2674 corrumpi,
822 2628 862 2664 id
875 2630 931 2664 est
942 2630 1165 2674 putrescere,
1179 2640 1255 2664 non
1267 2629 1373 2666 solet.
1439 2641 1483 2673 14
1500 2631 1549 2664 ad

99 2673 230 2706 ostium
237 2674 403 2717 pulsant:
421 2685 453 2707 v.
467 2676 544 2709 not.
556 2673 614 2709 ad.
626 2686 656 2710 c.
667 2685 690 2720 9
705 2676 786 2720 (561
800 2677 856 2720 A).
943 2685 983 2721 15
1002 2677 1210 2719 Euqenius:
1227 2687 1277 2711 sc.
1288 2675 1480 2722 Eugenius
1491 2676 1548 2710 III

29 2756 31 2758 ,
99 2728 209 2763 papa,
222 2718 270 2755 de
284 2730 357 2764 quo
367 2731 480 2765 supra
492 2731 523 2755 c.
539 2729 578 2765 15
595 2721 677 2766 (577
688 2723 739 2766 c).
828 2730 870 2768 25
888 2724 1111 2767 sicpraefiu‘t
1123 2725 1194 2758 etc.
1208 2733 1218 2757 :
1241 2735 1272 2758 v.
1290 2733 1304 2758 1
1320 2722 1409 2768 Reg.
1423 2735 1480 2758 xv.
1492 2733 1548 2767 33.

101 2765 149 2800 26
163 2767 215 2800 sic
224 2767 361 2802 iudicia
371 2768 461 2803 etc.:
478 2778 509 2803 v.
523 2777 538 2803 1
552 2767 714 2814 Reg.xii.
730 2779 762 2814 3.
855 2774 1021 2815 utruque:
1037 2781 1086 2805 sc.
1096 2768 1350 2808 ecclesiastica
1360 2772 1398 2805 et
1409 2768 1545 2807 civilia.

1374 2832 1439 2876 3⁶7
