1878 3172
164 187 254 229 49⁵
273 187 299 218 Ο
648 171 909 216 IOANNIS
939 170 1452 215 SARESBERIENSIS
1592 171 1704 228 [Lm.
1718 180 1778 214 111
1853 190 1855 201 2

313 297 466 340 laurus
485 294 778 353 polliceretur,
797 293 986 350 scriptor
1004 292 1109 336 belli
1130 292 1285 336 Punici
1304 292 1432 335 Titus
1453 291 1607 335 Liuius
1626 290 1779 335 refert.
1850 294 1855 322 -’

314 365 524 410 Ceterum
544 365 592 407 in
621 363 739 407 tanti
765 362 983 419 triumphi
1008 361 1150 419 gloria
1175 361 1284 418 quid
1307 361 1384 405 illo
1407 361 1504 405 ciue
1527 361 1782 412 modestius,
1841 395 1844 415 2

314 435 392 492 qui
422 442 468 478 s'e
494 435 542 476 in
572 436 700 477 tanto
729 447 930 476 successu
958 447 1038 475 nec
1065 431 1292 475 dominum
1319 446 1462 489 neque
1485 431 1700 474 uictorem
1724 430 1782 473 ab

314 500 476 561 aliquo,
496 503 583 546 nisi
603 503 660 546 ab
681 502 933 545 Hannibale
952 502 1190 559 paucisque
1209 500 1506 557 complicibus,
1522 500 1599 560 qui
1618 513 1782 557 aequas
1852 519 1853 523 ¹

315 573 589 618 conditiones
635 572 756 629 pacis
805 574 938 628 rupto
977 570 1126 614 federe
1172 570 1480 613 fraudulenter
1518 569 1782 619 abiecerant,
1801 583 1821 619 5

315 657 471 700 passus
511 645 578 685 est
617 641 835 685 salutari?
895 641 981 683 Eos
1013 655 1197 697 quoque,
1233 640 1310 696 qui
1343 639 1549 696 castigati
1583 653 1672 682 non
1706 638 1783 681 ob-
1844 654 1846 666 ³

316 712 626 769 temperabant
660 711 936 767 prohibentis
976 710 1173 767 imperio,
1214 709 1340 766 quasi
1379 708 1647 751 adulationis
1685 721 1784 750 reos

272 783 302 823 d
319 785 364 824 et
393 781 595 838 publicae
625 780 781 823 salutis
811 780 970 830 hostes,
1000 780 1057 822 ab
1086 778 1284 822 exercitu
1316 778 1470 831 iussit;
1501 792 1603 821 cum
1632 779 1784 820 tamen
1844 795 1849 802 «-

317 865 457 909 genus
487 849 716 892 Eneadum
749 850 862 892 hanc
897 849 1127 892 mollitiem
1162 848 1337 891 aurium
1367 847 1566 891 nondum
1598 846 1784 907 exuerit,
1845 877 1850 899 2,

317 920 426 977 quin
455 919 785 962 adulationibus
813 918 1100 961 delectentur.
1161 917 1275 961 Cum
1304 931 1411 960 uero
1440 916 1498 960 ab
1526 916 1657 959 initio
1682 930 1781 973 gra-
1802 931 1855 959 10

315 988 489 1031 uissimi
510 987 690 1039 fuerint,
702 988 750 1030 in
771 1002 858 1044 quo
878 987 1092 1030 Troianae
1107 986 1305 1030 leuitatis
1319 986 1535 1044 originem
1549 986 1783 1043 praecipue

316 1057 575 1108 diffitentur,
615 1072 689 1100 eos
727 1058 809 1101 hoc
848 1057 962 1100 uitio
1000 1057 1207 1100 continue
1241 1056 1462 1100 laborasse
1496 1055 1784 1099 historiarum
1836 1045 1847 1053 '²

315 1127 484 1170 celebre
514 1126 817 1169 testimonium
849 1130 927 1171 est.
986 1126 1097 1169 Inde
1126 1129 1194 1169 est
1222 1126 1356 1168 illud:
1387 1126 1612 1169 Romanus
1641 1124 1784 1168 omnis
1849 1116 1851 1151 j

317 1196 574 1239 adulatione
589 1196 888 1253 corrumpitur
902 1198 981 1239 aut
1000 1195 1256 1252 corrumpit.
1304 1195 1449 1248 Certe,
1460 1195 1499 1238 si
1517 1209 1608 1238 non
1621 1194 1783 1247 uerbis,
1839 1222 1852 1254 5

317 1268 503 1322 possunt
523 1279 673 1308 omnes
698 1265 995 1308 fraudulentis
1019 1265 1275 1308 muneribus
1302 1264 1572 1322 expugnari;
1601 1267 1647 1307 et
1673 1277 1784 1321 quos
1803 1278 1819 1304 ι
1840 1257 1847 1277 ³

318 1334 581 1378 munuscula
592 1349 682 1377 non
694 1334 901 1385 deiciunt,
913 1335 1154 1378 honoribus
1166 1335 1415 1392 capiuntur.
1443 1334 1577 1377 Vrbis
1589 1333 1785 1390 auspicia
1838 1356 1843 1364 ·

319 1403 549 1460 sacrilegio
568 1404 793 1460 parricidii
818 1407 864 1446 et
888 1403 1076 1446 fraterni
1103 1403 1332 1461 sang-uinis
1352 1418 1505 1447 cruore
1527 1402 1785 1446 numinibus

320 1474 412 1516 suis
461 1473 675 1516 Romulus
723 1474 1007 1525 consecrauit,
1047 1473 1204 1516 deinde
1253 1473 1494 1516 lemuribus
1547 1471 1787 1515 infestatus
1844 1471 1851 1503 ί

321 1543 486 1585 honore
531 1557 648 1584 uano
693 1542 902 1585 simulata
946 1543 1339 1586 communicatione
1382 1542 1556 1599 imperii
1599 1541 1786 1584 fratrem
1837 1535 1844 1561 ἶ

165 1611 257 1661 496
275 1621 305 1650 a
321 1611 517 1669 placauit
536 1612 735 1655 occisum.
796 1611 909 1654 Suos
936 1626 1108 1668 quoque
1135 1612 1432 1669 imperatores,
1452 1627 1561 1669 quos
1585 1612 1639 1655 de
1666 1625 1787 1655 more
1802 1600 1844 1680 ι”ι

322 1681 548 1724 Romanus
593 1681 782 1738 populus
827 1681 1018 1724 fideliter
1056 1681 1298 1739 iugulabat,
1337 1682 1562 1724 deificauit
1600 1681 1787 1731 fidelius,
1836 1695 1851 1714 ···

321 1751 445 1793 inani
475 1750 632 1793 solatio
662 1750 891 1807 perfidiam
921 1753 1183 1807 praetexens
1213 1750 1507 1804 manifestam,
1526 1750 1709 1808 perinde
1735 1763 1787 1793 ac

321 1820 359 1863 si
391 1819 732 1862 sorbitiunculas
766 1820 818 1870 ei,
850 1834 980 1876 quem
1014 1823 1272 1876 peremerat,
1306 1820 1591 1871 ministraret,
1626 1832 1786 1877 eosque
1845 1811 1847 1814 ’

321 1889 652 1931 mentiebantur
678 1889 726 1930 in
755 1892 915 1931 sortem
945 1889 1155 1932 transisse
1178 1890 1423 1941 numinum,
1443 1904 1493 1933 ac
1520 1890 1558 1932 si
1587 1889 1679 1933 celo
1702 1902 1786 1932 suo

320 1959 572 2015 mundoque
601 1958 792 2015 regendo
822 1959 909 2001 nisi
938 1959 1129 2001 tirannis
1158 1959 1307 2002 ascitis
1338 1959 1666 2016 Omnipotentis
1695 1972 1786 2001 non
1803 1972 1822 1998 ι

321 2027 510 2070 sufficiat
542 2042 710 2070 manus.
771 2028 895 2071 Facti
934 2030 1041 2071 sunt
1080 2042 1184 2085 ergo
1224 2028 1318 2071 diui
1349 2028 1567 2086 indigetes
1601 2030 1681 2071 aut
1715 2026 1785 2084 (ut
1838 2047 1839 2050 ¹

322 2097 421 2140 aliis
456 2097 616 2153 placet)
651 2098 815 2148 heroes,
845 2112 954 2154 quos
983 2112 1062 2140 nec
1093 2097 1227 2140 etiam
1257 2099 1452 2140 humana
1480 2101 1598 2141 sorte
1627 2098 1785 2155 dignos
1830 2138 1838 2151 ,,

322 2166 622 2209 Romanorum
649 2167 834 2223 perfidia
860 2166 1100 2223 reputauit.
1161 2167 1369 2210 Tractum
1394 2170 1463 2211 est
1480 2159 1592 2211 'hinc
1613 2180 1786 2217 nomen,
1836 2172 1849 2225 'J

324 2314 346 2349 3
370 2303 508 2350 neque]
525 2316 597 2341 nec
614 2303 689 2339 AM
795 2306 816 2340 8
834 2310 918 2351 post
935 2305 1103 2342 exercitu
1119 2307 1201 2341 add.
1221 2304 1408 2343 remoueri
1427 2305 1467 2341 M
1565 2315 1607 2341 12
1623 2303 1787 2352 hystori-
1841 2298 1843 2331 Ϊ

323 2363 432 2387 arum
447 2351 516 2397 VSM
659 2361 702 2397 25
728 2352 900 2397 tyrannis
918 2353 957 2388 M
1052 2353 1198 2390 asscitis
1213 2352 1314 2388 ASM
1456 2353 1503 2389 26
1527 2351 1683 2390 suffitiet
1698 2352 1733 2388 A
1833 2370 1837 2377 ‹

376 2488 391 2513 1
411 2480 568 2514 Liuius:
594 2478 639 2514 de
657 2477 761 2514 cuius
776 2478 937 2514 historia
954 2478 1148 2525 epitomen
1166 2478 1332 2516 confecit
1345 2478 1501 2522 Florus;
1524 2491 1558 2515 v.
1576 2478 1653 2516 Liv.
1671 2478 1787 2516 xxxii.

327 2534 343 2561 1
366 2523 384 2571 ξ
408 2535 460 2561 12.
621 2535 642 2560 2
672 2527 835 2561 Ceterum
851 2528 941 2562 etc.:
967 2526 1062 2563 haec
1079 2527 1126 2563 de
1145 2526 1322 2572 Scipione
1339 2526 1518 2563 Africano
1534 2529 1692 2563 narrata
1706 2538 1790 2563 nus-
1842 2547 1849 2554 2

325 2583 440 2617 quam
466 2571 559 2607 alibi
588 2571 754 2609 invenire
781 2572 912 2619 potui3
949 2575 1227 2619 quem,tamen
1253 2585 1382 2620 regem
1408 2574 1593 2620 appellari
1619 2574 1787 2612 noluisse
1834 2575 1836 2594 ³

326 2619 497 2654 novimus
515 2630 559 2654 ex
578 2619 680 2657 Livio
699 2619 811 2655 xxvii.
835 2631 879 2666 19
898 2619 938 2667 §§
961 2632 991 2666 3,
1010 2631 1043 2665 4.
1231 2631 1271 2666 13
1297 2622 1559 2657 testimonium:
1585 2633 1616 2658 e.
1628 2634 1663 2668 g.
1681 2621 1786 2657 Oros.
1831 2624 1836 2642 ³

324 2668 404 2702 adv.
422 2667 590 2710 Payanos
605 2666 651 2702 iv.
673 2677 714 2712 13
733 2666 750 2712 §
775 2676 840 2712 173
867 2667 914 2704 cf.
932 2667 1027 2714 Aug.
1044 2669 1088 2703 de
1112 2669 1187 2705 Giv.
1211 2670 1282 2703 Dei
1304 2668 1345 2703 ii.
1366 2679 1418 2714 13.
1613 2670 1655 2705 16
1685 2670 1789 2705 Vrbis
1826 2682 1831 2691 ¹

324 2715 492 2758 auspicia
519 2715 610 2749 etc.:
637 2713 682 2749 cf.
712 2714 865 2751 Hieron.
892 2717 962 2761 Ep.
989 2726 1093 2751 cxxv.
1122 2715 1139 2762 §
1172 2724 1210 2762 15
1240 2715 1385 2761 (Migne
1410 2717 1451 2751 P.
1476 2717 1521 2752 L.
1548 2715 1638 2751 xxii.
1668 2717 1787 2759 1080).
1807 2721 1831 2737 ·’

329 2762 371 2797 18
397 2761 535 2795 Deinde
562 2762 758 2797 lemuribus
783 2764 874 2798 etc.:
900 2774 931 2798 v·
948 2762 1014 2798 Ov.
1031 2763 1130 2798 Fast.
1147 2775 1180 2799 v.
1200 2771 1265 2809 451
1280 2774 1383 2808 seqq.
1571 2772 1616 2808 27
1641 2764 1786 2800 heroes:
1820 2768 1829 2798 ,’

323 2818 358 2844 v.
377 2807 542 2844 Macrob.
559 2810 602 2843 de
618 2809 738 2844 Somn.
756 2810 851 2855 Scip.
867 2809 893 2846 i.
910 2819 933 2855 9
952 2808 992 2856 ἐξ
1013 2818 1047 2855 7,
1065 2811 1098 2846 8.
1831 2826 1833 2830 ⁴

435 2886 499 2911 302
