1878 3172
19 134 28 196 Ῐ
104 158 204 194 ou».
216 146 268 207 v]
616 143 1048 190 PoLICRATIcvs
1568 151 1651 192 520
1669 153 1700 182 a

218 269 439 310 auctorem
467 279 619 323 parere
648 265 743 308 sibi.
801 263 1091 331 Componitur
1118 263 1237 307 orbis

218 324 335 382 regis
363 324 420 367 ad
449 323 708 380 exemplum,
736 337 815 365 nec
844 322 905 365 sic
935 322 1155 365 inflectere
1182 334 1336 364 sensus

208 381 608 482 fflnflffifflss
630 380 942 494 &32:2²²ss
960 379 1358 494 ἔὲῗοῑῗὲθὲἑῗὲω
1566 379 1596 418 ¹²

10 563 11 566 Ἴ
63 538 84 573 5
103 512 268 555 Verum
303 513 575 570 singulorum
608 512 842 556 facultates
874 525 1150 567 nequaquam
1185 510 1381 554 omnium
1414 510 1550 566 copiis

101 581 417 638 adaequantur.
463 581 531 625 De
549 581 701 624 loculis
718 580 907 638 propriis
925 579 1110 636 quilibet
1129 579 1275 629 sumit,
1289 582 1338 621 at
1356 581 1551 635 potestas

14 642 15 647 ¹
102 650 157 693 de
182 665 284 693 arca
312 651 487 707 publica
512 651 583 693 uel
609 650 770 693 cimilio
796 649 972 691 haurit·
962 682 972 701 ,
1001 663 1112 705 quae
1131 648 1169 691 si
1190 647 1306 690 forte
1330 647 1551 697 defecerit,

102 718 159 761 ad
207 719 478 776 singulorum
525 719 766 762 recurritur
813 717 1058 760 facultates.
1136 716 1276 773 Atqui
1325 716 1550 773 priuatum

18 787 19 790 ’
101 801 317 844 quemque
336 788 427 831 suis
452 802 624 831 necesse
649 790 716 830 est
741 801 834 830 esse
858 789 1124 829 contentum.
1183 786 1306 839 Quae
1325 785 1363 828 si
1383 784 1551 827 fuerint

10 911 11 914 Ἴ
43 870 86 896 10
102 858 351 906 extenuata,
376 857 452 913 qui
480 871 597 900 nunc
626 855 818 913 potentis
846 855 1082 912 appetebat
1110 853 1339 911 fulgorem,
1365 868 1549 911 pauper-

15 916 17 918 *
52 914 57 918 ⁶
100 926 194 967 tate
227 924 428 967 sordidus
466 925 734 968 confusionis
773 939 876 967 suae
915 923 1118 966 tenebras
1155 923 1382 966 erubescit.
1440 922 1549 965 Inde

102 993 235 1035 etiam
255 993 666 1036 Lacedemoniorum
682 993 855 1036 decreto
874 991 1166 1049 potestatibus
1185 992 1233 1034 in
1251 1006 1335 1034 usu
1354 991 1549 1048 publico-

8 1075 25 1114 5,
101 1075 201 1104 rum
215 1061 427 1104 bonorum
439 1062 630 1118 parcitas
645 1062 811 1105 indicta
823 1065 900 1112 est,
907 1061 1012 1103 dum
1026 1065 1175 1104 tamen
1186 1061 1464 1104 hereditariis
1480 1061 1549 1103 uti

103 1133 149 1172 et
168 1130 238 1173 his
252 1145 364 1218 quae
382 1130 605 1188 pinguiori
625 1130 807 1174 fortuna
821 1131 1043 1181 accedunt,
1055 1129 1275 1174 communi
1294 1130 1390 1172 iure
1408 1129 1549 1173 liceat.

9 1259 14 1314 ss
44 1261 90 1300 ¹5
104 1250 208 1308 Cap.
227 1261 268 1306 5.
315 1252 442 1306 Quod
458 1237 912 1351 pnndpemdgcaistwm
937 1265 1021 1294 esse
1040 1253 1214 1307 oportet,
1234 1254 1272 1293 et
1291 1248 1548 1293 auaritiam
1566 1256 1591 1286 c

799 1323 944 1352 amre.

0 1356 14 1455 [s
158 1388 332 1432 Adiecit
349 1389 445 1431 lex:
490 1388 592 1432 Non
611 1389 791 1431 habebit
809 1402 968 1431 uxores
987 1387 1211 1444 plurimas,
1226 1401 1338 1443 quae
1358 1386 1550 1430 afficiant

0 1458 1 1467 ¹
101 1457 292 1500 animam
321 1457 426 1500 eius.
483 1457 673 1500 Licitum
702 1457 878 1514 quidem
907 1457 997 1499 fuit
1026 1456 1286 1513 quandoque
1314 1456 1362 1498 in
1387 1455 1549 1512 populo

0 1498 22 1564 f.
101 1524 186 1568 Dei
224 1528 287 1576 ut,
325 1526 631 1583 propagandae
669 1526 828 1569 sobolis
866 1526 1013 1582 gratia
1051 1528 1096 1568 et
1133 1525 1306 1567 fidelem
1337 1525 1548 1581 populum

42 1609 87 1634 ao
103 1594 331 1647 dilatandi,
365 1595 512 1650 plures
550 1595 649 1651 quis
686 1595 920 1638 sortiretur
957 1608 1127 1636 uxores.
1204 1593 1259 1636 In
1299 1594 1548 1650 exemplum

16 1694 17 1699 ,
101 1662 302 1706 licentiae
340 1663 472 1706 huius
510 1666 743 1707 occurrunt
780 1663 1066 1720 patriarchae,
1099 1677 1199 1706 cum
1234 1662 1346 1705 Sara
1375 1676 1456 1705 usa
1490 1662 1549 1704 sit

101 1731 197 1775 iure
214 1746 313 1782 suo,
336 1746 514 1788 corpore
543 1733 708 1776 scilicet
732 1733 948 1783 Abrahae,
967 1733 1015 1774 in
1038 1735 1165 1775 utero
1191 1732 1344 1782 alieno,
1364 1732 1548 1775 ancillae

0 1808 27 1862 ξ’
101 1801 343 1843 ministerio
358 1801 412 1843 de
426 1801 522 1843 uiro
537 1801 775 1858 suscipiens
789 1802 929 1843 filium
944 1801 1185 1845 Ismaelem.
1225 1801 1357 1843 Iacob
1376 1814 1548 1857 quoque

101 1883 298 1912 sororum
317 1870 401 1911 sibi
421 1870 642 1926 duplicato
661 1870 863 1927 coniugio
883 1870 1092 1913 fecundas
1112 1870 1348 1912 earundem
1368 1869 1549 1912 ancillas

10 1939 11 1942 ’
38 1939 83 1991 35
102 1937 301 1980 adsciuit.
349 1937 488 1992 Atqui
508 1952 631 1994 reges
650 1941 886 1994 perpetuae
905 1937 1212 1994 prohibitionis
1226 1938 1407 1993 laqueus
1426 1940 1550 1980 tenet

102 2008 147 2048 et
175 2019 220 2047 a·
236 2005 430 2061 plurium
467 2019 650 2047 uxorem
683 2006 958 2062 amplexibus
983 2008 1129 2057 arcet;
1163 2009 1219 2055 et,
1238 2020 1338 2048 cum
1368 2006 1416 2047 in
1450 2005 1549 2047 aliis

100 2071 249 2127 plures
267 2071 398 2112 unius
418 2085 509 2112 esse
528 2071 697 2113 licitum
718 2071 865 2121 fuerit,
886 2071 933 2112 in
952 2071 1128 2127 regibus
1147 2074 1359 2127 perpetuo
1378 2071 1549 2127 optinet

101 2143 154 2181 ut
182 2153 272 2181 una
300 2138 431 2180 unius
459 2138 529 2180 sit.
587 2139 815 2195 Numquid
845 2138 1052 2181 fornicari
1081 2138 1153 2180 uel
1187 2139 1427 2181 adulterari
1455 2143 1547 2182 stu·
1565 2138 1593 2178 d

27 2246 34 2251 .
99 2221 285 2264 prumue
323 2206 594 2250 committere
632 2207 735 2249 licet
772 2221 872 2249 cum
909 2206 1121 2263 pluribus,
1159 2221 1259 2249 cum
1297 2221 1376 2250 nec
1414 2208 1548 2250 etiam

43 2295 86 2330 30
101 2275 273 2332 generis
301 2274 623 2330 multiplicandi
651 2289 783 2317 causa
816 2278 895 2317 aut
929 2275 1184 2331 procreandi
1218 2275 1391 2317 heredis
1418 2275 1549 2319 liceat

100 2344 312 2387 uxoribus
323 2343 576 2386 admisceri?
606 2343 832 2395 Quomodo
846 2346 1000 2399 stupra
1012 2343 1229 2385 adulteria
1240 2346 1319 2386 aut
1331 2345 1548 2400 quaslibet

101 2411 410 2455 fornicationes
437 2411 592 2468 puniet
620 2414 815 2468 potestas
844 2411 1006 2454 eisdem
1034 2412 1230 2454 subiecta
1258 2412 1546 2456 criminibus?

101 2513 123 2549 7
147 2505 260 2541 archa
275 2504 315 2539 M
492 2512 533 2550 15
558 2504 729 2549 oporteat
745 2503 785 2538 M
961 2513 1006 2548 23
1030 2502 1245 2540 ismahelem
1262 2502 1328 2539 BA
1501 2515 1546 2550 24

100 2551 317 2598 dupplicato
335 2549 360 2586 S

150 2637 191 2663 12
215 2629 430 2663 Lacedemon
408 2628 550 2662 nior-um
566 2627 626 2660 dec
629 2630 698 2660 reto
722 2626 814 2661 etc.:
845 2624 923 2668 Quo
947 2626 1098 2662 auctore
1123 2625 1216 2662 haec
1238 2625 1377 2662 referat
1399 2626 1542 2669 Noster,

100 2673 234 2710 nescio.
332 2683 372 2718 17
390 2675 473 2709 Non
489 2674 626 2708 habebit
642 2674 734 2708 etc.:
760 2671 871 2708 Deut.
885 2671 971 2708 xvii.
991 2674 1184 2716 17.18
1200 2674 1245 2708 La
1242 2675 1358 2708 citum
1375 2676 1469 2710 etc.:
1496 2675 1544 2710 cf.

100 2720 297 2757 Abaelard.
314 2722 375 2766 Ep
378 2723 415 2756 i.t
435 2721 552 2773 ΤΙιεοῑ3
574 2720 701 2756 Christ.
720 2730 751 2754 c.
773 2729 814 2763 31
838 2719 910 2763 (ed.
928 2718 1075 2755 cousin.
1100 2717 1139 2755 11.
1160 2731 1197 2764 p.
1216 2721 1311 2765 581).
1499 2731 1540 2758 21

102 2767 195 2803 Sara
211 2770 306 2804 etc.:
331 2779 365 2804 v.
346 2733 474 2804 P.Gen
493 2766 565 2802 xvi.
685 2776 729 2811 23
753 2767 858 2803 Iacob
875 2767 945 2802 etc.
962 2778 971 2801 :
996 2777 1028 2802 v.
1046 2765 1139 2803 Gen.
1156 2778 1240 2803 xxx.
1270 2777 1371 2813 1—24.

1374 2830 1438 2865 247
