1878 3172
644 153 993 199 ENTHHIGV
995 153 1030 197 S
1583 149 1667 200 aaa
1684 158 1711 190 e

112 277 310 336 Angelus
338 291 364 320 e
392 275 569 334 specula
594 278 741 318 totum
768 271 1064 329 circumspicit
1090 270 1253 323 orbem,

171 347 231 391 Et
257 360 415 404 corpus
443 344 601 403 pennis
627 343 837 387 subuehit
865 345 999 398 atque
1028 340 1154 397 tegit.

114 415 189 460 Sic
216 415 342 459 uidet
370 429 395 458 e
423 413 611 471 specula,
640 412 703 456 sie
730 411 926 469 protegit
954 409 1103 453 omnia
1126 407 1300 466 pennis,

170 484 235 528 Vt
262 484 334 528 ius
360 498 450 526 non
478 482 642 525 habeat
669 479 810 523 hostis
838 479 887 522 in
915 478 1020 522 orbe
1048 492 1141 522 suo·

36 548 43 553 ’
75 567 97 602 5
115 553 203 597 Hic
230 555 516 610 tempestates
543 550 829 608 praenuntiat
850 552 986 605 atque
1013 560 1217 591 serenum
1229 559 1240 598 ;

172 622 419 665 Ventorum
448 620 615 664 rabiem
643 621 862 676 temperat
890 620 1024 674 atque
1053 615 1201 659 maris.

114 691 188 734 'Ne
217 691 324 748 quid
352 690 502 733 obesse
531 691 677 745 queat,
705 701 795 730 non
823 685 988 729 dormit
1016 688 1157 736 nocte,
1182 683 1340 739 dieque
1587 680 1617 720 d

175 759 291 811 Stat,
319 759 425 816 quia
453 757 671 801 subiectos
699 755 895 812 undique
923 758 1042 797 stare
1071 753 1193 796 facit.

119 829 341 873 Accedens
369 827 562 884 propius,
592 825 760 870 Christi
787 823 1044 881 properabis
1073 822 1131 865 ad
1160 821 1321 873 aulam,

61 913 105 938 ιο
178 899 241 942 Vt
267 898 444 941 ueniam
473 896 614 953 culpis
643 908 918 952 promereare
947 892 1050 936 tuis.

119 967 218 1011 Illic
245 967 364 1010 finiti
391 966 621 1014 soluentur
648 967 755 1007 uota
782 962 971 1005 laboris:

178 1036 266 1079 Hic
292 1035 508 1086 lacrimas,
536 1033 740 1091 gemitus,
769 1032 841 1075 hic
868 1031 945 1088 pia
972 1030 1107 1072 thura
1134 1028 1273 1071 dabis.

122 1104 325 1162 Excipiet
353 1103 544 1146 fratrum
573 1102 777 1145 reducem
807 1104 851 1144 te
879 1103 977 1143 tota
1004 1099 1183 1142 chorea:

181 1173 241 1216 Et
268 1172 421 1216 laudes
448 1185 530 1229 pro
557 1175 604 1214 te
632 1170 794 1227 sospite
823 1169 942 1211 laeta
970 1171 1110 1211 canet.

0 1247 7 1292 ἶ,
65 1254 108 1288 15
125 1241 345 1299 Quicquid
372 1241 509 1283 habes
537 1239 655 1296 quod
684 1239 747 1282 eis
774 1238 957 1295 placeat,
983 1236 1147 1293 largire
1174 1234 1389 1277 libenter:

183 1310 422 1364 Quidlibet,
449 1313 503 1352 ut
531 1308 670 1351 fuerit
697 1307 820 1359 utile,
850 1306 1007 1362 cuique
1036 1304 1175 1347 dabis.

125 1380 176 1424 Si
204 1383 340 1438 potes,
369 1378 515 1422 Odoni
543 1377 722 1421 studeas
750 1376 914 1419 donare
943 1374 1156 1417 salutem:

182 1449 469 1506 Accipiatque
497 1447 637 1499 Brito,
664 1450 711 1489 te
740 1445 958 1496 ueniente,
986 1457 1172 1487 crucem.

0 1597 4 1609 ,
129 1556 216 1600 Hic
243 1570 423 1599 narrare
450 1555 520 1598 tui
546 1554 727 1597 tandem
756 1551 1011 1596 discrimina
1038 1550 1123 1592 fati

0 1628 10 1696 f
71 1639 115 1664 ὀ
188 1625 466 1681 Exactaeque
495 1624 596 1666 uiae
624 1636 833 1680 prospera
860 1623 1020 1664 cuncta
1047 1619 1163 1662 licet.

0 1697 4 1702 “
131 1694 250 1749 Quid
278 1693 339 1737 sit
366 1693 463 1736 ouis
491 1693 575 1735 sub
602 1692 737 1748 uulpe
765 1691 921 1741 latens,
949 1689 1162 1745 uulpesue
1191 1686 1274 1729 sub
1302 1698 1430 1743 agno,

187 1763 305 1806 Pelle
331 1762 508 1805 leonina
535 1761 606 1804 dic
634 1760 742 1817 quid
770 1759 931 1802 asellus
960 1760 1077 1814 agat,
1601 1747 1682 1797 383
1701 1757 1732 1787 ²

132 1832 250 1886 Quid
276 1832 345 1874 leo
373 1831 480 1873 dum
509 1830 659 1879 seruit,
688 1828 795 1885 quid
824 1827 920 1884 agit
947 1827 1053 1869 dum
1082 1827 1240 1882 regnat
1268 1822 1440 1872 asenne,

46 1895 56 1946 .’
188 1900 394 1943 Turturis
422 1900 470 1940 in
499 1898 640 1955 specie
667 1896 856 1954 passeris
884 1899 984 1938 acta
1011 1908 1153 1938 canes.

7 2013 9 2023 ,
75 1986 117 2020 ²5
133 1969 253 2023 Quid
279 1968 448 2011 faciant
469 1967 597 2023 pardi
625 1965 772 2008 timidi
800 1965 1054 2021 leporesque
1082 1962 1260 2011 ferooes,

9 2039 11 2043 ’
138 2090 145 2095 ἢ
191 2038 252 2080 Et
278 2051 377 2094 spes
406 2035 604 2078 conuersi
632 2049 744 2090 quae
772 2034 833 2076 sit
860 2032 1064 2074 habenda
1090 2031 1197 2087 lupi.

133 2132 181 2167 26
203 2129 275 2174 Qui
290 2128 331 2164 M

185 2226 226 2257 17
256 2216 395 2251 Odoni:
428 2211 535 2248 Prior
561 2208 843 2247 Cantuariensis
868 2208 943 2243 fuit
969 2219 1001 2243 a.
1035 2207 1194 2251 1167—76
1221 2206 1355 2251 postea
1382 2203 1505 2239 Abbas
1537 2203 1584 2240 de

135 2262 254 2299 Bello.
300 2261 397 2296 Vide
413 2260 451 2295 C.
469 2260 513 2294 A.
530 2257 747 2303 Kingsford,
764 2257 859 2291 Did.
876 2258 921 2300 os
929 2257 1013 2290 Nat.
1027 2256 1127 2298 Bioy.
1144 2252 1209 2288 ubi
1219 2254 1391 2288 auctores
1400 2250 1586 2287 inuenies.

134 2311 195 2347 Ad
216 2310 331 2346 iatum
355 2306 505 2352 scripsit
529 2305 690 2341 Ioannes
711 2305 783 2348 Ep.
817 2311 893 2348 152.
953 2301 1145 2337 Incertum
1174 2301 1230 2336 est
1262 2311 1312 2334 an
1338 2298 1441 2335 idem
1472 2297 1588 2333 fuerit

137 2356 321 2403 Magister
353 2354 432 2390 odo
467 2364 491 2388 a
522 2363 597 2397 quo
629 2349 985 2396 interpretationem
1017 2347 1209 2383 cuiusdam
1237 2346 1381 2392 glossae
1408 2344 1588 2390 Augusti·

137 2403 277 2440 m'anae
348 2401 416 2437 tiit
441 2402 569 2436 noster
595 2398 637 2433 in
663 2399 733 2443 Ep.
758 2398 838 2439 284.
887 2396 942 2431 cf.
969 2395 1086 2431 etiam
1110 2395 1254 2429 Enim.
1280 2395 1323 2428 de
1348 2394 1473 2437 Doym.
1491 2393 1589 2426 Pha.

141 2452 243 2495 1675.
323 2449 385 2485 ide
398 2444 712 2483 Schaarschmidt.
724 2445 947 2479 Johannvon
964 2443 1160 2486 Salisburffi
1172 2452 1208 2486 p.
1222 2449 1302 2485 273.
1407 2441 1449 2475 18
1465 2439 1588 2474 Brito:

137 2496 355 2534 willelmus
378 2495 484 2530 Brito
510 2493 550 2528 in
576 2491 734 2528 ecclesia
754 2488 1015 2526 cantuariensi
1042 2486 1249 2534 subprioris
1272 2498 1429 2522 munere
1452 2486 1590 2532 funge-

138 2545 254 2580 batur
270 2555 303 2578 a.
324 2543 425 2586 1167.
472 2540 530 2576 Ad
550 2540 666 2575 istum
691 2540 788 2583 Epp.
815 2539 893 2578 218,
917 2545 995 2580 247,
1017 2537 1096 2578 248,
1119 2545 1198 2580 290,
1222 2544 1300 2579 303,
1321 2533 1447 2569 forsan
1471 2532 1590 2569 etiam

141 2599 210 2674 {a}
229 2588 393 2644 ‘scripsit
421 2590 563 2669 3¹⁰⁵¹fr¹
587 2587 646 2668 a}
667 2584 983 2665 eundemvaglltern⁴
1014 2594 1103 2663 οωὲ
1132 2580 1591 2664 cgtearidsfielccleagguar.

142 2686 183 2721 οι
198 2646 592 2724 ἕὲᾓῖἕοέῗὲαἳῖἓ
607 2641 796 2723 αέἰῗῖἒῆ..
813 2642 916 2712 Ριίειῗ
933 2632 1153 2719 {imme-1⁶53.
1177 2639 1191 2664 ¹
1302 2639 1468 2710 23122512
1495 2637 1591 2710 ..3535

142 2730 306 2766 Avianus
318 2730 406 2764 Fab.
418 2740 440 2763 v
457 2727 529 2773 (ed.
541 2727 645 2768 Ellis,
656 2738 693 2771 p.
706 2727 757 2772 7).
867 2734 912 2768 23
936 2725 1023 2759 dum
1040 2728 1164 2768 reynat
1179 2723 1326 2757 asellus:
1357 2721 1407 2757 cf.
1422 2721 1593 2766 Reynard

142 2779 201 2813 the
214 2777 297 2813 Fooe
310 2776 369 2813 ed.
385 2775 543 2820 Caxton,
559 2786 590 2810 c.
608 2783 663 2819 32.
780 2772 825 2807 26
841 2772 1003 2807 conum-si
1018 2771 1119 2816 lupi:
1147 2768 1328 2805 Fabulam
1345 2770 1388 2804 ae
1401 2769 1593 2814 presbitero

0 2842 25 3172 Ι
665 3131 673 3140 ,
1466 2831 1483 2864 ⁷

0 2688 5 2698 ⁵
0 2668 3 2670 “
0 2647 4 2654 “
0 2479 15 2632 ῬῑΊΨ-Γ-’ῦτ
0 2264 13 2472 ἰν-’ν’νᾞ
