<?xml version="1.0" encoding="UTF-8"?>
<!DOCTYPE html PUBLIC "-//W3C//DTD XHTML 1.0 Transitional//EN"
    "http://www.w3.org/TR/xhtml1/DTD/xhtml1-transitional.dtd">
<html xmlns="http://www.w3.org/1999/xhtml" xml:lang="en" lang="en">
 <head>
  <title>
</title>
<meta http-equiv="Content-Type" content="text/html;charset=utf-8" />
  <meta name='ocr-system' content='tesseract 3.04.00' />
  <meta name='ocr-capabilities' content='ocr_page ocr_carea ocr_par ocr_line ocrx_word'/>
</head>
<body>
  <div class='ocr_page' id='page_1' title='image "./ioannissaresberi01johnuoft_0165.png"; bbox 0 0 1878 3172; ppageno 0'>
   <div class='ocr_carea' id='block_1_1' title="bbox 75 155 1670 218">
    <p class='ocr_par' dir='ltr' id='par_1_1' title="bbox 75 155 1670 218">
     <span class='ocr_line' id='line_1_1' title="bbox 75 155 1670 218; baseline -0.003 -15"><span class='ocrx_word' id='word_1_1' title='bbox 75 168 175 204; x_wconf 74' lang='grc' dir='ltr'>ω.</span> <span class='ocrx_word' id='word_1_2' title='bbox 188 155 294 218; x_wconf 79' lang='lat' dir='ltr'>m]</span> <span class='ocrx_word' id='word_1_3' title='bbox 581 155 1022 202; x_wconf 75' lang='lat' dir='ltr'>PomcRATIcvs</span> <span class='ocrx_word' id='word_1_4' title='bbox 1545 167 1622 208; x_wconf 79' lang='lat'>441</span> <span class='ocrx_word' id='word_1_5' title='bbox 1639 169 1670 198; x_wconf 80' lang='lat' dir='ltr'>a</span> 
     </span>
    </p>
   </div>
   <div class='ocr_carea' id='block_1_2' title="bbox 17 272 1578 2255">
    <p class='ocr_par' dir='ltr' id='par_1_2' title="bbox 17 272 1578 2255">
     <span class='ocr_line' id='line_1_2' title="bbox 74 272 1533 333; baseline -0.001 -15"><span class='ocrx_word' id='word_1_6' title='bbox 74 275 377 333; x_wconf 85' lang='lat' dir='ltr'>persequitur;</span> <span class='ocrx_word' id='word_1_7' title='bbox 414 275 649 332; x_wconf 86' lang='lat' dir='ltr'>mitigatur</span> <span class='ocrx_word' id='word_1_8' title='bbox 675 276 825 316; x_wconf 87' lang='lat' dir='ltr'>tamen</span> <span class='ocrx_word' id='word_1_9' title='bbox 853 272 1078 316; x_wconf 88' lang='lat' dir='ltr'>interdum</span> <span class='ocrx_word' id='word_1_10' title='bbox 1106 272 1228 316; x_wconf 83' lang='lat' dir='ltr'>Iouis</span> <span class='ocrx_word' id='word_1_11' title='bbox 1256 287 1431 317; x_wconf 85' lang='lat' dir='ltr'>aecessu</span> <span class='ocrx_word' id='word_1_12' title='bbox 1459 273 1533 317; x_wconf 92' lang='lat' dir='ltr'>uel</span> 
     </span>
     <span class='ocr_line' id='line_1_3' title="bbox 75 341 1533 400; baseline -0.001 -14"><span class='ocrx_word' id='word_1_13' title='bbox 75 342 272 394; x_wconf 85' lang='lat' dir='ltr'>Veneris,</span> <span class='ocrx_word' id='word_1_14' title='bbox 286 343 494 400; x_wconf 89' lang='lat' dir='ltr'>quoniam</span> <span class='ocrx_word' id='word_1_15' title='bbox 513 345 559 386; x_wconf 92' lang='lat' dir='ltr'>et</span> <span class='ocrx_word' id='word_1_16' title='bbox 578 343 675 400; x_wconf 92' lang='lat' dir='ltr'>ipsa</span> <span class='ocrx_word' id='word_1_17' title='bbox 692 341 886 399; x_wconf 90' lang='lat' dir='ltr'>propitia</span> <span class='ocrx_word' id='word_1_18' title='bbox 899 343 967 384; x_wconf 86' lang='lat' dir='ltr'>est</span> <span class='ocrx_word' id='word_1_19' title='bbox 981 344 1027 384; x_wconf 90' lang='lat' dir='ltr'>et</span> <span class='ocrx_word' id='word_1_20' title='bbox 1045 341 1248 398; x_wconf 88' lang='lat' dir='ltr'>benigna.</span> <span class='ocrx_word' id='word_1_21' title='bbox 1289 341 1533 386; x_wconf 82' lang='lat' dir='ltr'>Mercurius</span> 
     </span>
     <span class='ocr_line' id='line_1_4' title="bbox 75 409 1533 468; baseline -0.001 -13"><span class='ocrx_word' id='word_1_22' title='bbox 75 425 184 455; x_wconf 91' lang='lat' dir='ltr'>uero</span> <span class='ocrx_word' id='word_1_23' title='bbox 210 411 315 455; x_wconf 82' lang='lat' dir='ltr'>talis</span> <span class='ocrx_word' id='word_1_24' title='bbox 342 414 421 462; x_wconf 83' lang='lat' dir='ltr'>est,</span> <span class='ocrx_word' id='word_1_25' title='bbox 444 411 619 468; x_wconf 85' lang='lat' dir='ltr'>qualem</span> <span class='ocrx_word' id='word_1_26' title='bbox 646 410 782 454; x_wconf 90' lang='lat' dir='ltr'>uicini</span> <span class='ocrx_word' id='word_1_27' title='bbox 810 410 1013 466; x_wconf 85' lang='lat' dir='ltr'>planetae</span> <span class='ocrx_word' id='word_1_28' title='bbox 1042 409 1332 466; x_wconf 78' lang='lat' dir='ltr'>permiserint,</span> <span class='ocrx_word' id='word_1_29' title='bbox 1357 424 1457 453; x_wconf 89' lang='lat' dir='ltr'>cum</span> <span class='ocrx_word' id='word_1_30' title='bbox 1487 413 1533 454; x_wconf 90' lang='lat' dir='ltr'>et</span> 
     </span>
     <span class='ocr_line' id='line_1_5' title="bbox 75 477 1533 538; baseline 0 -15"><span class='ocrx_word' id='word_1_31' title='bbox 75 480 171 538; x_wconf 90' lang='lat' dir='ltr'>ipse</span> <span class='ocrx_word' id='word_1_32' title='bbox 208 479 509 524; x_wconf 86' lang='lat' dir='ltr'>conuertibilis</span> <span class='ocrx_word' id='word_1_33' title='bbox 547 482 734 522; x_wconf 78' lang='lat' dir='ltr'>naturae</span> <span class='ocrx_word' id='word_1_34' title='bbox 775 479 835 522; x_wconf 83' lang='lat' dir='ltr'>sit</span> <span class='ocrx_word' id='word_1_35' title='bbox 871 477 1278 536; x_wconf 72' lang='lat' dir='ltr'>potentioribusque</span> <span class='ocrx_word' id='word_1_36' title='bbox 1317 479 1533 524; x_wconf 88' lang='lat' dir='ltr'>cohereat.</span> 
     </span>
     <span class='ocr_line' id='line_1_6' title="bbox 33 547 1532 607; baseline -0.001 -15"><span class='ocrx_word' id='word_1_37' title='bbox 33 554 60 602; x_wconf 80' lang='lat'>&#39;5</span> <span class='ocrx_word' id='word_1_38' title='bbox 76 549 205 592; x_wconf 86' lang='lat' dir='ltr'>Vnde</span> <span class='ocrx_word' id='word_1_39' title='bbox 242 549 440 607; x_wconf 79' lang='lat' dir='ltr'>plerique</span> <span class='ocrx_word' id='word_1_40' title='bbox 479 563 579 592; x_wconf 89' lang='lat' dir='ltr'>eum</span> <span class='ocrx_word' id='word_1_41' title='bbox 617 547 862 606; x_wconf 66' lang='lat' dir='ltr'>praesulem</span> <span class='ocrx_word' id='word_1_42' title='bbox 893 547 1167 604; x_wconf 76' lang='lat' dir='ltr'>eloquentiae</span> <span class='ocrx_word' id='word_1_43' title='bbox 1200 548 1451 604; x_wconf 78' lang='lat' dir='ltr'>opinantur,</span> <span class='ocrx_word' id='word_1_44' title='bbox 1480 562 1532 591; x_wconf 93' lang='lat' dir='ltr'>eo</span> 
     </span>
     <span class='ocr_line' id='line_1_7' title="bbox 77 615 1532 674; baseline -0.002 -13"><span class='ocrx_word' id='word_1_45' title='bbox 77 617 195 674; x_wconf 92' lang='lat' dir='ltr'>quod</span> <span class='ocrx_word' id='word_1_46' title='bbox 241 617 320 660; x_wconf 84' lang='lat' dir='ltr'>illa</span> <span class='ocrx_word' id='word_1_47' title='bbox 365 617 519 661; x_wconf 91' lang='lat' dir='ltr'>iuncta</span> <span class='ocrx_word' id='word_1_48' title='bbox 564 616 806 674; x_wconf 77' lang='lat' dir='ltr'>sapientiae</span> <span class='ocrx_word' id='word_1_49' title='bbox 851 615 1092 673; x_wconf 89' lang='lat' dir='ltr'>plurimum</span> <span class='ocrx_word' id='word_1_50' title='bbox 1139 616 1291 672; x_wconf 79' lang='lat' dir='ltr'>prosit,</span> <span class='ocrx_word' id='word_1_51' title='bbox 1336 616 1532 659; x_wconf 74' lang='lat' dir='ltr'>malitiae</span> 
     </span>
     <span class='ocr_line' id='line_1_8' title="bbox 75 683 1532 743; baseline -0.001 -13"><span class='ocrx_word' id='word_1_52' title='bbox 75 686 242 730; x_wconf 81' lang='lat' dir='ltr'>sociata</span> <span class='ocrx_word' id='word_1_53' title='bbox 273 688 429 743; x_wconf 83' lang='lat' dir='ltr'>noceat</span> <span class='ocrx_word' id='word_1_54' title='bbox 461 685 712 742; x_wconf 87' lang='lat' dir='ltr'>plurimum.</span> <span class='ocrx_word' id='word_1_55' title='bbox 769 683 903 727; x_wconf 65' lang='lat' dir='ltr'>&#39;Haec</span> <span class='ocrx_word' id='word_1_56' title='bbox 935 684 1112 741; x_wconf 91' lang='lat' dir='ltr'>quidem</span> <span class='ocrx_word' id='word_1_57' title='bbox 1141 684 1224 727; x_wconf 87' lang='lat' dir='ltr'>etsi</span> <span class='ocrx_word' id='word_1_58' title='bbox 1252 699 1342 727; x_wconf 90' lang='lat' dir='ltr'>non</span> <span class='ocrx_word' id='word_1_59' title='bbox 1370 685 1532 736; x_wconf 90' lang='lat' dir='ltr'>docuit,</span> 
     </span>
     <span class='ocr_line' id='line_1_9' title="bbox 75 753 1533 811; baseline -0.001 -12"><span class='ocrx_word' id='word_1_60' title='bbox 75 758 240 799; x_wconf 82' lang='lat' dir='ltr'>sectam</span> <span class='ocrx_word' id='word_1_61' title='bbox 267 757 418 798; x_wconf 90' lang='lat' dir='ltr'>tamen</span> <span class='ocrx_word' id='word_1_62' title='bbox 446 755 606 797; x_wconf 88' lang='lat' dir='ltr'>erroris</span> <span class='ocrx_word' id='word_1_63' title='bbox 632 754 787 811; x_wconf 87' lang='lat' dir='ltr'>attigit</span> <span class='ocrx_word' id='word_1_64' title='bbox 815 753 1029 804; x_wconf 87' lang='lat' dir='ltr'>Lucanus,</span> <span class='ocrx_word' id='word_1_65' title='bbox 1048 768 1148 796; x_wconf 85' lang='lat' dir='ltr'>cum</span> <span class='ocrx_word' id='word_1_66' title='bbox 1176 755 1379 798; x_wconf 91' lang='lat' dir='ltr'>timorem</span> <span class='ocrx_word' id='word_1_67' title='bbox 1408 754 1533 797; x_wconf 86' lang='lat' dir='ltr'>urbis</span> 
     </span>
     <span class='ocr_line' id='line_1_10' title="bbox 76 822 1531 879; baseline -0.001 -13"><span class='ocrx_word' id='word_1_68' title='bbox 76 823 364 876; x_wconf 82' lang='lat' dir='ltr'>describeret;</span> <span class='ocrx_word' id='word_1_69' title='bbox 405 823 655 879; x_wconf 88' lang='lat' dir='ltr'>bellumque</span> <span class='ocrx_word' id='word_1_70' title='bbox 685 822 814 866; x_wconf 88' lang='lat' dir='ltr'>ciuile</span> <span class='ocrx_word' id='word_1_71' title='bbox 846 822 1100 865; x_wconf 80' lang='lat' dir='ltr'>necessariis</span> <span class='ocrx_word' id='word_1_72' title='bbox 1133 823 1425 866; x_wconf 71' lang='lat' dir='ltr'>astronomiae</span> <span class='ocrx_word' id='word_1_73' title='bbox 1462 837 1531 865; x_wconf 90' lang='lat' dir='ltr'>ar-</span> 
     </span>
     <span class='ocr_line' id='line_1_11' title="bbox 17 889 1533 949; baseline -0.001 -14"><span class='ocrx_word' id='word_1_74' title='bbox 17 911 61 936; x_wconf 83' lang='lat'>10</span> <span class='ocrx_word' id='word_1_75' title='bbox 75 892 299 949; x_wconf 84' lang='lat' dir='ltr'>gumentis</span> <span class='ocrx_word' id='word_1_76' title='bbox 345 891 664 934; x_wconf 76' lang='lat' dir='ltr'>ineuitabiliter</span> <span class='ocrx_word' id='word_1_77' title='bbox 709 890 1090 948; x_wconf 78' lang='lat' dir='ltr'>appropinquante</span> <span class='ocrx_word' id='word_1_78' title='bbox 1131 889 1290 934; x_wconf 84' lang='lat' dir='ltr'>Cesare</span> <span class='ocrx_word' id='word_1_79' title='bbox 1327 890 1533 934; x_wconf 78' lang='lat' dir='ltr'>futurum</span> 
     </span>
     <span class='ocr_line' id='line_1_12' title="bbox 76 956 1532 1016; baseline -0.001 -13"><span class='ocrx_word' id='word_1_80' title='bbox 76 959 370 1003; x_wconf 86' lang='lat' dir='ltr'>denuntiaret.</span> <span class='ocrx_word' id='word_1_81' title='bbox 447 959 604 1002; x_wconf 90' lang='lat' dir='ltr'>Innuit</span> <span class='ocrx_word' id='word_1_82' title='bbox 642 959 759 1002; x_wconf 92' lang='lat' dir='ltr'>enim</span> <span class='ocrx_word' id='word_1_83' title='bbox 804 962 936 1016; x_wconf 85' lang='lat' dir='ltr'>poeta</span> <span class='ocrx_word' id='word_1_84' title='bbox 973 957 1250 1001; x_wconf 86' lang='lat' dir='ltr'>doctissimus</span> <span class='ocrx_word' id='word_1_85' title='bbox 1289 956 1343 1015; x_wconf 85' lang='lat' dir='ltr'>(si</span> <span class='ocrx_word' id='word_1_86' title='bbox 1381 963 1532 1002; x_wconf 85' lang='lat' dir='ltr'>tamen</span> 
     </span>
     <span class='ocr_line' id='line_1_13' title="bbox 74 1027 1578 1086; baseline -0.003 -14"><span class='ocrx_word' id='word_1_87' title='bbox 74 1031 207 1086; x_wconf 88' lang='lat' dir='ltr'>poeta</span> <span class='ocrx_word' id='word_1_88' title='bbox 223 1028 433 1072; x_wconf 89' lang='lat' dir='ltr'>dicendus</span> <span class='ocrx_word' id='word_1_89' title='bbox 454 1031 533 1079; x_wconf 82' lang='lat' dir='ltr'>est,</span> <span class='ocrx_word' id='word_1_90' title='bbox 552 1028 629 1085; x_wconf 89' lang='lat' dir='ltr'>qui</span> <span class='ocrx_word' id='word_1_91' title='bbox 648 1042 755 1071; x_wconf 90' lang='lat' dir='ltr'>uera</span> <span class='ocrx_word' id='word_1_92' title='bbox 773 1027 1025 1070; x_wconf 87' lang='lat' dir='ltr'>narratione</span> <span class='ocrx_word' id='word_1_93' title='bbox 1044 1041 1192 1070; x_wconf 90' lang='lat' dir='ltr'>rerum</span> <span class='ocrx_word' id='word_1_94' title='bbox 1217 1028 1275 1070; x_wconf 87' lang='lat' dir='ltr'>ad</span> <span class='ocrx_word' id='word_1_95' title='bbox 1301 1029 1532 1072; x_wconf 79' lang='lat' dir='ltr'>historicos</span> <span class='ocrx_word' id='word_1_96' title='bbox 1547 1028 1578 1067; x_wconf 84' lang='lat' dir='ltr'>b</span> 
     </span>
     <span class='ocr_line' id='line_1_14' title="bbox 74 1090 1533 1154; baseline -0.001 -14"><span class='ocrx_word' id='word_1_97' title='bbox 74 1097 218 1154; x_wconf 83' lang='lat' dir='ltr'>magis</span> <span class='ocrx_word' id='word_1_98' title='bbox 236 1090 420 1154; x_wconf 79' lang='lat' dir='ltr'>aecedit)</span> <span class='ocrx_word' id='word_1_99' title='bbox 439 1097 559 1139; x_wconf 79' lang='lat' dir='ltr'>illius</span> <span class='ocrx_word' id='word_1_100' title='bbox 582 1096 798 1139; x_wconf 88' lang='lat' dir='ltr'>malitiam</span> <span class='ocrx_word' id='word_1_101' title='bbox 821 1095 1189 1153; x_wconf 78' lang='lat' dir='ltr'>irrefragabiliter</span> <span class='ocrx_word' id='word_1_102' title='bbox 1206 1096 1533 1153; x_wconf 87' lang='lat' dir='ltr'>adimplendam</span> 
     </span>
     <span class='ocr_line' id='line_1_15' title="bbox 30 1165 1534 1223; baseline 0 -14"><span class='ocrx_word' id='word_1_103' title='bbox 30 1196 34 1197; x_wconf 26' lang='grc' dir='ltr'>ν</span> <span class='ocrx_word' id='word_1_104' title='bbox 77 1166 154 1223; x_wconf 89' lang='lat' dir='ltr'>qui</span> <span class='ocrx_word' id='word_1_105' title='bbox 201 1166 320 1209; x_wconf 86' lang='lat' dir='ltr'>solus</span> <span class='ocrx_word' id='word_1_106' title='bbox 365 1166 415 1208; x_wconf 93' lang='lat' dir='ltr'>in</span> <span class='ocrx_word' id='word_1_107' title='bbox 462 1166 624 1208; x_wconf 77' lang='lat' dir='ltr'>throno</span> <span class='ocrx_word' id='word_1_108' title='bbox 671 1165 741 1208; x_wconf 88' lang='lat' dir='ltr'>sui</span> <span class='ocrx_word' id='word_1_109' title='bbox 783 1165 992 1208; x_wconf 83' lang='lat' dir='ltr'>domicilii</span> <span class='ocrx_word' id='word_1_110' title='bbox 1030 1165 1261 1210; x_wconf 80' lang='lat' dir='ltr'>residebat.</span> <span class='ocrx_word' id='word_1_111' title='bbox 1332 1165 1393 1208; x_wconf 91' lang='lat' dir='ltr'>Et</span> <span class='ocrx_word' id='word_1_112' title='bbox 1429 1165 1534 1209; x_wconf 87' lang='lat' dir='ltr'>lieet</span> 
     </span>
     <span class='ocr_line' id='line_1_16' title="bbox 18 1234 1532 1293; baseline -0.001 -15"><span class='ocrx_word' id='word_1_113' title='bbox 18 1253 59 1287; x_wconf 83' lang='lat'>15</span> <span class='ocrx_word' id='word_1_114' title='bbox 78 1234 262 1293; x_wconf 82' lang='lat' dir='ltr'>Figulus</span> <span class='ocrx_word' id='word_1_115' title='bbox 285 1235 520 1278; x_wconf 83' lang='lat' dir='ltr'>Parcarum</span> <span class='ocrx_word' id='word_1_116' title='bbox 545 1234 727 1277; x_wconf 86' lang='lat' dir='ltr'>consilia</span> <span class='ocrx_word' id='word_1_117' title='bbox 751 1234 962 1276; x_wconf 87' lang='lat' dir='ltr'>discutiat</span> <span class='ocrx_word' id='word_1_118' title='bbox 986 1236 1265 1290; x_wconf 88' lang='lat' dir='ltr'>mentemque</span> <span class='ocrx_word' id='word_1_119' title='bbox 1292 1235 1532 1286; x_wconf 86' lang='lat' dir='ltr'>stellarum,</span> 
     </span>
     <span class='ocr_line' id='line_1_17' title="bbox 75 1301 1531 1360; baseline -0.001 -13"><span class='ocrx_word' id='word_1_120' title='bbox 75 1317 305 1360; x_wconf 83' lang='lat' dir='ltr'>corporum</span> <span class='ocrx_word' id='word_1_121' title='bbox 334 1306 484 1345; x_wconf 87' lang='lat' dir='ltr'>tamen</span> <span class='ocrx_word' id='word_1_122' title='bbox 512 1317 624 1359; x_wconf 89' lang='lat' dir='ltr'>quae</span> <span class='ocrx_word' id='word_1_123' title='bbox 653 1302 863 1344; x_wconf 90' lang='lat' dir='ltr'>uidentur</span> <span class='ocrx_word' id='word_1_124' title='bbox 895 1301 1091 1344; x_wconf 91' lang='lat' dir='ltr'>nondum</span> <span class='ocrx_word' id='word_1_125' title='bbox 1119 1302 1295 1358; x_wconf 83' lang='lat' dir='ltr'>plenam</span> <span class='ocrx_word' id='word_1_126' title='bbox 1324 1303 1531 1346; x_wconf 87' lang='lat' dir='ltr'>notitiam</span> 
     </span>
     <span class='ocr_line' id='line_1_18' title="bbox 75 1371 1532 1422; baseline 0.001 -7"><span class='ocrx_word' id='word_1_127' title='bbox 75 1372 274 1422; x_wconf 79' lang='lat' dir='ltr'>tradidit,</span> <span class='ocrx_word' id='word_1_128' title='bbox 305 1386 406 1414; x_wconf 85' lang='lat' dir='ltr'>cum</span> <span class='ocrx_word' id='word_1_129' title='bbox 440 1371 488 1414; x_wconf 91' lang='lat' dir='ltr'>in</span> <span class='ocrx_word' id='word_1_130' title='bbox 520 1374 619 1414; x_wconf 92' lang='lat' dir='ltr'>tota</span> <span class='ocrx_word' id='word_1_131' title='bbox 654 1371 1066 1414; x_wconf 88' lang='lat' dir='ltr'>mathematicorum</span> <span class='ocrx_word' id='word_1_132' title='bbox 1104 1371 1233 1414; x_wconf 93' lang='lat' dir='ltr'>domo</span> <span class='ocrx_word' id='word_1_133' title='bbox 1264 1372 1407 1415; x_wconf 89' lang='lat' dir='ltr'>adhuc</span> <span class='ocrx_word' id='word_1_134' title='bbox 1440 1387 1532 1416; x_wconf 89' lang='lat' dir='ltr'>non</span> 
     </span>
     <span class='ocr_line' id='line_1_19' title="bbox 75 1439 1532 1498; baseline 0.001 -14"><span class='ocrx_word' id='word_1_135' title='bbox 75 1441 136 1484; x_wconf 89' lang='lat' dir='ltr'>sit</span> <span class='ocrx_word' id='word_1_136' title='bbox 162 1440 361 1498; x_wconf 80' lang='lat' dir='ltr'>quaestio</span> <span class='ocrx_word' id='word_1_137' title='bbox 390 1440 608 1498; x_wconf 84' lang='lat' dir='ltr'>expedita,</span> <span class='ocrx_word' id='word_1_138' title='bbox 636 1455 695 1483; x_wconf 89' lang='lat' dir='ltr'>an</span> <span class='ocrx_word' id='word_1_139' title='bbox 723 1455 780 1483; x_wconf 84' lang='lat' dir='ltr'>ex</span> <span class='ocrx_word' id='word_1_140' title='bbox 814 1440 1041 1483; x_wconf 84' lang='lat' dir='ltr'>elementis</span> <span class='ocrx_word' id='word_1_141' title='bbox 1070 1439 1215 1483; x_wconf 86' lang='lat' dir='ltr'>sidera</span> <span class='ocrx_word' id='word_1_142' title='bbox 1243 1444 1445 1485; x_wconf 89' lang='lat' dir='ltr'>constent</span> <span class='ocrx_word' id='word_1_143' title='bbox 1472 1456 1532 1485; x_wconf 84' lang='lat' dir='ltr'>an</span> 
     </span>
     <span class='ocr_line' id='line_1_20' title="bbox 77 1508 1532 1567; baseline 0 -14"><span class='ocrx_word' id='word_1_144' title='bbox 77 1524 135 1553; x_wconf 88' lang='lat' dir='ltr'>ex</span> <span class='ocrx_word' id='word_1_145' title='bbox 177 1510 335 1567; x_wconf 86' lang='lat' dir='ltr'>quinta</span> <span class='ocrx_word' id='word_1_146' title='bbox 376 1510 566 1553; x_wconf 83' lang='lat' dir='ltr'>essentia</span> <span class='ocrx_word' id='word_1_147' title='bbox 608 1524 741 1566; x_wconf 87' lang='lat' dir='ltr'>quam</span> <span class='ocrx_word' id='word_1_148' title='bbox 778 1508 1032 1551; x_wconf 85' lang='lat' dir='ltr'>Aristotiles</span> <span class='ocrx_word' id='word_1_149' title='bbox 1079 1509 1333 1554; x_wconf 86' lang='lat' dir='ltr'>introducit.</span> <span class='ocrx_word' id='word_1_150' title='bbox 1412 1511 1532 1553; x_wconf 86' lang='lat' dir='ltr'>Nam</span> 
     </span>
     <span class='ocr_line' id='line_1_21' title="bbox 18 1577 1532 1635; baseline -0.001 -13"><span class='ocrx_word' id='word_1_151' title='bbox 18 1598 62 1622; x_wconf 67' lang='grc' dir='ltr'>ιο</span> <span class='ocrx_word' id='word_1_152' title='bbox 77 1578 195 1635; x_wconf 91' lang='lat' dir='ltr'>quod</span> <span class='ocrx_word' id='word_1_153' title='bbox 233 1578 296 1621; x_wconf 90' lang='lat' dir='ltr'>eis</span> <span class='ocrx_word' id='word_1_154' title='bbox 328 1578 526 1621; x_wconf 86' lang='lat' dir='ltr'>obiciunt</span> <span class='ocrx_word' id='word_1_155' title='bbox 557 1577 695 1635; x_wconf 83' lang='lat' dir='ltr'>pueri,</span> <span class='ocrx_word' id='word_1_156' title='bbox 728 1577 879 1620; x_wconf 80' lang='lat' dir='ltr'>mollia</span> <span class='ocrx_word' id='word_1_157' title='bbox 911 1577 1003 1620; x_wconf 85' lang='lat' dir='ltr'>sint</span> <span class='ocrx_word' id='word_1_158' title='bbox 1033 1591 1091 1619; x_wconf 90' lang='lat' dir='ltr'>an</span> <span class='ocrx_word' id='word_1_159' title='bbox 1122 1577 1246 1628; x_wconf 89' lang='lat' dir='ltr'>dura,</span> <span class='ocrx_word' id='word_1_160' title='bbox 1275 1581 1322 1621; x_wconf 88' lang='lat' dir='ltr'>et</span> <span class='ocrx_word' id='word_1_161' title='bbox 1355 1579 1393 1621; x_wconf 84' lang='lat' dir='ltr'>si</span> <span class='ocrx_word' id='word_1_162' title='bbox 1424 1579 1532 1635; x_wconf 92' lang='lat' dir='ltr'>quid</span> 
     </span>
     <span class='ocr_line' id='line_1_22' title="bbox 74 1646 1533 1705; baseline 0.001 -15"><span class='ocrx_word' id='word_1_163' title='bbox 74 1647 327 1690; x_wconf 86' lang='lat' dir='ltr'>huiusmodi</span> <span class='ocrx_word' id='word_1_164' title='bbox 356 1650 434 1698; x_wconf 82' lang='lat' dir='ltr'>est,</span> <span class='ocrx_word' id='word_1_165' title='bbox 460 1647 595 1690; x_wconf 87' lang='lat' dir='ltr'>etiam</span> <span class='ocrx_word' id='word_1_166' title='bbox 623 1646 777 1689; x_wconf 87' lang='lat' dir='ltr'>audire</span> <span class='ocrx_word' id='word_1_167' title='bbox 805 1646 1113 1703; x_wconf 86' lang='lat' dir='ltr'>dedignantur,</span> <span class='ocrx_word' id='word_1_168' title='bbox 1136 1648 1339 1703; x_wconf 85' lang='lat' dir='ltr'>quamuis</span> <span class='ocrx_word' id='word_1_169' title='bbox 1361 1648 1533 1705; x_wconf 84' lang='lat' dir='ltr'>aliquos</span> 
     </span>
     <span class='ocr_line' id='line_1_23' title="bbox 75 1714 1532 1771; baseline 0 -13"><span class='ocrx_word' id='word_1_170' title='bbox 75 1714 267 1758; x_wconf 85' lang='lat' dir='ltr'>famosos</span> <span class='ocrx_word' id='word_1_171' title='bbox 322 1717 368 1758; x_wconf 87' lang='lat' dir='ltr'>et</span> <span class='ocrx_word' id='word_1_172' title='bbox 422 1729 502 1758; x_wconf 85' lang='lat' dir='ltr'>suo</span> <span class='ocrx_word' id='word_1_173' title='bbox 553 1715 716 1757; x_wconf 89' lang='lat' dir='ltr'>iudicio</span> <span class='ocrx_word' id='word_1_174' title='bbox 766 1715 986 1771; x_wconf 84' lang='lat' dir='ltr'>sapientes</span> <span class='ocrx_word' id='word_1_175' title='bbox 1034 1715 1082 1757; x_wconf 91' lang='lat' dir='ltr'>in</span> <span class='ocrx_word' id='word_1_176' title='bbox 1130 1715 1296 1758; x_wconf 85' lang='lat' dir='ltr'>talibus</span> <span class='ocrx_word' id='word_1_177' title='bbox 1343 1716 1532 1758; x_wconf 90' lang='lat' dir='ltr'>uiderim</span> 
     </span>
     <span class='ocr_line' id='line_1_24' title="bbox 75 1783 1533 1839; baseline 0.001 -13"><span class='ocrx_word' id='word_1_178' title='bbox 75 1783 319 1826; x_wconf 84' lang='lat' dir='ltr'>miserrime</span> <span class='ocrx_word' id='word_1_179' title='bbox 351 1783 562 1826; x_wconf 88' lang='lat' dir='ltr'>laborare.</span> <span class='ocrx_word' id='word_1_180' title='bbox 620 1783 876 1839; x_wconf 87' lang='lat' dir='ltr'>Expediunt</span> <span class='ocrx_word' id='word_1_181' title='bbox 903 1785 1053 1826; x_wconf 88' lang='lat' dir='ltr'>tamen</span> <span class='ocrx_word' id='word_1_182' title='bbox 1087 1785 1134 1825; x_wconf 93' lang='lat' dir='ltr'>et</span> <span class='ocrx_word' id='word_1_183' title='bbox 1166 1783 1258 1826; x_wconf 84' lang='lat' dir='ltr'>suis</span> <span class='ocrx_word' id='word_1_184' title='bbox 1286 1784 1533 1827; x_wconf 88' lang='lat' dir='ltr'>rationibus</span> 
     </span>
     <span class='ocr_line' id='line_1_25' title="bbox 76 1850 1575 1908; baseline -0.001 -14"><span class='ocrx_word' id='word_1_185' title='bbox 76 1851 278 1908; x_wconf 88' lang='lat' dir='ltr'>probant,</span> <span class='ocrx_word' id='word_1_186' title='bbox 323 1851 432 1907; x_wconf 91' lang='lat' dir='ltr'>quid</span> <span class='ocrx_word' id='word_1_187' title='bbox 479 1850 576 1893; x_wconf 82' lang='lat' dir='ltr'>fata</span> <span class='ocrx_word' id='word_1_188' title='bbox 622 1851 876 1901; x_wconf 90' lang='lat' dir='ltr'>deliberent,</span> <span class='ocrx_word' id='word_1_189' title='bbox 916 1854 962 1894; x_wconf 91' lang='lat' dir='ltr'>et</span> <span class='ocrx_word' id='word_1_190' title='bbox 1008 1850 1278 1907; x_wconf 84' lang='lat' dir='ltr'>deprehensa</span> <span class='ocrx_word' id='word_1_191' title='bbox 1324 1852 1533 1895; x_wconf 88' lang='lat' dir='ltr'>uoluntas</span> <span class='ocrx_word' id='word_1_192' title='bbox 1549 1863 1575 1893; x_wconf 89' lang='lat' dir='ltr'>c</span> 
     </span>
     <span class='ocr_line' id='line_1_26' title="bbox 17 1918 1533 1976; baseline 0 -13"><span class='ocrx_word' id='word_1_193' title='bbox 17 1939 60 1973; x_wconf 79' lang='lat'>²5</span> <span class='ocrx_word' id='word_1_194' title='bbox 79 1919 273 1963; x_wconf 87' lang='lat' dir='ltr'>siderum</span> <span class='ocrx_word' id='word_1_195' title='bbox 307 1933 437 1975; x_wconf 89' lang='lat' dir='ltr'>quem</span> <span class='ocrx_word' id='word_1_196' title='bbox 465 1919 515 1961; x_wconf 89' lang='lat' dir='ltr'>in</span> <span class='ocrx_word' id='word_1_197' title='bbox 536 1918 765 1963; x_wconf 83' lang='lat' dir='ltr'>sublunari</span> <span class='ocrx_word' id='word_1_198' title='bbox 793 1919 924 1976; x_wconf 87' lang='lat' dir='ltr'>globo</span> <span class='ocrx_word' id='word_1_199' title='bbox 958 1919 1171 1962; x_wconf 85' lang='lat' dir='ltr'>sortiatur</span> <span class='ocrx_word' id='word_1_200' title='bbox 1199 1920 1415 1963; x_wconf 88' lang='lat' dir='ltr'>effectum.</span> <span class='ocrx_word' id='word_1_201' title='bbox 1473 1921 1533 1963; x_wconf 91' lang='lat' dir='ltr'>Et</span> 
     </span>
     <span class='ocr_line' id='line_1_27' title="bbox 76 1987 1533 2044; baseline 0.001 -13"><span class='ocrx_word' id='word_1_202' title='bbox 76 1988 195 2031; x_wconf 85' lang='lat' dir='ltr'>forte</span> <span class='ocrx_word' id='word_1_203' title='bbox 213 1988 433 2031; x_wconf 85' lang='lat' dir='ltr'>sententia</span> <span class='ocrx_word' id='word_1_204' title='bbox 451 1988 653 2031; x_wconf 88' lang='lat' dir='ltr'>numinis</span> <span class='ocrx_word' id='word_1_205' title='bbox 667 1987 796 2030; x_wconf 88' lang='lat' dir='ltr'>irrita</span> <span class='ocrx_word' id='word_1_206' title='bbox 821 1990 899 2038; x_wconf 87' lang='lat' dir='ltr'>est,</span> <span class='ocrx_word' id='word_1_207' title='bbox 919 2002 1052 2044; x_wconf 89' lang='lat' dir='ltr'>quam</span> <span class='ocrx_word' id='word_1_208' title='bbox 1080 2002 1170 2031; x_wconf 91' lang='lat' dir='ltr'>non</span> <span class='ocrx_word' id='word_1_209' title='bbox 1195 1989 1533 2033; x_wconf 84' lang='lat' dir='ltr'>mathematicus</span> 
     </span>
     <span class='ocr_line' id='line_1_28' title="bbox 75 2056 544 2114; baseline -0.004 -14"><span class='ocrx_word' id='word_1_210' title='bbox 75 2056 259 2114; x_wconf 83' lang='lat' dir='ltr'>profert.</span> <span class='ocrx_word' id='word_1_211' title='bbox 317 2056 397 2099; x_wconf 86' lang='lat' dir='ltr'>Ait</span> <span class='ocrx_word' id='word_1_212' title='bbox 416 2070 544 2113; x_wconf 89' lang='lat' dir='ltr'>ergo:</span> 
     </span>
     <span class='ocr_line' id='line_1_29' title="bbox 164 2141 1347 2208; baseline 0.001 -24"><span class='ocrx_word' id='word_1_213' title='bbox 164 2142 294 2195; x_wconf 83' lang='lat' dir='ltr'>Quod</span> <span class='ocrx_word' id='word_1_214' title='bbox 321 2141 459 2185; x_wconf 84' lang='lat' dir='ltr'>cladis</span> <span class='ocrx_word' id='word_1_215' title='bbox 487 2156 637 2198; x_wconf 85' lang='lat' dir='ltr'>genus,</span> <span class='ocrx_word' id='word_1_216' title='bbox 666 2155 693 2184; x_wconf 94' lang='lat' dir='ltr'>o</span> <span class='ocrx_word' id='word_1_217' title='bbox 721 2141 881 2198; x_wconf 86' lang='lat' dir='ltr'>superi,</span> <span class='ocrx_word' id='word_1_218' title='bbox 911 2155 999 2197; x_wconf 87' lang='lat' dir='ltr'>qua</span> <span class='ocrx_word' id='word_1_219' title='bbox 1027 2144 1150 2208; x_wconf 78' lang='lat' dir='ltr'>peste</span> <span class='ocrx_word' id='word_1_220' title='bbox 1178 2142 1347 2198; x_wconf 86' lang='lat' dir='ltr'>paratis</span> 
     </span>
     <span class='ocr_line' id='line_1_30' title="bbox 163 2199 1344 2255; baseline -0.001 -12"><span class='ocrx_word' id='word_1_221' title='bbox 163 2199 398 2243; x_wconf 64' lang='lat' dir='ltr'>seuitiamz</span> <span class='ocrx_word' id='word_1_222' title='bbox 440 2199 627 2241; x_wconf 84' lang='lat' dir='ltr'>extremi</span> <span class='ocrx_word' id='word_1_223' title='bbox 656 2199 895 2241; x_wconf 91' lang='lat' dir='ltr'>multorum</span> <span class='ocrx_word' id='word_1_224' title='bbox 925 2203 1099 2255; x_wconf 88' lang='lat' dir='ltr'>tempus</span> <span class='ocrx_word' id='word_1_225' title='bbox 1127 2199 1175 2241; x_wconf 91' lang='lat' dir='ltr'>in</span> <span class='ocrx_word' id='word_1_226' title='bbox 1204 2214 1344 2242; x_wconf 87' lang='lat' dir='ltr'>unum</span> 
     </span>
    </p>
   </div>
   <div class='ocr_carea' id='block_1_3' title="bbox 16 2255 1322 2371">
    <p class='ocr_par' dir='ltr' id='par_1_3' title="bbox 16 2255 1309 2371">
     <span class='ocr_line' id='line_1_31' title="bbox 16 2255 1140 2313; baseline -0.004 -9"><span class='ocrx_word' id='word_1_227' title='bbox 16 2280 60 2313; x_wconf 81' lang='lat'>³0</span> <span class='ocrx_word' id='word_1_228' title='bbox 162 2271 404 2300; x_wconf 86' lang='lat' dir='ltr'>conuenere</span> <span class='ocrx_word' id='word_1_229' title='bbox 433 2257 549 2307; x_wconf 85' lang='lat' dir='ltr'>dies3</span> <span class='ocrx_word' id='word_1_230' title='bbox 587 2271 758 2298; x_wconf 88' lang='lat' dir='ltr'>summo</span> <span class='ocrx_word' id='word_1_231' title='bbox 786 2256 825 2298; x_wconf 91' lang='lat' dir='ltr'>si</span> <span class='ocrx_word' id='word_1_232' title='bbox 854 2255 1020 2312; x_wconf 74' lang='lat' dir='ltr'>frigida</span> <span class='ocrx_word' id='word_1_233' title='bbox 1047 2256 1140 2299; x_wconf 89' lang='lat' dir='ltr'>celo</span> 
     </span>
     <span class='ocr_line' id='line_1_32' title="bbox 162 2313 1322 2371; baseline -0.001 -14"><span class='ocrx_word' id='word_1_234' title='bbox 162 2314 292 2358; x_wconf 84' lang='lat' dir='ltr'>stella</span> <span class='ocrx_word' id='word_1_235' title='bbox 318 2328 480 2357; x_wconf 90' lang='lat' dir='ltr'>nocens</span> <span class='ocrx_word' id='word_1_236' title='bbox 507 2313 658 2371; x_wconf 87' lang='lat' dir='ltr'>nigros</span> <span class='ocrx_word' id='word_1_237' title='bbox 687 2313 872 2356; x_wconf 89' lang='lat' dir='ltr'>Saturni</span> <span class='ocrx_word' id='word_1_238' title='bbox 901 2313 1157 2356; x_wconf 88' lang='lat' dir='ltr'>accenderet</span> <span class='ocrx_word' id='word_1_239' title='bbox 1185 2314 1322 2370; x_wconf 83' lang='lat' dir='ltr'>ignes,</span> 
     </span>
    </p>
   </div>
   <div class='ocr_carea' id='block_1_4' title="bbox 76 2408 1531 2503">
    <p class='ocr_par' dir='ltr' id='par_1_4' title="bbox 76 2408 1531 2503">
     <span class='ocr_line' id='line_1_33' title="bbox 77 2408 1531 2464; baseline 0 -16"><span class='ocrx_word' id='word_1_240' title='bbox 77 2421 123 2449; x_wconf 89' lang='lat'>12</span> <span class='ocrx_word' id='word_1_241' title='bbox 146 2410 355 2464; x_wconf 69' lang='lat' dir='ltr'>hystpricos</span> <span class='ocrx_word' id='word_1_242' title='bbox 371 2410 411 2445; x_wconf 79' lang='lat' dir='ltr'>M</span> <span class='ocrx_word' id='word_1_243' title='bbox 601 2420 645 2454; x_wconf 92' lang='lat'>14</span> <span class='ocrx_word' id='word_1_244' title='bbox 667 2411 781 2446; x_wconf 82' lang='lat' dir='ltr'>trono</span> <span class='ocrx_word' id='word_1_245' title='bbox 797 2408 832 2444; x_wconf 85' lang='lat' dir='ltr'>A</span> <span class='ocrx_word' id='word_1_246' title='bbox 1021 2411 1063 2446; x_wconf 84' lang='lat'>18</span> <span class='ocrx_word' id='word_1_247' title='bbox 1087 2409 1219 2456; x_wconf 77' lang='lat' dir='ltr'>sydera</span> <span class='ocrx_word' id='word_1_248' title='bbox 1236 2409 1296 2445; x_wconf 84' lang='lat' dir='ltr'>CB</span> <span class='ocrx_word' id='word_1_249' title='bbox 1485 2421 1531 2458; x_wconf 85' lang='lat'>23</span> 
     </span>
     <span class='ocr_line' id='line_1_34' title="bbox 76 2422 1250 2503; baseline -0.003 -8"><span class='ocrx_word' id='word_1_250' title='bbox 76 2457 379 2495; x_wconf 83' lang='lat' dir='ltr'>miserationibus</span> <span class='ocrx_word' id='word_1_251' title='bbox 395 2457 436 2492; x_wconf 82' lang='lat' dir='ltr'>M</span> <span class='ocrx_word' id='word_1_252' title='bbox 577 2466 620 2503; x_wconf 85' lang='lat'>25</span> <span class='ocrx_word' id='word_1_253' title='bbox 646 2457 820 2503; x_wconf 77' lang='lat' dir='ltr'>syderum</span> <span class='ocrx_word' id='word_1_254' title='bbox 836 2455 899 2493; x_wconf 89' lang='lat' dir='ltr'>CB</span> <span class='ocrx_word' id='word_1_255' title='bbox 994 2422 1189 2492; x_wconf 83' lang='lat' dir='ltr'>sublimari</span> <span class='ocrx_word' id='word_1_256' title='bbox 1210 2457 1250 2492; x_wconf 82' lang='lat' dir='ltr'>M</span> 
     </span>
    </p>
   </div>
   <div class='ocr_carea' id='block_1_5' title="bbox 75 2540 1530 2822">
    <p class='ocr_par' dir='ltr' id='par_1_5' title="bbox 75 2540 1530 2822">
     <span class='ocr_line' id='line_1_35' title="bbox 123 2540 1530 2588; baseline -0.001 -8"><span class='ocrx_word' id='word_1_257' title='bbox 123 2545 145 2580; x_wconf 87' lang='grc'><strong>8</strong></span> <span class='ocrx_word' id='word_1_258' title='bbox 168 2544 448 2580; x_wconf 58' lang='lat' dir='ltr'>manassem:</span> <span class='ocrx_word' id='word_1_259' title='bbox 473 2555 507 2578; x_wconf 84' lang='lat' dir='ltr'>v.</span> <span class='ocrx_word' id='word_1_260' title='bbox 524 2541 611 2578; x_wconf 84' lang='lat' dir='ltr'>Luc.</span> <span class='ocrx_word' id='word_1_261' title='bbox 626 2543 753 2577; x_wconf 63' lang='lat' dir='ltr'>Phar-s.</span> <span class='ocrx_word' id='word_1_262' title='bbox 771 2540 796 2577; x_wconf 88' lang='lat' dir='ltr'>i.</span> <span class='ocrx_word' id='word_1_263' title='bbox 813 2542 994 2587; x_wconf 82' lang='lat' dir='ltr'>469seqq.</span> <span class='ocrx_word' id='word_1_264' title='bbox 1091 2551 1169 2587; x_wconf 74' lang='lat'>13¹</span> <span class='ocrx_word' id='word_1_265' title='bbox 1157 2543 1279 2578; x_wconf 72' lang='grc' dir='ltr'>ιίεἸΖιιε</span> <span class='ocrx_word' id='word_1_266' title='bbox 1304 2554 1353 2579; x_wconf 75' lang='lat' dir='ltr'>sc.</span> <span class='ocrx_word' id='word_1_267' title='bbox 1372 2542 1530 2588; x_wconf 78' lang='lat' dir='ltr'>Martis3</span> 
     </span>
     <span class='ocr_line' id='line_1_36' title="bbox 76 2587 1527 2671; baseline 0 -45"><span class='ocrx_word' id='word_1_268' title='bbox 76 2602 109 2626; x_wconf 82' lang='lat' dir='ltr'>v.</span> <span class='ocrx_word' id='word_1_269' title='bbox 126 2590 214 2627; x_wconf 86' lang='lat' dir='ltr'>Luc.</span> <span class='ocrx_word' id='word_1_270' title='bbox 231 2592 361 2626; x_wconf 73' lang='lat' dir='ltr'>Phars.</span> <span class='ocrx_word' id='word_1_271' title='bbox 379 2589 405 2625; x_wconf 90' lang='lat' dir='ltr'>i.</span> <span class='ocrx_word' id='word_1_272' title='bbox 419 2590 605 2671; x_wconf 62' lang='lat' dir='ltr'>660:seqq.</span> <span class='ocrx_word' id='word_1_273' title='bbox 737 2597 778 2634; x_wconf 85' lang='lat'>15</span> <span class='ocrx_word' id='word_1_274' title='bbox 802 2589 978 2633; x_wconf 68' lang='lat' dir='ltr'>quulus</span> <span class='ocrx_word' id='word_1_275' title='bbox 1003 2600 1036 2624; x_wconf 86' lang='lat' dir='ltr'>v.</span> <span class='ocrx_word' id='word_1_276' title='bbox 1052 2587 1139 2645; x_wconf 55' lang='grc' dir='ltr'>ζῶα.</span> <span class='ocrx_word' id='word_1_277' title='bbox 1155 2590 1283 2625; x_wconf 75' lang='lat' dir='ltr'>Phars.</span> <span class='ocrx_word' id='word_1_278' title='bbox 1301 2589 1527 2636; x_wconf 74' lang='lat' dir='ltr'>L64oseqq.</span> 
     </span>
     <span class='ocr_line' id='line_1_37' title="bbox 75 2683 1530 2822; baseline 0 -55"><span class='ocrx_word' id='word_1_279' title='bbox 75 2683 288 2822; x_wconf 41' lang='grc' dir='ltr'>ἷτιὲἰέἓέ.</span> <span class='ocrx_word' id='word_1_280' title='bbox 310 2731 414 2769; x_wconf 60' lang='lat' dir='ltr'>Tuae.</span> <span class='ocrx_word' id='word_1_281' title='bbox 430 2732 534 2776; x_wconf 67' lang='lat' dir='ltr'>Disp-</span> <span class='ocrx_word' id='word_1_282' title='bbox 551 2729 577 2767; x_wconf 85' lang='lat' dir='ltr'>i.</span> <span class='ocrx_word' id='word_1_283' title='bbox 596 2739 640 2768; x_wconf 90' lang='lat'>10</span> <span class='ocrx_word' id='word_1_284' title='bbox 656 2728 675 2776; x_wconf 64' lang='grc' dir='ltr'><strong>ξ</strong></span> <span class='ocrx_word' id='word_1_285' title='bbox 694 2738 751 2766; x_wconf 88' lang='lat'>22.</span> <span class='ocrx_word' id='word_1_286' title='bbox 863 2729 908 2765; x_wconf 86' lang='lat'>28</span> <span class='ocrx_word' id='word_1_287' title='bbox 934 2730 1163 2774; x_wconf 70' lang='lat' dir='ltr'>Quoddadis</span> <span class='ocrx_word' id='word_1_288' title='bbox 1178 2731 1270 2767; x_wconf 63' lang='lat' dir='ltr'>eta:</span> <span class='ocrx_word' id='word_1_289' title='bbox 1296 2730 1386 2768; x_wconf 85' lang='lat' dir='ltr'>Luc.</span> <span class='ocrx_word' id='word_1_290' title='bbox 1401 2732 1530 2767; x_wconf 71' lang='lat' dir='ltr'>Phara</span> 
     </span>
    </p>
   </div>
   <div class='ocr_carea' id='block_1_6' title="bbox 1358 2841 1422 2875">
    <p class='ocr_par' dir='ltr' id='par_1_6' title="bbox 1358 2841 1422 2875">
     <span class='ocr_line' id='line_1_38' title="bbox 1358 2841 1422 2875; baseline 0 0"><span class='ocrx_word' id='word_1_291' title='bbox 1358 2841 1422 2875; x_wconf 86' lang='lat'>109</span> 
     </span>
    </p>
   </div>
  </div>
 </body>
</html>
