1878 3172
113 156 212 198 mr.
226 152 297 213 ιν]
638 153 1071 199 PomoRAvas
1588 158 1676 206 396
1694 157 1723 195 u

113 287 223 331 quas
251 274 455 316 uenatica
485 274 626 331 exigit
653 274 916 331 ubicumque
945 274 1111 317 nolant.
1170 275 1353 317 Manum
1382 275 1570 326 contine,

114 342 299 385 istarum
346 343 530 394 abstine,
575 358 631 385 ne
677 346 722 386 et
769 346 821 385 tu
864 343 912 385 in
958 358 1117 400 penam
1160 343 1275 386 lesae
1314 344 1570 393 maiestatis,

113 411 380 464 uenantibus
406 412 536 455 cadas
566 412 612 454 in
639 412 857 468 praedam.
916 412 958 454 A
982 412 1215 455 noualibus
1244 413 1336 455 suis
1365 415 1571 455 arcentur

113 479 343 537 agricolae,
363 480 469 522 dum
494 480 614 523 ferae
637 481 831 524 habeant
858 481 1050 538 uagandi
1078 481 1340 525 libertatem.
1398 482 1495 524 Illis
1518 484 1570 523 ut

33 557 38 562 '
75 566 95 600 5
113 563 275 605 pascua
294 552 552 605 augeantur,
568 549 748 606 praedia
764 549 1089 592 subtrahuntur
1103 550 1306 607 agricolis
1325 549 1570 601 sationalia,

113 618 296 660 insitiua
315 618 490 670 colonis,
502 632 760 674 compascua
774 619 1053 661 armentariis
1071 622 1118 662 et
1136 619 1361 676 gregariis,
1377 619 1571 661 aluearia

113 701 141 729 a
168 686 394 728 floralibus
418 686 723 737 excluduntur,
747 687 855 743 ipsis
882 701 1054 743 quoque
1083 687 1240 744 apibus
1268 688 1348 730 uix
1377 687 1571 730 naturali

112 755 318 798 libertate
344 755 412 798 uti
439 755 698 811 permissum
725 759 804 798 est.
863 755 986 799 Dicis
1012 757 1134 808 bene,
1159 757 1276 812 quod
1302 759 1496 799 oestrum
1526 758 1570 798 et
1589 773 1615 801 c

113 826 279 867 ceteras
304 826 460 880 pestes,
482 838 593 880 quae
619 839 708 866 non
729 823 845 866 feras
872 825 948 867 sed
974 825 1151 868 delicias
1170 828 1401 882 potentum
1422 825 1571 882 exagi-

57 909 98 933 10
114 895 224 942 tant,
244 895 340 935 toto
359 895 594 948 potentatu
620 907 700 935 suo
730 907 818 935 non
845 896 1030 950 possunt
1049 894 1238 951 abigere,
1258 909 1358 937 cum
1378 897 1424 936 et
1443 894 1572 936 culex

113 961 160 1003 in
189 961 403 1004 ultionem
431 961 622 1004 hominis
651 965 849 1004 armatus
883 962 1146 1005 acrimoniae
1181 977 1286 1005 suae
1320 963 1492 1005 aculeos
1523 962 1571 1004 in

112 1029 231 1072 feras
250 1033 366 1072 recte
387 1033 599 1074 exerceat.
657 1030 730 1073 Sic
750 1031 787 1072 si
808 1030 879 1073 hic
899 1030 1049 1080 fueris,
1069 1031 1116 1072 in
1131 1046 1270 1073 annos
1289 1031 1455 1088 cogeris
1475 1034 1572 1073 sata

113 1098 325 1141 redimere
351 1099 423 1141 uel
447 1099 664 1142 amittere.
724 1099 850 1156 Elige
876 1102 1029 1141 utrum
1052 1099 1196 1142 mauis
1225 1100 1279 1142 de
1308 1099 1571 1156 aequissimo

113 1168 209 1210 iure
248 1167 485 1220 Quiritum,
525 1182 672 1210 rerum
712 1168 783 1211 uel
823 1168 980 1211 salutis
1018 1168 1252 1224 utrobique
1292 1169 1571 1225 dispendium

57 1251 96 1290 3⁵
114 1236 326 1279 imminet.
386 1236 436 1279 Si
467 1239 729 1279 uenatorum
762 1237 980 1293 quispiam
1014 1240 1292 1293 pertranseat
1321 1238 1430 1280 fines
1459 1240 1572 1287 tuos,

114 1305 155 1348 ei
193 1319 305 1361 quae
344 1305 462 1348 domi
501 1305 636 1348 habes
675 1306 982 1349 incunctanter
1020 1309 1066 1348 et
1099 1309 1352 1348 reuerenter
1390 1321 1572 1362 expone,

114 1374 316 1430 quodque
336 1374 454 1416 domi
480 1389 570 1417 non
596 1376 663 1417 est
687 1378 732 1417 et
755 1374 889 1416 habet
912 1374 1097 1425 uicinus,
1118 1374 1165 1416 in
1194 1389 1300 1417 usus
1327 1374 1446 1416 illius
1466 1389 1572 1424 eme,

114 1457 170 1485 ne
200 1457 256 1484 ex
285 1442 417 1485 edicti
446 1443 624 1486 licentia
653 1446 733 1486 tua
762 1443 938 1486 auferat
967 1443 1039 1486 uel
1069 1443 1224 1493 inuito,
1250 1447 1296 1485 et
1324 1444 1378 1486 de
1408 1444 1571 1486 1116116-

115 1511 260 1554 rentia
282 1514 327 1554 et
349 1515 604 1569 contemptu
630 1513 799 1569 cogaris
826 1513 873 1554 in
902 1513 1102 1555 centuria
1127 1516 1207 1554 aut
1233 1512 1330 1555 foro
1359 1513 1573 1569 praesidis

57 1595 100 1619 20
116 1580 187 1623 uel
221 1581 502 1637 proconsulis,
531 1584 611 1624 aut
645 1581 833 1624 fortasse
868 1581 916 1623 in
949 1581 1143 1633 concilio,
1178 1581 1294 1623 lesae
1327 1581 1572 1623 maiestatis

115 1649 296 1692 reddere
325 1650 553 1694 rationem.
611 1650 896 1693 Protenditur
929 1651 1093 1693 etenim
1122 1650 1437 1706 patrimonium
1466 1650 1570 1700 fisci,
1588 1655 1617 1694 d

115 1717 222 1760 dum
269 1717 324 1760 de
375 1718 518 1761 alieno
566 1734 840 1776 quacumque
889 1720 1060 1762 ratione
1116 1719 1287 1762 familia
1344 1722 1571 1776 sumptum

114 1786 234 1829 facit.

172 1773 338 1897 &mm
363 1870 419 1898 ne
443 1856 692 1899 uenaticam
720 1860 766 1899 et
794 1856 904 1899 alias
930 1856 1162 1899 curialium
1188 1870 1332 1913 nugas
1360 1871 1450 1899 non
1479 1859 1572 1899 tam

0 1930 2 1932 ’
57 1937 100 1972 25
116 1923 278 1966 iudicio
298 1938 429 1979 quam
449 1925 549 1966 odio
572 1925 700 1967 stilus
729 1925 931 1981 persequi
955 1925 1172 1975 uideatur,
1197 1940 1292 1967 eam
1319 1925 1569 1966 indifferen-

116 1992 236 2035 tibus
265 1993 663 2034 connumerandam
692 1993 821 2036 facile
847 1993 1074 2048 libensque
1100 1993 1335 2043 consentio,
1355 1993 1441 2035 nisi
1469 1993 1574 2048 quia

115 2060 405 2103 immoderato
435 2061 680 2117 uoluptatis
714 2062 894 2104 incursu
928 2061 1102 2103 uirilem
1142 2062 1338 2102 animum
1378 2061 1573 2103 concutit

117 2132 162 2171 et
196 2127 536 2171 fundamentum
570 2130 791 2172 subuertit
822 2129 1018 2172 rationis.
1076 2129 1180 2171 Non
1211 2132 1362 2171 tamen
1401 2129 1457 2171 ob
1491 2129 1573 2172 hoc

117 2197 203 2240 erit
231 2212 543 2254 usquequaque
572 2198 815 2254 culpabilis,
845 2212 945 2240 cum
975 2200 1020 2239 et
1049 2198 1204 2239 uinum
1235 2198 1353 2253 quod
1382 2198 1573 2240 inebriat

59 2281 103 2314 30
117 2266 414 2308 subuersionis
433 2266 607 2323 culpam
628 2269 881 2322 retorqueat
900 2266 947 2307 in
967 2266 1203 2315 bibentem,
1224 2270 1269 2308 et
1289 2280 1424 2307 senex
1443 2280 1572 2322 saepe

117 2348 207 2376 non
227 2337 318 2376 tam
339 2335 498 2377 aetatis
525 2349 657 2390 quam
684 2349 763 2377 suo
790 2334 901 2376 uitio
928 2348 1102 2376 sensum
1127 2333 1325 2390 proferat
1344 2334 1570 2390 puerilem.

120 2401 271 2445 Potest
313 2403 453 2459 igitur
495 2404 699 2446 uenatica
742 2418 834 2445 esse
881 2403 1004 2445 utilis
1048 2405 1094 2444 et
1137 2403 1347 2454 honesta;
1396 2403 1472 2444 sed
1516 2417 1572 2445 ex

119 2470 225 2521 loco,
253 2474 460 2527 tempore,
489 2472 630 2521 modo,
659 2486 855 2528 persona,
886 2474 931 2513 et
959 2485 1102 2514 causa.
1163 2471 1354 2531 Persona
1382 2486 1571 2527 namque

120 2542 330 2582 uenustat
349 2540 557 2591 studium,
577 2541 683 2583 dum
710 2555 789 2583 suo
816 2540 983 2582 insistit
1009 2539 1148 2583 officio
1173 2542 1220 2582 et
1243 2532 1334 2582 non
1357 2540 1572 2597 praeripit

120 2645 140 2682 5
167 2648 253 2672 611111
268 2649 406 2682 pascua
420 2638 492 2673 MP
633 2639 654 2675 8
679 2636 798 2682 Dicis]
816 2636 914 2673 Deus
932 2635 1022 2672 BSP
1125 2637 1224 2674 bone
1243 2635 1384 2684 SPcyr.
1529 2639 1573 2674 16

119 2695 187 2720 om.
205 2695 299 2728 quae
316 2683 426 2720 ΟΒΑι

170 2773 212 2808 17
237 2767 394 2811 quodque
411 2767 508 2802 domi
523 2767 593 2803 etc.
613 2765 692 2801 Iuv.
709 2765 784 2800 Sat.
801 2763 847 2799 vi.
869 2773 948 2810 152.

1423 2843 1464 2876 31
