1878 3172
116 224 218 259 σΔΡ.
229 211 322 274 xn]
628 210 1027 257 POLIORATIGV
1029 211 1062 255 S
1582 208 1660 262 537
1678 221 1706 251 c

115 331 292 375 obsecro
311 335 405 374 tam
423 331 624 388 potentia
642 345 779 388 regna
793 332 886 372 tam
905 330 994 372 cito
1012 328 1234 372 subuertit
1248 331 1294 371 et
1307 328 1571 371 transtulit?
1648 314 1655 321 ’

115 399 248 444 Certe
274 401 523 458 indignatio
551 399 635 443 Dei
662 413 795 456 quam
821 399 869 440 in
892 413 938 441 se
964 398 1199 454 multiplex
1222 398 1443 440 iniustitia
1469 412 1570 454 pro-

70 503 75 508 .
114 469 314 512 uocabat.
375 470 456 512 Est
484 472 633 512 autem
663 468 733 525 (ut
764 467 924 510 Stoicis
957 466 1119 523 placet)
1152 466 1374 509 iniustitia
1406 467 1569 510 mentis

114 537 294 580 habitus
333 552 445 594 quae
484 553 512 580 a
549 537 726 594 regione
763 549 935 578 morum
974 534 1243 577 exterminat
1285 536 1567 591 aequitatem.

78 623 98 657 5
115 604 323 648 Animam
343 621 533 662 namque
552 605 728 663 priuare
746 603 919 647 iustitia
938 603 1010 646 uel
1030 618 1086 645 ex
1105 603 1331 660 priuatiua
1349 604 1568 661 particula

114 675 305 717 nominis
324 674 583 718 declaratur.
642 673 698 715 In
725 687 776 715 eo
805 676 953 715 autem
977 672 1168 714 maxime
1187 674 1361 715 constat
1380 673 1566 724 iustitia,

113 743 152 785 si
172 757 263 785 non
281 757 438 786 noceas
468 745 513 785 et
536 756 593 784 ex
621 741 761 785 officio
785 740 1076 783 humanitatis
1098 740 1331 797 prohibeas
1350 743 1566 785 nocentes,
1583 746 1614 786 d

115 809 230 854 Cum
258 825 365 854 uero
394 825 534 861 noces,
553 809 721 853 accedis
749 809 806 851 ad
834 809 1054 851 iniuriam.
1113 807 1226 852 Cum
1250 812 1455 851 nocentes
1478 823 1568 851 non

114 879 312 936 impedis,
355 879 599 922 iniustitiae
650 877 891 920 famularis.
966 877 1047 920 Est
1094 879 1243 920 autem
1291 877 1569 928 contumelia,

56 967 99 991 10
115 948 291 1005 quando
339 951 557 991 tumorem
600 947 761 990 mentis
808 946 856 987 in
900 946 1062 988 lesione
1107 946 1289 989 alterius
1330 946 1570 989 manifesta

114 1018 260 1074 operis
293 1017 470 1074 sequela
500 1017 747 1060 comitatur.
816 1015 967 1071 quue
1000 1015 1228 1071 iniquitati
1262 1016 1411 1067 seruit,
1450 1016 1568 1072 quod

112 1085 161 1127 in
180 1100 292 1136 eum,
323 1086 394 1129 cui
429 1085 677 1128 reuerentia
710 1098 790 1141 pro
823 1083 1071 1127 conditione
1106 1083 1234 1127 officii
1272 1084 1345 1126 uel
1381 1087 1568 1127 naturae

112 1154 332 1197 consortio
373 1154 569 1203 debetur,
599 1152 839 1195 insolenter
876 1151 1080 1209 insurgit.
1139 1151 1280 1194 Dolus
1317 1155 1467 1195 autem
1502 1155 1570 1195 est

113 1219 184 1277 (ut
209 1221 371 1264 diffinit
390 1222 612 1278 Aquilius)
639 1235 739 1264 cum
765 1220 887 1263 aliud
915 1220 1065 1277 agitur
1091 1222 1136 1263 et
1164 1220 1286 1262 aliud
1311 1221 1571 1273 simulatur3

15 1333 23 1352 ἱ
55 1308 96 1342 15
114 1290 257 1334 malus
300 1291 465 1347 utique,
505 1290 708 1347 quotiens
750 1290 804 1332 fit
847 1289 1092 1332 intentione
1136 1290 1332 1332 nocendi.
1404 1290 1569 1333 Differt

113 1362 262 1403 autem
281 1360 521 1417 plurimum
545 1359 672 1402 dolus
690 1373 718 1401 a
736 1358 1013 1408 contumelia,
1028 1358 1235 1414 quoniam
1255 1359 1363 1402 haec
1381 1359 1568 1416 superbe

112 1431 159 1470 et
188 1428 436 1480 manifesto,
465 1429 540 1471 ille
572 1426 878 1471 fraudulenter
906 1429 952 1469 et
981 1427 1106 1483 quasi
1134 1426 1193 1468 ab
1220 1427 1395 1470 insidiis
1428 1431 1566 1471 nocet.

113 1495 236 1539 Haec
281 1501 387 1540 sunt
435 1512 558 1554 quae,
597 1511 696 1540 cum
742 1497 986 1545 incurrunt,
1025 1495 1256 1538 cathedras
1300 1495 1567 1539 subuertunt
1582 1500 1662 1550 538
1680 1511 1714 1540 a.

113 1565 308 1608 omnium
319 1569 600 1623 potestatum,
613 1566 717 1622 quia
728 1581 756 1608 a
769 1564 1001 1608 contrariis
1015 1567 1304 1621 perpetuatur
1317 1565 1567 1622 principum

54 1653 99 1677 πο
113 1633 265 1690 gloria.
325 1635 464 1678 Dolus
489 1650 678 1691 namque
707 1649 764 1677 ex
788 1633 1044 1676 timiditatis
1072 1633 1265 1690 imagine
1293 1634 1568 1677 infirmitatis

113 1705 263 1745 notam
295 1704 441 1754 habet,
472 1707 518 1746 et
551 1703 806 1746 fortitudini
836 1703 1076 1759 plurimum
1110 1702 1382 1745 aduersatur.
1452 1702 1567 1746 Con-

110 1772 340 1814 tumeliam
372 1772 610 1829 prudentia
643 1772 855 1829 reprimit,
889 1771 1166 1828 ingeminans
1199 1771 1390 1828 iugiter:
1448 1772 1567 1824 Quid

112 1839 162 1881 in
193 1843 358 1882 terram
392 1845 438 1883 et
470 1841 659 1884 cinerem
691 1840 890 1897 superbit
923 1843 1043 1882 terra
1074 1843 1119 1882 et
1152 1840 1292 1883 cinis?
1350 1840 1566 1883 Iniuriam

114 1909 408 1964 temperantia
446 1924 535 1951 non
573 1909 783 1959 admittit,
822 1909 975 1951 nolens
1013 1907 1178 1950 inferre
1216 1908 1292 1950 alii
1332 1909 1448 1964 quod
1482 1910 1567 1951 sibi

55 1995 97 2028 ²5
115 1976 253 2019 nollet
289 1977 347 2019 ab
379 1977 467 2019 alio
497 1977 695 2033 irrogari.
756 1977 814 2019 Et
845 1977 1110 2018 iniustitiam
1149 1977 1322 2019 iustitia
1360 1977 1568 2028 excludit,

114 2059 425 2101 usquequaque
458 2045 624 2088 faciens
653 2045 729 2086 alii
758 2045 875 2100 quod
903 2044 1203 2086 faciendorum
1232 2045 1367 2087 uellet
1395 2045 1452 2087 ab
1480 2045 1567 2087 alio

113 2113 209 2155 fieri
229 2113 313 2155 sibi
332 2114 428 2170 ipsi.
487 2114 585 2155 Hae
604 2115 710 2155 sunt
737 2115 947 2168 quattuor
966 2113 1168 2163 uirtutes,
1188 2127 1298 2168 quas
1317 2113 1566 2169 philosophi

113 2181 355 2225 cardinales
395 2182 631 2239 appellant,
670 2196 721 2224 eo
757 2181 874 2237 quod
913 2196 940 2222 a
977 2181 1121 2237 primo
1160 2181 1284 2223 fonte
1322 2182 1567 2223 honestatis

114 2251 239 2307 quasi
277 2251 410 2307 primi
447 2250 582 2292 riuuli
620 2264 799 2292 manare
837 2249 1076 2292 credantur
1106 2252 1151 2291 et
1183 2249 1239 2291 de
1272 2264 1318 2291 se
1352 2250 1567 2291 bonorum

55 2336 98 2368 30
113 2319 310 2362 omnium
351 2319 519 2362 fluenta
556 2333 810 2375 propagare.
888 2318 1010 2361 Haec
1049 2317 1166 2360 forte
1204 2321 1311 2360 sunt
1355 2322 1567 2374 quattuor

113 2454 135 2490 3
159 2442 295 2489 stoyeis
311 2443 384 2480 AM
528 2453 573 2480 10
590 2448 671 2488 post
689 2440 842 2477 alterius
859 2442 942 2476 add.
960 2439 1003 2476 in
1021 2439 1045 2475 S
1189 2441 1232 2476 18
1256 2440 1357 2485 cum]
1374 2442 1504 2477 tamen
1524 2441 1564 2476 M

114 2501 162 2526 20
182 2489 359 2536 ymagine
377 2490 417 2526 M
558 2499 602 2534 27
628 2491 796 2541 quatuor
806 2486 853 2523 S.
877 2487 971 2522 1111οῐ
988 2488 1027 2522 Μ
1113 2487 1338 2534 phylosophi
1356 2488 1395 2523 Μ
1522 2491 1566 2525 28

114 2537 286 2584 apellant
301 2537 326 2573 S
464 2547 511 2583 30
535 2539 699 2582 quatuor
715 2535 760 2571 S.
785 2534 878 2570 1111οῐ
894 2534 935 2569 Μ

162 2651 184 2685 3
207 2641 277 2676 Eat
300 2646 419 2676 autem
445 2638 657 2683 81830110
684 2639 835 2674 auctore
862 2637 955 2673 haec
988 2636 1125 2672 referat
1156 2636 1300 2679 Noster,
1331 2636 1482 2681 nesci03
1515 2638 1563 2674 cf.

114 2686 876 2770 ffiracz(51n).61neoetc.·
903 2683 1045 2775 οἱὸἓιο.
1063 2664 1381 2766 (Ξεοῇἱϊβξῗς.
1511 2696 1563 2738 ‘1¹3

115 2790 163 2825 30
186 2735 351 2825 “243ten
389 2746 436 2826 {3
452 2733 617 2826 {iamt
630 2731 781 2815 togmuelt'
795 2730 907 2814 οξὲἰεξε
937 2742 1101 2813 Ecclicx.
1122 2733 1174 2822 9de
1240 2736 1323 2813 “⁸28
1347 2731 1563 2814 ᾖῗηηεὲτιαιῗε

214 2839 245 2863 8.
268 2829 312 2863 de
337 2828 404 2873 Off.
427 2827 452 2864 i.
481 2836 617 2874 sseqq.
791 2835 838 2871 30
860 2826 1074 2870 Haecforte
1097 2826 1194 2861 818..
1226 2836 1260 2862 v.
1284 2825 1379 2871 Aug.
1403 2827 1447 2860 de
1473 2826 1563 2861 Gen.

1392 2902 1456 2938 277
