1878 3172
11 157 15 160 ’
65 191 166 226 ω.
179 178 352 240 xxvm]
582 175 1017 222 POLICRATICVS
1528 182 1608 224 4⁷2
1626 185 1661 215 a

63 302 117 344 ut
148 300 374 344 subtracta
405 299 548 343 tutela
577 299 646 342 sui
677 313 762 349 eos,
795 313 903 356 quos
931 296 1116 354 perfidia
1143 298 1272 339 tanta
1305 295 1516 352 exagitat,

63 369 201 412 uariis
228 369 599 413 ludificationibus
627 370 860 412 demonum
888 368 1007 411 trahi
1031 366 1248 410 sustineat
1271 365 1328 408 ad
1353 365 1516 422 gehen-

62 451 177 481 nam.
236 437 295 482 Se
312 438 527 495 siquidem
547 437 604 481 ad
622 436 872 480 huiusmodi
891 436 1063 493 flagitia
1080 434 1308 492 prohibuit
1331 433 1516 475 inuitari

62 505 239 563 publica
274 521 380 550 uoce
419 507 645 557 Ecclesiae,
673 505 885 549 aduersus
915 519 1047 561 quam
1082 517 1161 546 nec
1195 504 1349 559 portae
1379 500 1525 544 inferi

26 589 48 626 ⁵
62 575 391 632 praeualebunt.
448 575 562 619 Cum
587 589 692 632 ergo
719 574 859 618 sancti
886 573 1079 630 Spiritus
1104 571 1251 629 gratia
1274 570 1517 614 auctoritas

63 643 279 687 Ecclesiae
312 644 570 701 improbatis
602 644 879 687 subtrahitur
916 641 1178 691 exorcismis,
1213 640 1289 697 qui
1328 639 1391 682 eis
1424 653 1514 682 non

61 715 156 756 tam
184 715 374 756 utuntur
402 727 533 769 quam
563 713 818 762 abutuntur,
838 711 1066 754 offendunt
1094 710 1143 752 in
1172 709 1401 766 Spiritum,
1426 722 1514 765 quo

62 780 289 825 recedente
308 781 402 824 eius
420 781 505 824 sibi
524 781 730 824 nituntur
755 781 968 824 uirtutem
988 782 1033 823 et
1058 778 1292 822 efficaciam
1311 777 1511 820 retinere.
1530 777 1559 815 b

63 909 170 970 Cap.
201 912 266 956 28.
323 913 388 956 De
410 911 685 968 speculariis,
712 915 751 955 et
777 911 896 967 quod
921 909 1122 966 maliyni
1147 908 1343 965 spiritus
1367 908 1513 950 inter-

175 980 292 1024 dwm
320 979 496 1037 sutura
535 984 834 1036 praenoscunt
876 983 914 1022 et
957 978 1202 1022 subtilitate
1239 981 1435 1020 ‘ruiturae
1473 980 1512 1019 et

174 1049 311 1105 lonya
335 1049 607 1105 experientia
630 1048 840 1104 temporis
865 1051 903 1092 et
932 1047 1202 1091 reuelatiome
1226 1044 1514 1102 superiorum

169 1121 453 1174 potestatum,
486 1120 526 1161 et
559 1118 677 1174 quod
707 1133 831 1174 saepe
862 1117 1098 1173 decipiunt
1129 1119 1213 1159 aut
1252 1114 1514 1170 decipientes

175 1190 259 1230 aut
286 1186 465 1244 decepti,
493 1191 532 1230 et
560 1187 679 1243 quod
707 1186 976 1244 specularios
1001 1185 1127 1229 anda
1154 1184 1423 1229 indubitata
1451 1196 1513 1226 se-

175 1258 400 1311 qwumtur.

120 1345 305 1390 Frustra
343 1347 427 1390 sibi
466 1346 697 1403 specularii
742 1347 1043 1396 blandiuntur,
1082 1346 1200 1402 quod
1246 1345 1382 1388 nichil
1430 1344 1512 1386 im-

13 1412 18 1470 J
60 1414 240 1468 molant,
259 1416 371 1459 nulli
398 1418 568 1468 nocent,
591 1416 764 1472 saepius
786 1418 971 1472 prosunt
997 1415 1103 1458 dum
1133 1414 1256 1457 furta
1285 1414 1511 1470 detegunt,

23 1537 26 1538 ⁷
61 1484 285 1527 maleficiis
302 1486 496 1541 purgant
518 1484 679 1536 orbem,
699 1487 744 1527 et
769 1484 906 1528 solam
935 1484 1090 1527 utilem
1118 1486 1198 1526 aut
1223 1482 1511 1526 necessariam

14 1595 18 1601 ,
61 1555 278 1610 appetunt
306 1554 553 1598 ueritatem.
617 1554 719 1596 Non
754 1554 816 1597 sic
849 1554 986 1610 impii,
1025 1568 1114 1595 non
1153 1553 1225 1596 sic.
1295 1552 1382 1605 Qui
1421 1565 1511 1594 non

16 1648 17 1652 =
61 1621 239 1679 colligit,
266 1623 424 1679 inquit,
451 1637 631 1673 mecum,
661 1623 874 1679 dispergit
886 1637 896 1675 ;
935 1625 980 1665 et
1008 1623 1084 1679 qui
1114 1637 1203 1665 non
1232 1624 1300 1664 est
1328 1635 1512 1671 mecum,

62 1693 215 1734 contra
246 1706 318 1734 me
351 1693 430 1735 est.
497 1691 616 1734 Dum
649 1692 756 1734 haec
787 1691 976 1734 Domino
1010 1691 1270 1748 prohibente
1304 1691 1510 1733 exercent

15 1767 18 1768 ’
61 1758 198 1816 impii,
215 1759 322 1816 quid
341 1759 462 1802 aliud
482 1759 653 1802 faciunt
677 1774 808 1816 quam
837 1760 1087 1803 calcaneum
1113 1760 1279 1816 erigere
1297 1759 1509 1801 aduersus
1528 1769 1553 1798 c

23 1868 30 1884 L*
59 1827 394 1883 prohibentem?
451 1826 581 1871 Certe
609 1828 741 1870 nimis
771 1831 838 1871 est
866 1828 983 1884 quod
1016 1828 1227 1877 immolat,
1262 1827 1337 1883 qui
1372 1827 1509 1869 eiecto

60 1894 233 1952 Spiritu
260 1898 411 1938 sancto
438 1895 668 1938 idolatriae
697 1899 888 1939 mentem
916 1897 1157 1953 prostituit.
1215 1895 1415 1938 Nimium
1442 1897 1511 1937 est

28 1969 35 1996 Ἴ
61 1963 179 2020 quod
215 1963 425 2013 immolat,
457 1964 534 2019 qui
571 1964 763 2020 pollutas
796 1979 924 2007 aures
962 1964 1263 2007 demoniorum
1301 1963 1510 2017 sollicitat

19 2025 22 2027 “
60 2045 167 2074 uoce
194 2031 384 2074 Domino
411 2036 671 2075 consecrata.
729 2033 928 2074 Nimium
957 2036 1025 2075 est
1053 2032 1168 2088 quod
1199 2032 1408 2080 immolat,
1432 2030 1509 2086 qui

19 2099 28 2139 ζ,
59 2103 230 2143 motum
267 2100 460 2157 corporis
502 2101 798 2143 accommodat
839 2102 897 2143 ad
935 2101 1193 2144 detestabile
1232 2100 1509 2156 sacrilegium

58 2169 367 2226 peragendum.
427 2168 543 2220 Quid
570 2169 755 2211 retinuit
777 2170 973 2221 creatori,
993 2169 1069 2225 qui
1093 2171 1285 2210 mentem
1310 2168 1509 2224 linguam

19 2255 34 2285 ᾗ
58 2250 216 2294 eorpus
235 2236 492 2279 demonibus
511 2237 702 2280 obtulitz
759 2237 832 2279 An
856 2252 945 2280 non
965 2237 1144 2279 ueritati
1165 2235 1270 2279 fecit
1289 2235 1508 2285 iniuriam,

26 2309 31 2314 ’
60 2305 137 2361 qui
183 2305 484 2362 integritatem
526 2305 619 2347 eius
667 2305 715 2346 in
762 2307 891 2347 tanta
933 2305 1210 2361 corruptione
1258 2303 1511 2360 quaesiuit?

22 2417 29 2429 μ,
59 2371 194 2415 Plane
213 2387 341 2415 nemo
359 2373 406 2414 in
425 2373 589 2415 talibus
614 2387 693 2429 per
715 2373 1012 2430 ignorantiam
1040 2375 1288 2416 excusatur.
1345 2372 1508 2415 Omnes

62 2499 82 2537 5
106 2491 268 2538 Spiritus
283 2491 406 2527 sancti
423 2491 463 2525 M
666 2500 708 2526 12
731 2489 918 2526 uirtutum
942 2491 983 2526 et
1007 2491 1238 2535 potestatum
1258 2489 1283 2525 S
1305 2491 1347 2525 in
1370 2502 1399 2525 r.
1416 2501 1445 2526 e.
1463 2502 1504 2535 p.

24 2562 29 2565 ›
58 2538 290 2584 decipientes
304 2540 390 2574 sunt
408 2538 432 2574 S
449 2539 490 2573 in
504 2550 535 2573 r.
553 2550 579 2574 c.
591 2549 632 2583 p.
775 2547 816 2582 13
841 2537 1099 2574 indubitanter
1116 2537 1140 2572 S
1155 2539 1196 2572 in
1214 2550 1243 2572 r.
1261 2549 1288 2573 c.
1301 2548 1341 2582 p.
1458 2539 1504 2574 28

59 2585 202 2632 optulit
215 2585 249 2620 A

105 2705 129 2739 4
151 2697 324 2731 aduersus
338 2704 446 2738 quam
462 2693 534 2727 etc.
549 2703 558 2726 :
583 2703 614 2727 v.
632 2690 741 2726 Matt.
758 2689 832 2727 xvi.
854 2692 906 2727 18.
1096 2693 1137 2727 18
1161 2693 1419 2728 Nonsicetoe
1445 2692 1504 2729 Ps.

59 2751 162 2825 {03:¹²-
178 2739 328 2825 niLQIuSi
339 2751 413 2775 non
428 2741 521 2775 eta:
549 2737 659 2774 Matr..
675 2750 698 2773 x
702 2737 741 2773 ii.
758 2747 815 2782 30.
980 2748 1021 2774 21
1050 2740 1255 2774 calcaneum
1275 2741 1429 2784 eriqere:
1455 2739 1503 2775 cf.

124 2859 205 2878 um
762 2860 793 2889 Ἰ
1330 2855 1391 2888 161
