1878 3172
102 151 259 213 enon]
614 142 1053 196 POLICRATIcvs
1575 152 1657 203 aas
1674 155 1705 194 b

106 271 242 314 immo
279 273 326 314 et
363 271 552 314 amicum
591 270 760 325 ducam,
792 270 869 327 qui
907 285 1054 314 meum
1089 271 1326 329 castigabit
1359 286 1563 316 errorem.

106 339 157 383 Si
188 343 339 382 tamen
372 339 533 382 alicubi
564 343 793 383 auctorum
826 339 958 383 aliter
990 354 1123 396 quam
1154 341 1402 397 scripserim
1441 342 1563 384 inue-

105 409 270 463 niatur,
307 423 397 451 non
436 409 535 451 ideo
572 409 792 452 constabit
830 423 900 451 me
939 423 1032 452 esse
1075 410 1324 462 mentitum,
1367 424 1467 453 cum
1515 410 1564 452 in

106 478 520 534 strategematicis
568 478 809 533 historicos,
849 478 925 535 qui
974 478 1230 534 frequenter
1266 479 1333 521 ab'
1372 479 1561 522 inuicem

31 559 36 563 ·
70 564 90 601 5
108 546 335 601 dissident,
369 547 452 589 sim
487 550 673 601 secutus,
706 550 752 590 et
784 547 831 588 in
860 547 1173 604 philosophicis
1202 547 1446 590 academice
1474 547 1561 590 dis-

107 618 272 672 putans
307 630 389 672 pro
428 615 613 658 rationis
650 616 828 658 modulo
862 631 974 672 quae
1002 616 1290 659 occurrebant
1317 616 1563 673 probabilia

107 687 301 727 sectatus
331 684 426 727 sim.
485 684 579 727 Nec
612 684 971 728 Academicorum
1000 685 1207 728 erubesco
1236 684 1563 742 professionem,

108 753 186 810 qui
205 753 253 794 in
273 753 342 795 his
362 767 474 809 quae
494 756 599 795 sunt
618 753 882 796 dubitabilia
900 754 1101 811 sapienti,
1116 754 1173 797 ab
1192 769 1342 797 eorum
1362 754 1564 811 uestigiis

107 836 199 864 non
218 821 382 865 recedo.
441 822 563 864 Licet
582 823 699 864 enim
719 826 838 866 secta
857 824 963 866 haec
989 824 1192 866 tenebras
1212 824 1343 866 rebus
1362 823 1565 866 omnibus

51 893 94 936 ’1ο
110 890 317 933 uideatur
350 890 567 945 inducere,
596 891 720 933 nulla
748 892 930 934 ueritati
959 892 1277 934 examinandae
1305 893 1477 935 fidelior
1507 895 1564 945 et,

109 961 287 1002 auctore
318 957 526 1002 Cicerone
555 960 632 1015 qui
661 960 718 1002 ad
747 975 843 1003 eam
878 961 925 1002 in
959 964 1183 1003 senectute
1217 961 1413 1011 djuertit,
1442 960 1566 1003 nulla
1582 969 1607 998 e

108 1026 327 1084 profectui
356 1026 618 1070 familiarior
645 1031 724 1072 est.
782 1029 838 1071 In
866 1030 936 1072 his
966 1044 1069 1086 ergo
1098 1044 1210 1086 quae
1238 1029 1484 1072 incidenter
1510 1029 1565 1072 de

110 1096 390 1153 prouidentia
415 1099 460 1138 et
489 1096 585 1139 fato
614 1101 659 1140 et
688 1097 893 1141 libertate
923 1099 1097 1140 arbitrii
1127 1101 1172 1141 et
1201 1098 1418 1141 similibus
1446 1098 1566 1141 dicta

111 1168 228 1216 sunt,
261 1180 332 1208 me
369 1165 681 1208 Academicum
715 1167 863 1223 potius
898 1182 989 1210 esse
1023 1167 1212 1222 noueris,
1247 1181 1380 1223 quam
1414 1181 1566 1209 eorum

54 1250 96 1284 ¹5
112 1248 224 1290 quae
258 1234 394 1276 dubia
431 1237 537 1277 sunt
576 1236 858 1278 temerarium
894 1240 1165 1280 assertorem.
1236 1236 1567 1292 Scripturarum

111 1317 284 1359 quoque
322 1304 586 1346 testimoniis
621 1305 946 1347 accommodum
986 1305 1289 1362 explanandae
1323 1305 1567 1347 sententiae

112 1372 374 1429 quandoque
421 1387 528 1415 usus
574 1387 695 1425 sum3
750 1374 816 1416 ita
860 1377 1010 1416 tamen
1058 1377 1112 1416 ut
1158 1373 1295 1416 nichil
1343 1373 1446 1415 fidei
1489 1377 1570 1415 aut

111 1440 239 1484 bonis
268 1441 464 1484 moribus
493 1442 749 1485 inueniatur
782 1443 1028 1492 aduersum,
1058 1457 1108 1485 ac
1137 1443 1175 1485 si
1205 1442 1446 1485 sententias
1475 1445 1568 1484 tam

0 1537 2 1541 ·
114 1509 345 1553 modernas
391 1525 524 1567 quam
571 1514 742 1554 ueteres
788 1511 940 1554 eadem
983 1511 1355 1554 incommutabilis
1403 1511 1570 1554 ueritas

0 1603 4 1626 ,-
54 1598 101 1622 πο
114 1578 351 1636 genuisset.
408 1579 635 1636 Siquidem

0 1661 9 1708 ἒ
658 1671 793 1714 facies
821 1686 910 1714 non
939 1672 1142 1714 omnibus
1170 1686 1271 1722 una,

228 1742 319 1771 non
347 1728 523 1771 diuersa
551 1731 713 1780 tamen,
742 1729 916 1785 qualem
945 1730 1070 1772 decet
1099 1744 1191 1772 esse
1220 1744 1433 1772 sororum.

173 1828 335 1885 Omnia
364 1845 471 1872 uero
500 1833 579 1873 tuo
609 1834 893 1874 reseruantur
927 1832 1133 1886 examini,
1161 1835 1214 1874 ut
1242 1832 1326 1874 tibi
1355 1832 1496 1874 maior
1524 1834 1570 1874 et
1584 1830 1614 1869 d

116 1898 275 1941 iustior
304 1899 550 1955 corrigendi
582 1914 714 1955 quam
752 1899 886 1942 michi
920 1870 1138 1943 scribendi
1172 1901 1314 1957 gloria
1347 1901 1571 1943 debeatur.

57 1985 101 2019 ²5
118 1967 418 2022 Inaequalitas
451 1970 600 2009 autem
638 1967 912 2009 uoluminum
942 1969 1079 2011 uariis
1113 1972 1181 2011 est
1214 1969 1572 2025 occupationibus

118 2035 385 2089 ascribenda,
425 2036 584 2090 quibus
629 2036 677 2077 in
722 2036 843 2078 curia
883 2037 944 2078 sic
985 2037 1222 2079 distractus
1261 2052 1359 2079 sum
1397 2040 1450 2079 ut
1492 2037 1572 2079 uix

118 2104 287 2160 aliquid
313 2104 500 2146 scribere
525 2104 786 2160 quandoque
810 2105 994 2147 licuerit.
1052 2105 1171 2147 Dum
1198 2109 1347 2148 tamen
1371 2105 1571 2147 Tolosam

116 2172 307 2229 cingitis,
326 2173 413 2214 ista
441 2187 672 2228 aggressus
699 2187 796 2215 sum
820 2176 865 2214 et
891 2188 961 2215 me
987 2173 1226 2216 curialibus
1252 2174 1383 2230 nugis
1409 2174 1570 2230 paulis-

116 2255 197 2298 per
216 2241 372 2295 ademi,
392 2240 503 2282 illud
529 2241 712 2283 uoluens
739 2241 787 2282 in
813 2241 972 2295 animo,
993 2242 1098 2297 quia
1126 2242 1267 2284 otium
1290 2243 1383 2284 sine
1410 2242 1573 2285 litteris

60 2330 104 2364 30
117 2323 236 2351 mors
285 2312 351 2351 est
396 2311 442 2351 et
486 2309 581 2351 uiui
626 2309 817 2351 hominis
859 2310 1096 2365 sepultura.
1174 2310 1223 2352 Si
1262 2310 1360 2366 quis
1398 2310 1574 2367 ignotos

119 2381 319 2420 auctores
348 2391 448 2420 cum
477 2377 678 2419 Lanuino
707 2377 1032 2434 calumpniatur
1059 2381 1140 2420 aut
1166 2379 1304 2431 fictos,
1324 2379 1574 2423 rediuiuum

1394 2444 1465 2457 ...aa

0 2508 11 2563 ξ
120 2518 144 2552 4
166 2507 376 2554 hystoricos
393 2508 466 2543 ΒΜ
609 2516 627 2554 5
654 2509 831 2553 sequutus
847 2507 887 2542 M
1021 2504 1300 2554 phylosophicis
1317 2508 1388 2545 cM
1532 2520 1576 2555 14

0 2565 14 2696 ξ
120 2555 405 2591 achademicum
420 2553 516 2590 CBA
658 2557 701 2591 16
725 2555 773 2590 ad
789 2554 1027 2591 commodum
1044 2554 1110 2590 SM

0 2690 9 2729 ς
129 2712 141 2723 Α,
171 2685 213 2712 11
243 2677 429 2730 Cicerone:
455 2675 502 2712 cf.
528 2674 604 2711 Cic.
627 2675 876 2710 Acad.1²r‡·or.
901 2673 950 2708 H.
975 2683 1009 2718 3,
1029 2674 1142 2727 ᾼεαᾶ.
1165 2675 1259 2710 Post.
1282 2673 1312 2709 Ι.
1338 2684 1403 2720 13;
1428 2674 1580 2710 Hieron.

0 2746 3 2750 -
122 2724 194 2769 Ep.
212 2722 340 2759 xxxiii.
448 2733 489 2759 21
509 2724 630 2767 facies
646 2723 738 2758 etc.:
760 2720 864 2756 Ovid.
881 2721 1027 2756 Metam.
1045 2720 1085 2755 ii.
1107 2731 1160 2766 13,
1182 2732 1236 2765 14.
1345 2731 1389 2766 27
1418 2723 1582 2758 Tolosam

122 2769 269 2807 obsedit
284 2769 470 2806 Hem-icus
487 2769 538 2806 II.
553 2780 587 2805 a.
607 2777 708 2815 1159.
850 2777 897 2813 29
919 2769 1032 2804 otium
1048 2769 1143 2805 etc.:
1170 2767 1255 2805 Seu.
1271 2769 1343 2814 Ep.
1362 2770 1407 2805 82
1426 2771 1444 2814 §
1465 2779 1499 2815 3.

0 2813 9 2861 1
176 2841 257 2860 ms
754 2837 783 2863 D
1430 2838 1470 2874 17
