1878 3172
81 171 178 206 m.
193 158 256 220 11]
595 158 1028 204 PomcRATIcvs
1551 168 1625 209 ⁴1⁷
1643 160 1674 205 ιν

81 281 158 325 sed
177 281 283 338 quia
300 285 523 325 morantes
542 282 590 324 in
609 296 709 324 aere
727 283 874 324 motus
893 280 1013 323 illius
1035 279 1167 323 citius
1190 279 1238 322 in
1267 279 1421 336 seipsis
1440 293 1536 323 sen-

80 350 218 402 tiunt,
245 353 292 394 et
322 351 426 394 inde
458 351 729 394 hilaritatem
758 349 1011 406 concipiunt
1038 352 1118 392 aut
1146 363 1373 392 merorem.
1443 348 1537 391 Nec
1555 358 1582 387 c

80 419 255 472 mirum,
274 434 375 463 cum
395 423 440 463 et
458 420 666 477 grauiora
692 419 949 462 animalium
971 432 1154 475 corpora
1179 418 1237 460 ad
1268 418 1538 461 exteriorum

80 492 228 532 motus
278 489 633 546 frequentissime
675 488 978 544 disponantur,
1016 491 1062 530 et
1106 487 1298 530 archano
1346 487 1537 543 quodam

38 552 63 608 '5
81 561 267 601 naturae
310 558 491 601 consilio
539 560 699 614 gerant
744 556 971 599 elementis
1016 557 1308 599 necessarium
1359 571 1537 599 morem.

81 626 205 679 Quae
225 627 343 670 enim
362 627 626 669 animalibus
640 625 893 683 corporibus
909 625 1024 667 bona
1042 625 1115 667 uel
1134 625 1252 668 mala
1266 626 1538 675 immineant,

80 695 119 738 si
141 710 188 738 se
214 696 516 752 temporaliter
538 695 610 738 uel
640 694 999 751 extemporaliter
1027 694 1300 736 reddiderint
1325 698 1537 751 tempora,

80 779 153 807 ars
172 764 440 821 phisicorum
460 764 624 822 regulis
643 764 735 807 suis
755 763 864 806 satis
888 763 1177 820 probabiliter
1194 764 1535 820 comprehendit.

82 832 297 876 Futuram
343 833 477 876 etiam
522 834 759 876 sanitatem
798 836 878 875 aut
920 832 1214 889 egritudinem
1253 836 1333 875 aut
1370 836 1538 875 statum

22 919 65 944 10
81 916 212 959 quem
247 902 402 944 dicunt
435 902 779 952 neutralitatem,
808 899 1076 943 fatalitatem
1106 916 1279 958 quoque
1310 902 1451 958 ipsam
1481 917 1537 944 ex

80 962 443 1028 praecedentibus
481 971 620 1027 signis
658 973 914 1027 agnoscunt,
953 973 999 1012 et
1037 970 1272 1020 interdum,
1306 970 1344 1012 si
1383 985 1538 1014 causas

80 1039 297 1091 nouerint,
310 1039 603 1082 efficacissime
622 1042 791 1082 curant.
834 1038 882 1081 Si
902 1053 1020 1090 uero,
1032 1041 1084 1081 ut
1103 1039 1239 1081 uerbo
1259 1054 1409 1082 eorum
1421 1043 1536 1089 utar,

78 1122 233 1151 causas
251 1108 471 1165 ignorant,
492 1108 708 1165 quomodo
727 1111 885 1150 curant
902 1111 917 1150 2
977 1108 1080 1150 Non
1100 1108 1254 1164 utique
1274 1108 1384 1150 artis
1403 1108 1534 1150 bene-

78 1177 189 1227 ficio,
203 1177 280 1220 sed
295 1177 511 1220 fortunae.
561 1177 779 1220 Iudicium
793 1192 913 1228 uero,
929 1176 1046 1233 quod
1066 1191 1122 1219 ex
1141 1177 1367 1233 signorum
1386 1178 1533 1234 cogni·
1592 1183 1596 1186 ’

23 1237 200 1300 ιςῢίοιιθ
221 1245 467 1303 proferunt,
486 1246 568 1288 etsi
589 1246 775 1297 difficile,
795 1260 923 1302 saepe
943 1246 1222 1288 uerissimum
1242 1249 1319 1288 est.
1378 1246 1533 1289 Multis
1548 1252 1578 1292 d

79 1328 252 1371 quoque
280 1314 419 1371 signis
448 1315 749 1371 tranquillitas
777 1318 823 1357 et
845 1315 995 1356 uariae
1025 1317 1338 1371 tempestatum
1365 1314 1534 1357 formae

78 1382 454 1440 procellarumque
492 1383 753 1440 produntur,
788 1398 900 1439 quae
939 1383 1064 1426 uelut
1103 1383 1151 1425 in
1189 1384 1365 1440 specula
1403 1384 1535 1427 lunae

79 1451 199 1494 orbis
218 1452 426 1495 insinuat.
486 1453 694 1495 Ostendit
713 1467 902 1509 namque
928 1452 1198 1495 rubicundus
1223 1453 1342 1495 color
1367 1456 1536 1504 uentos,

79 1520 252 1563 cerulus
290 1521 476 1578 pluuias,
516 1536 572 1564 ex
610 1524 798 1578 utroque
844 1522 1109 1564 commixtus
1150 1521 1323 1564 nimbos
1368 1521 1536 1564 indicat

20 1607 63 1632 ιο
81 1587 365 1647 furentesque
403 1590 627 1647 procellas.
685 1590 820 1633 Lems
858 1593 983 1633 ortus
1021 1590 1303 1633 serenitatem
1342 1591 1536 1647 nauigiis

79 1658 361 1714 repromittit,
382 1673 514 1715 quam
534 1662 680 1716 gestat
702 1659 844 1710 uultu,
864 1659 1096 1716 praecipue
1122 1659 1160 1701 si
1181 1662 1339 1715 quarto
1359 1663 1461 1702 ortu
1480 1660 1537 1714 (is

79 1726 197 1769 enim
220 1730 375 1770 auctor
397 1728 666 1770 certissimus
693 1731 776 1785 est)
804 1743 946 1785 neque
973 1729 1143 1771 obtusis
1169 1728 1374 1771 cornibus
1401 1729 1537 1771 rutila

80 1809 222 1852 neque
250 1795 400 1838 infuso
426 1795 564 1839 fuerit
590 1797 772 1839 humore
796 1796 981 1840 fuscata.
1038 1797 1161 1839 Tunc
1188 1797 1306 1839 enim

194 1883 316 1922 totus
345 1884 392 1923 et
419 1881 494 1923 ille
522 1882 628 1933 dies,
658 1885 704 1924 et
733 1882 809 1938 qui
839 1885 1075 1924 nascentur
1103 1882 1161 1924 ab
1189 1882 1277 1935 illo,

21 1958 61 1992 ²5
196 1941 401 1980 exactum
429 1939 487 1980 ad
515 1954 709 1982 mensem
739 1943 874 1983 uento
901 1940 1141 1996 pluuiaque
1170 1940 1395 1983 carebunt.

80 2026 158 2071 Sol
177 2043 349 2085 quoque
369 2029 528 2071 cadens
543 2029 728 2071 interest
741 2033 893 2072 utrum
913 2030 1170 2086 aequalibus
1189 2030 1382 2087 gaudeat
1400 2030 1537 2072 radiis

80 2111 139 2139 an
157 2097 329 2139 obiecta
347 2098 464 2139 nube
484 2098 651 2147 rutilet,
669 2101 821 2140 utrum
842 2098 986 2140 soluto
1005 2098 1234 2154 splendore
1255 2098 1454 2154 fulgidus
1476 2113 1535 2140 an

79 2165 227 2208 uentis
257 2166 519 2222 urgentibus
552 2166 720 2223 igneus,
750 2166 854 2208 niue
885 2167 945 2208 sit
977 2166 1168 2222 pallidus
1202 2181 1260 2208 an
1291 2167 1446 2222 pluuia
1475 2167 1535 2209 sit
1549 2167 1624 2218 418
1644 2178 1674 2206 a

78 2295 101 2321 2
123 2284 368 2331 hylaritatem
384 2283 444 2320 ΟΒ
620 2284 644 2320 6
667 2283 890 2320 animalium
906 2283 954 2319 A’
1120 2295 1164 2331 19
1187 2285 1357 2323 ceruleus
1372 2284 1407 2321 A
1422 2298 1534 2331 mar-y.

78 2332 263 2368 comixtus
280 2331 305 2367 S
446 2342 491 2367 22
515 2332 626 2367 autor
642 2329 703 2366 CB
845 2341 890 2375 27
917 2331 1029 2367 solito
1047 2330 1114 2367 SM

130 2456 172 2482 12
195 2451 237 2482 ut
250 2446 358 2482 uerbo
373 2457 494 2482 eorum
508 2451 614 2481 utar:
638 2458 670 2481 v.
681 2444 776 2481 Cels.
790 2444 815 2480 i.
832 2446 988 2481 Prooem.
1004 2445 1076 2490 (ed.
1095 2445 1336 2493 Daremberg‚
1348 2459 1385 2494 p.
1403 2458 1423 2493 3
1440 2448 1465 2485 1.
1480 2450 1534 2491 16,

78 2492 200 2538 alibi).
418 2501 457 2538 15
484 2494 614 2527 Multis
629 2495 699 2528 etc.
723 2502 840 2537 nsque
857 2492 905 2527 ad
921 2492 983 2527 fin.
1002 2504 1083 2539 cap.
1102 2503 1123 2528 2
1138 2506 1147 2529 ι
1171 2493 1301 2540 Veget.
1318 2497 1361 2530 de
1382 2497 1435 2530 Re
1450 2497 1531 2531 Ma.

78 2551 111 2576 v.
133 2550 186 2575 11.
425 2541 466 2576 18
489 2541 736 2575 rubicundus:
760 2552 794 2574 v.
820 2538 916 2574 Plin.
933 2540 982 2575 Η.
1008 2541 1054 2575 Ν.
1081 2540 1182 2576 xviii.
1201 2550 1257 2586 79,
1273 2541 1385 2588 Verg.
1408 2543 1532 2588 Geory.

78 2586 106 2622 i.
125 2597 208 2632 430,
224 2596 305 2631 431.
427 2596 471 2631 19
495 2588 660 2622 cerutus:
688 2587 834 2622 Lunam
851 2585 1000 2632 nigram
1044 2586 1163 2623 luvias
1178 2587 1346 2625 indicare
1362 2592 1535 2626 asserunt

78 2633 192 2679 Verg.
208 2635 250 2669 et
266 2632 363 2669 Plin.
387 2633 477 2669 loec.
497 2633 591 2673 citt..
610 2633 727 2669 solem
751 2635 878 2668 autem
903 2645 967 2670 cae
1031 2645 1118 2670 eum
1135 2634 1246 2681 Verg.
1272 2636 1393 2682 Geory.
1411 2635 1436 2672 i.
1454 2647 1534 2683 453.

79 2691 121 2716 21
149 2685 277 2726 quarto
292 2685 374 2715 ortu
390 2682 486 2716 etc.:
510 2693 543 2715 v.
559 2680 672 2726 Verg.
694 2681 817 2725 Geory.
835 2679 859 2714 i.
877 2690 946 2725 432
959 2692 1033 2726 seq.
1175 2692 1217 2717 21
1245 2684 1278 2718 is
1301 2685 1396 2718 enim
1412 2690 1538 2720 auctor

80 2728 295 2763 certissimus
310 2732 380 2763 est:
408 2739 486 2762 non
503 2727 617 2763 habet
633 2727 823 2780 Vegetins.
965 2738 1010 2771 24
1038 2729 1145 2764 Totus
1160 2731 1255 2765 etc.:
1280 2729 1390 2777 Verg.
1411 2732 1534 2777 Gany.

11 2802 16 2805 .
80 2773 106 2809 i.
120 2783 201 2819 434,
219 2782 287 2820 435
303 2786 313 2815 ;
337 2773 404 2810 hos
419 2786 545 2811 versus
559 2774 800 2820 Vergilmnos
816 2773 920 2810 haud
937 2774 1032 2811 citat
1046 2775 1239 2822 Vegetius.

1381 2848 1427 2894 ⁶9
