1878 3172
212 594 291 636 477
310 596 341 626 a

303 1713 330 1751 b

280 1769 284 1775 ”
348 1773 581 1817 familiaris
610 1789 788 1831 corpore
817 1776 889 1818 uel
919 1779 1036 1819 sorte
1065 1780 1320 1833 temptatur.
1380 1776 1503 1820 Licet
1536 1791 1694 1833 parum
1725 1777 1806 1819 hu·
1866 1768 1874 1807 ἶ

495 578 728 623 INCIPIT
768 578 949 622 LIBER
984 579 1241 623 TERTIUS
1282 577 1681 623 POLICRATIOI.

970 716 1212 749 PROLOGUS.

413 807 586 852 Hosns
617 809 858 853 multorum
886 810 945 852 fio
974 809 1081 852 dum
1110 809 1300 866 ineptias
1328 810 1596 866 nugatorum
1629 805 1815 850 excutio.

357 876 455 930 Qua
475 877 529 920 de
549 892 680 921 causa
699 879 830 921 otiari
850 878 1128 922 decreveram
1156 881 1201 922 et
1229 878 1367 928 silere,
1387 877 1464 920 sed
1490 877 1679 919 alterum
1704 874 1814 917 mihi

354 946 633 1003 negotiorum
659 947 879 990 tumultus
910 948 1092 1001 excutit,
1119 947 1308 990 alterum
1337 949 1483 989 motus
1511 945 1649 988 animi
1678 945 1813 988 inter·
1831 954 1852 989 5

354 1015 532 1072 rumpit.
593 1016 680 1069 Qui
710 1017 827 1059 enim
857 1017 939 1060 sub
977 1019 1195 1074 potestate
1225 1015 1492 1060 constitutus
1521 1017 1600 1065 est,
1630 1014 1668 1057 si
1697 1014 1814 1071 sapit

353 1084 629 1141 obtemperat
653 1085 838 1142 imperio
857 1086 1158 1143 praesidentis
1218 1085 1359 1138 Quem
1384 1084 1554 1128 stimuli
1577 1083 1813 1127 affectuum

353 1156 573 1210 pungunt,
594 1154 871 1198 dissimulare
890 1171 980 1198 non
1003 1158 1149 1213 potest
1169 1155 1277 1212 quin
1296 1156 1528 1197 moueatur
1547 1153 1604 1195 ad
1624 1152 1813 1195 formam

352 1222 580 1278 passionis.
640 1223 827 1266 Exultat
857 1238 960 1282 ergo
986 1239 1117 1281 quem
1146 1223 1298 1281 gaudii
1327 1237 1437 1266 aura
1465 1222 1694 1272 demulcet,
1713 1235 1812 1279 spes
1875 1264 1878 1290 ἰ

352 1290 524 1334 inducit
544 1291 828 1345 hilaritatem,
849 1296 993 1336 metus
1013 1294 1219 1350 trepidat,
1239 1293 1430 1336 dolentis
1449 1292 1624 1335 animus
1642 1304 1811 1333 merore
1831 1298 1878 1340 10}

351 1359 650 1403 confunditur.
711 1361 833 1405 Haec
860 1363 978 1419 apud
1004 1363 1201 1420 singulos
1224 1363 1417 1405 alternat
1443 1361 1578 1405 facies
1604 1360 1708 1404 boni
1732 1362 1812 1402 aut
1834 1399 1840 1403 .
1874 1370 1878 1420 j

350 1429 469 1471 mali.
541 1430 706 1472 Verum
746 1445 898 1474 sensus
937 1432 1153 1475 malorum
1193 1432 1324 1475 altior
1363 1434 1431 1474 est
1465 1433 1511 1474 et
1548 1431 1722 1487 saepius
1762 1429 1811 1471 in
1873 1421 1878 1462 ἶ

350 1512 500 1541 omnes
539 1499 751 1552 incurrit3
801 1500 899 1556 quis
938 1503 1006 1543 est
1045 1501 1162 1543 enim
1201 1501 1277 1558 qui
1316 1500 1532 1543 malorum
1571 1500 1810 1557 asperitate
1871 1509 1878 1549 1

349 1567 523 1623 saepius
547 1583 635 1611 non
662 1571 820 1611 uratur
844 1583 976 1626 quam
1006 1570 1306 1613 demulceatur
1335 1569 1532 1612 fomento
1561 1569 1809 1612 bonorum?
1872 1554 1878 1567 ⁵

349 1635 494 1679 Rarus
528 1639 595 1680 est
630 1637 706 1693 qui
740 1637 879 1680 totius
914 1637 1120 1681 fortunae
1152 1639 1367 1695 impetum
1401 1653 1428 1681 a
1459 1653 1505 1681 se
1543 1641 1639 1681 toto
1669 1637 1809 1695 possit
1827 1644 1876 1669 1

349 1719 506 1748 arcere.
585 1706 672 1758 Qui
716 1706 807 1748 suis
846 1707 1017 1750 uiribus
1056 1708 1284 1764 praeualet
1332 1710 1411 1765 aut
1459 1708 1507 1750 in
1553 1707 1682 1751 amici
1729 1709 1809 1750 aut
1868 1747 1870 1750 ,

346 1857 503 1886 manus
537 1843 597 1886 sit
631 1858 761 1899 quem
796 1847 1106 1888 extraneorum
1145 1846 1316 1889 iactura
1348 1860 1438 1888 non
1477 1845 1683 1899 concutit,
1717 1860 1808 1889 non
1871 1890 1876 1894 ,

345 1912 454 1955 satis
474 1913 604 1955 homo
631 1918 699 1955 est
725 1927 855 1969 quem
881 1913 1026 1956 aliena
1051 1930 1140 1957 non
1166 1917 1358 1958 mouent.
1417 1913 1506 1957 Sed
1531 1914 1806 1971 sapientiori·
1867 1950 1870 1952 .

345 1979 428 2022 bus
457 1980 546 2023 iam
575 1981 700 2024 uenit
729 1981 777 2023 in
807 1982 1001 2034 dubium,
1030 1998 1087 2026 an
1117 1983 1351 2040 quicquam
1381 1983 1570 2026 hominis
1600 1986 1718 2027 recte
1746 1984 1806 2026 sit
1824 1987 1868 2011 ²·-

344 2049 513 2091 homini
552 2050 759 2094 alienum.
834 2051 1028 2095 Virtutis
1074 2067 1180 2095 uero
1229 2067 1456 2109 processus
1498 2052 1805 2109 ambiguitatis
1861 2071 1864 2075 ·

343 2118 476 2161 huius
496 2119 660 2161 nodum
681 2120 826 2171 soluit,
847 2135 946 2163 cum
967 2124 1012 2164 et
1033 2122 1222 2164 comicus
1242 2121 1380 2164 nichil
1408 2121 1591 2164 humani
1611 2121 1805 2164 alienum

343 2202 370 2230 a
390 2202 436 2230 se
460 2191 636 2244 reputet
663 2191 709 2231 et
733 2189 946 2246 Magister
975 2190 1146 2233 celestis
1172 2189 1394 2232 hominem
1423 2190 1591 2232 homini
1619 2189 1803 2248 diligen·

343 2256 450 2298 dum
489 2257 687 2300 docuerit
721 2260 774 2300 ut
812 2272 858 2300 se
897 2258 1055 2314 ipsum.
1115 2258 1243 2301 Vnde
1276 2261 1401 2315 patet
1439 2258 1672 2315 indignum
1710 2273 1804 2301 esse
1868 2279 1870 2282 >

343 2327 470 2368 tanto
505 2326 717 2383 magistro
753 2326 1016 2383 discipulum
1043 2327 1119 2384 qui
1149 2327 1331 2370 ueritati
1359 2342 1449 2370 non
1478 2327 1724 2384 congaudet
1758 2330 1803 2370 et

345 2447 361 2474 1
392 2438 585 2484 Incipiunt
611 2439 781 2485 capitula
807 2438 896 2474 libri
924 2439 983 2475 III
1015 2445 1048 2475 et
1074 2444 1157 2485 post
1189 2439 1351 2485 capitula
1384 2438 1603 2485 Expliciunt
1631 2438 1802 2494 capitula

342 2484 403 2519 CB
422 2498 429 2520 :
457 2485 601 2531 Incipit
618 2485 715 2521 liber
735 2486 801 2523 III.
820 2486 1002 2534 Prologus
1020 2487 1103 2522 CA:
1131 2486 1273 2532 Incipit
1290 2486 1470 2533 prologus
1482 2486 1571 2522 libri
1584 2486 1694 2522 tercii
1711 2486 1802 2522 BM:
1856 2509 1859 2513 ⁸

343 2530 536 2578 Incipiunt
554 2532 723 2579 capitula
741 2533 799 2568 III
824 2533 912 2569 libri
937 2540 970 2570 et
986 2539 1071 2580 post
1093 2536 1254 2579 capitula
1274 2533 1416 2579 Incipit
1439 2533 1620 2580 prologus
1637 2533 1693 2569 III
1711 2532 1802 2570 libri
1865 2538 1870 2582 j'

343 2577 368 2613 S
514 2589 557 2615 10
581 2579 830 2625 hylaritatem
848 2580 876 2616 C
1021 2582 1064 2618 16
1081 2586 1166 2628 post
1181 2580 1377 2627 praeualet
1393 2591 1460 2618 om.
1477 2582 1544 2617 aut
1562 2580 1586 2617 S
1854 2587 1866 2590 ’

389 2691 433 2716 22
459 2683 635 2718 comicus:
661 2695 693 2718 v.
712 2682 795 2719 Ter.
812 2684 961 2719 Hauton
980 2683 1071 2719 Tim.
1088 2682 1112 2720 i.
1131 2693 1160 2720 1.
1178 2691 1236 2727 77.
1389 2693 1434 2728 23
1458 2684 1634 2728 Mayister
1647 2684 1799 2719 celestis:

339 2727 514 2812 {iing-tt.
543 2729 618 2765 xix.
651 2740 714 2777 195
749 2731 865 2768 Marc.
890 2729 959 2767 xii.
986 2741 1042 2776 31.
1184 2739 1226 2777 25
1253 2731 1402 2766 ueritati
1425 2733 1646 2776 conyaudet:
1676 2740 1692 2768 1
1717 2730 1800 2767 Cor.

450 2849 515 2884 170
