1878 3172
466 601 824 659 IOANNIS
902 598 1610 657 SARESBERIENSIS

727 746 1341 804 POLIORATIOVS

507 901 645 944 SIVE
704 901 785 944 DE
845 901 1031 944 NVGIS
1093 899 1433 944 CVRIALIVM
1494 899 1568 942 ET

593 1020 895 1064 VESTIGIIS
955 1020 1476 1086 PHILOSOPHORVM

520 1168 756 1213 INCIPIT
804 1167 1116 1212 PROLOGVS
1167 1167 1551 1212 POLICRA'I'ICI

160 1280 239 1330 385
258 1290 288 1319 a
342 1277 413 1319 DE
454 1276 724 1321 CVRIALIVM
763 1276 917 1321 Nve1s
955 1288 1012 1319 ET
1050 1276 1288 1320 VEs'mens
1328 1276 1725 1321 Pmnosornonvu

361 1374 718 1418 IochDISSIMvs
757 1388 857 1417 cum
891 1373 939 1415 in
973 1373 1138 1423 multis,
1170 1375 1268 1415 tum
1303 1373 1350 1415 in
1385 1388 1437 1416 eo
1469 1374 1663 1417 maxime
1697 1377 1764 1417 est

302 1443 553 1485 litterarum
593 1443 776 1493 fructus,
812 1442 929 1499 quod
969 1442 1167 1484 omnium
1208 1442 1549 1486 interstitiorum
1590 1443 1673 1487 loci
1719 1446 1765 1486 et

303 1512 515 1568 temporis
540 1513 717 1555 exclusa
736 1512 947 1562 molestia,
967 1511 1207 1554 amicorum
1234 1512 1318 1554 sibi
1345 1512 1534 1555 inuicem
1561 1527 1764 1569 praesen—

304 1581 413 1623 tiam
430 1581 652 1631 exhibent,
668 1584 713 1623 et
728 1595 798 1634 res
813 1581 927 1623 scitu
947 1581 1104 1637 dignas
1119 1580 1209 1623 situ
1224 1580 1389 1624 aboleri
1409 1595 1498 1624 non
1516 1582 1763 1639 patiuntur.
1782 1603 1800 1635 5

306 1649 423 1691 Nam
439 1652 483 1691 et
498 1652 616 1692 artes
628 1650 861 1706 perierant,
874 1652 1147 1692 euanuerant
1162 1649 1271 1700 iura,
1283 1650 1386 1693 fidei
1402 1652 1447 1692 et
1461 1650 1601 1693 totius
1616 1651 1763 1708 religi-

305 1718 401 1760 onis
421 1717 561 1760 officia
581 1733 779 1775 quaeque
800 1721 1068 1769 corruerant,
1088 1718 1267 1774 ipseque
1288 1719 1396 1762 recti
1416 1719 1638 1762 defecerat
1657 1734 1763 1763 usus

304 1786 477 1843 eloquii,
497 1787 583 1829 nisi
613 1787 660 1829 in
690 1787 932 1830 remedium
961 1787 1235 1830 infirmitatis
1264 1788 1482 1831 humanae
1511 1788 1763 1832 litterarum

303 1870 434 1898 usum
465 1856 725 1899 mortalibus
761 1857 915 1899 diuina
945 1857 1170 1899 miseratio
1201 1860 1489 1913 procurasset.
1549 1858 1764 1916 Exempla

303 1925 532 1976 maiorum,
545 1940 657 1982 quae
677 1928 782 1968 sunt
805 1925 1093 1971 incitamenta
1108 1928 1153 1968 et
1173 1924 1371 1968 fomenta
1385 1926 1579 1978 uirtutis,
1590 1927 1762 1971 nullum
1783 1946 1824 1972 ιο

303 1995 481 2037 omnino
511 1995 731 2052 erigerent
760 1997 840 2037 aut
868 1998 1107 2045 seruarent,
1131 1995 1218 2037 nisi
1247 1995 1322 2052 pia
1351 1995 1600 2040 sollicitudo
1629 1997 1762 2055 scrip-

303 2066 450 2106 torum
471 2066 516 2106 et
536 2064 857 2125 triumphatrix
873 2064 1059 2106 inertiae
1074 2064 1308 2121 diligentia
1323 2065 1475 2108 eadem
1489 2065 1547 2108 ad
1566 2069 1764 2123 posteros

257 2140 286 2178 b
304 2133 631 2176 transmisisset.
704 2133 933 2189 Siquidem
967 2133 1064 2176 uita
1100 2133 1257 2184 breuis,
1292 2148 1445 2177 sensus
1483 2135 1627 2186 hebes,
1657 2150 1761 2193 neg-

304 2201 512 2258 ligentiac
541 2204 703 2259 torpor,
733 2202 905 2244 inutilis
934 2202 1172 2259 occupatio,
1198 2217 1278 2245 nos
1307 2203 1496 2259 paucula
1523 2203 1634 2246 scire
1662 2218 1762 2261 per-

302 2270 501 2320 mittunt,
540 2274 585 2313 et
631 2271 782 2313 eadem
828 2271 995 2328 iugiter
1033 2271 1204 2314 excutit
1242 2274 1287 2314 et
1326 2272 1481 2315 auellit
1518 2272 1575 2315 ab
1613 2273 1761 2316 animo
1780 2293 1820 2327 15

303 2338 556 2381 fraudatrix
591 2340 810 2390 scientiae,
845 2340 1025 2383 inimica
1056 2343 1102 2383 et
1141 2341 1278 2383 infida
1317 2355 1488 2398 semper
1525 2341 1760 2384 memoriae

303 2422 501 2460 nouerca,
525 2408 701 2452 obliuio.
764 2409 874 2461 Quis
894 2410 1011 2452 enim
1028 2410 1304 2452 Alexandros
1324 2410 1455 2453 sciret
1475 2413 1554 2453 aut
1569 2409 1762 2461 cesares,

305 2476 403 2531 quis
423 2475 592 2518 Stoicos
607 2480 686 2519 aut
707 2477 1019 2534 Peripateticos
1038 2479 1287 2529 miraretur,
1299 2479 1384 2521 nisi
1405 2493 1477 2521 eos
1497 2479 1762 2536 insignirent

303 2544 574 2586 monimenta
589 2546 851 2601 scriptorum
864 2549 883 2588 ’Β
933 2547 1043 2599 Quis
1063 2547 1360 2604 apostolorum
1381 2550 1426 2590 et
1444 2548 1759 2604 prophetarum

304 2613 596 2668 amplexanda
615 2613 866 2658 imitaretur
885 2616 1085 2673 uestigia,
1106 2616 1192 2658 nisi
1213 2630 1285 2658 eos
1309 2616 1560 2673 posteritati
1580 2616 1759 2662 diuinae
1779 2638 1822 2663 πο

305 2759 322 2784 1
350 2747 669 2795 phylosophorum
686 2749 725 2785 Μ
872 2752 913 2787 18
938 2751 1233 2798 peripatheticos
1251 2751 1290 2787 M

414 2823 452 2848 υ
