1878 3172
205 175 334 226 ss4b

308 655 334 685 c

675 171 876 216 IOANN
877 171 936 216 IS
976 171 1485 218 SARESBERIENSIS
1651 169 1759 234 [nm.
1775 176 1807 215 v

347 292 503 337 calculi
542 292 782 346 rationem;
826 295 872 336 et
909 292 1120 336 honorem
1151 291 1350 336 conferre
1382 292 1610 350 insipienti
1641 295 1710 337 est
1741 292 1806 336 rei

347 362 549 420 publicae
581 361 837 405 subuertere
874 361 1028 405 uitam.
1098 361 1158 404 Et
1196 361 1464 419 impossibile
1502 365 1570 406 est
1606 365 1660 406 ut
1697 362 1807 405 alios

348 431 521 474 utiliter
549 434 686 488 regat,
716 445 847 488 quem
875 430 1079 488 proprius
1108 430 1330 474 subuertit
1358 445 1489 475 error.
1558 431 1639 475 Ait
1666 431 1807 475 enim:

349 500 438 543 Vbi
466 514 557 543 non
585 503 653 543 est
680 501 961 558 gubernator,
984 500 1173 557 populus
1202 503 1388 544 corruet.
1465 500 1526 544 Et
1551 501 1681 544 alibi:
1710 501 1807 544 Rex

349 570 562 627 insipiens
581 569 736 626 perdet
761 569 973 627 populum
992 583 1133 620 suum,
1153 572 1199 612 et
1216 569 1421 613 ciuitates
1438 570 1809 613 inhabitabuntur

350 633 676 697 super‘sensum
698 639 995 696 prudentium.
1055 639 1211 682 Omnis
1239 641 1496 696 potentatus
1524 639 1673 683 breuis
1701 639 1809 690 uita,

350 710 538 766 languor
575 708 791 765 prolixior
828 711 990 766 grauat
1027 708 1259 753 medicum.
1327 708 1516 752 Breuem
1553 708 1810 767 languorem

351 778 575 836 praecidet
603 778 825 831 medicus3
854 778 916 822 sic
945 781 991 820 et
1019 792 1099 820 rex
1129 777 1259 821 hodie
1289 780 1357 821 est
1385 781 1431 822 et
1459 792 1556 822 cras
1584 778 1810 821 morietur.

352 847 467 892 Cum
487 847 605 890 enim
631 847 845 890 morietur
870 847 1012 897 homo,
1031 847 1300 890 hereditabit
1324 850 1548 904 serpentes
1575 849 1620 891 et
1648 847 1812 890 bestias

352 919 399 960 et
418 930 601 959 uermes.
645 916 875 972 Numquid
891 930 1052 972 quaeso
1071 930 1286 973 pauperes
1300 915 1612 973 opprimuntur
1625 915 1811 967 iniuriis,

350 988 644 1029 attenuantur
672 985 987 1036 exactionibus,
1012 985 1180 1042 rapinis
1208 985 1527 1042 multiplicibus
1555 985 1814 1042 spoliantur,

351 1054 563 1097 iubentur
596 1054 643 1097 in
678 1069 724 1097 se
758 1068 1015 1097 concurrere
1049 1053 1201 1111 populi
1234 1056 1279 1097 et
1310 1054 1460 1097 orbem
1494 1056 1736 1104 concutere,
1761 1057 1815 1096 ut

351 1124 607 1182 potentibus
626 1124 702 1167 isti
729 1123 964 1167 succedant
989 1123 1201 1167 heredes'l
1258 1122 1343 1166 Isti
1363 1137 1553 1180 namque
1576 1123 1815 1167 succedunt

353 1193 589 1237 omnibus
576 1208 672 1236 lure
691 1207 797 1246 suo;
826 1207 906 1236 nec
925 1192 1202 1235 desideratur
1220 1192 1521 1250 sollempnitas
1546 1192 1814 1245 testamenti,

353 1264 410 1306 ab
442 1263 656 1308 intestato
690 1264 948 1320 emergunt3
997 1261 1108 1304 uelis
1141 1262 1266 1313 nolis,
1295 1262 1376 1305 hos
1406 1262 1590 1306 habebis
1621 1262 1812 1306 heredes.

355 1333 411 1375 In
445 1332 715 1375 secularibus
747 1332 910 1375 litteris
943 1330 1089 1374 fertur
1121 1330 1286 1374 dixisse
1326 1331 1478 1375 Plato.
1523 1331 1710 1374 Perinde
1748 1334 1843 1374 est.

357 1416 458 1445 cum
492 1401 692 1444 subditos
722 1400 934 1457 opprimit
967 1400 1267 1457 magistratus,
1301 1414 1352 1443 ac
1385 1400 1423 1443 si
1457 1403 1592 1457 caput
1623 1401 1817 1457 corporis

313 1475 343 1516 d
358 1471 634 1521 intumescat,
665 1472 718 1513 ut
748 1485 776 1512 a
809 1469 1017 1512 membris
1051 1472 1131 1512 aut
1164 1469 1342 1512 omnino
1375 1471 1456 1512 aut
1489 1470 1583 1525 sine
1617 1469 1818 1512 molestia

358 1539 467 1582 ferri
494 1554 583 1582 non
612 1539 761 1596 possit.
820 1539 949 1582 Hanc
978 1541 1127 1581 autem
1157 1538 1403 1595 passionem
1433 1538 1527 1581 sine
1554 1538 1818 1596 grauissimo

357 1609 505 1651 dolore
523 1608 820 1651 membrorum
849 1607 1029 1651 tolerari
1059 1607 1131 1650 uel
1161 1607 1306 1650 curari
1334 1607 1603 1664 impossibile
1628 1609 1707 1651 est.
1766 1607 1815 1651 Si

356 1691 463 1720 uero
482 1676 739 1719 incurabilis
758 1675 896 1719 fuerit
915 1676 1071 1733 passio,
1084 1676 1145 1719 sic
1164 1676 1316 1719 uiuere
1331 1690 1464 1732 quam
1483 1676 1596 1719 mori
1614 1676 1818 1719 miserius

357 1749 437 1789 est.
497 1745 671 1788 Miseris
690 1747 839 1788 autem
858 1744 995 1788 nichil
1014 1745 1170 1787 utilius
1190 1747 1258 1788 est
1282 1759 1415 1801 quam
1434 1748 1672 1802 utcumque
1691 1745 1819 1788 finire

359 1814 593 1859 miseriam.
652 1814 776 1857 Idem
798 1828 971 1871 quoque
990 1813 1155 1857 dixisse
1174 1814 1362 1872 legitur:
1393 1813 1508 1858 Cum
1534 1814 1582 1857 in
1601 1815 1819 1858 subiectos

360 1886 556 1941 potestas
579 1883 733 1934 saeuit,
752 1883 869 1926 idem
896 1885 965 1926 est
989 1898 1040 1926 ac
1067 1883 1105 1925 si
1130 1885 1256 1926 tutor
1280 1883 1499 1941 pupillum
1517 1886 1818 1941 persequatur,

359 1953 432 1996 uel
467 1967 568 1995 eum
602 1967 682 1995 suo
715 1966 922 1995 mucrone
955 1952 1140 2009 iugules,
1171 1952 1228 1995 ob
1260 1952 1386 1995 cuius
1424 1952 1722 1996 defensionem
1761 1953 1818 1995 ab

361 2022 513 2066 eodem
551 2021 768 2064 traditum
817 2021 901 2064 tibi
949 2021 1148 2079 gladium
1186 2021 1404 2079 accepisti.
1481 2021 1591 2064 Rem
1629 2027 1819 2078 'namque

361 2092 583 2149 publicam
624 2090 715 2134 frui
754 2091 850 2134 iure
888 2090 1047 2148 pupilli
1085 2091 1331 2148 percelebre
1370 2093 1450 2143 est,
1488 2093 1534 2134 et
1572 2105 1669 2134 eam
1714 2093 1821 2134 tunc

363 2162 540 2204 demum
580 2163 697 2203 recte
735 2160 979 2217 procedere,
1008 2174 1109 2203 cum
1147 2162 1282 2217 caput
1319 2160 1414 2203 eius
1452 2174 1499 2203 se
1536 2160 1694 2203 inutile
1729 2174 1821 2203 esse

363 2293 386 2329 8
410 2291 621 2339 praescidet
638 2291 705 2328 SM
838 2301 881 2336 14
904 2289 1150 2337 solempnitas
1165 2290 1217 2328 G:
1243 2290 1463 2338 sollepnitas
1477 2290 1532 2327 A:
1558 2289 1764 2331 solennitas
1779 2289 1820 2326 M

410 2423 434 2457 4
461 2413 529 2448 Vbi
543 2424 616 2448 non
633 2417 683 2448 est
698 2414 793 2449 etc.:
819 2411 925 2448 Prov.
938 2411 989 2447 xi.
1005 2421 1057 2456 14.
1153 2419 1219 2458 4,5
1238 2409 1818 2456 Reaeznsipimetan001113.

364 2460 388 2495 6
412 2470 543 2505 super:
566 2471 635 2505 per
650 2459 762 2505 Vulg.
892 2461 1156 2505 prudentium:
1153 2422 1355 2494 ‘leuvam-&u
1372 2457 1443 2501 Gr,
1459 2459 1660 2504 potentium
1683 2457 1822 2504 Vulgq

364 2506 410 2542 de
427 2506 499 2542 hac
511 2506 721 2543 lectionev.
725 2471 910 2542 gSabatier
925 2507 1021 2542 Bibl.
1037 2507 1135 2542 Sacr.
1159 2507 1254 2542 Vere.
1275 2507 1390 2552 Antiq
1390 2505 1465 2541 ,ad
1484 2504 1554 2541 loc.
1698 2506 1823 2541 Omuae's

362 2559 567 2599 potentatus
591 2555 687 2590 etc.:
714 2552 820 2590 Eccli
849 2554 1244 2598 x.11-1316
1268 2554 1397 2589 Plato·
1423 2551 1497 2588 Vbi
1522 2550 1628 2588 dicta
1650 2551 1822 2588 Platonis

366 2611 463 2645 quae
482 2602 691 2646 sequuntur
705 2600 841 2647 legerit
858 2600 1028 2643 Ioannes,
1043 2599 1165 2636 adhuc
1182 2599 1318 2636 nescio.
1367 2598 1529 2635 Exstant
1542 2597 1659 2635 etiam
1678 2598 1822 2644 (forsan

365 2649 520 2683 auctore
548 2647 699 2693 Nostro)
731 2659 791 2694 ap.
824 2647 966 2693 Burley
998 2649 1041 2682 de
1077 2648 1169 2682 Vitis
1199 2652 1232 2682 et
1262 2648 1425 2682 Moribus
1454 2646 1753 2691 Philosophorum
1786 2657 1822 2682 c.

392 2703 423 2730 2.
567 2705 623 2752 20,
659 2705 700 2731 21
739 2696 781 2731 Si
807 2706 893 2731 uero
921 2695 1135 2730 incurabilis
1166 2695 1261 2731 etc‚·
1297 2693 1346 2731 cf.
1375 2693 1470 2730 Plat.
1496 2694 1600 2739 Leyq.
1632 2692 1685 2729 ix.
1712 2693 1780 2729 862
1795 2701 1822 2728 B

389 2755 407 2776 ν
436 2740 465 2776 δ
494 2740 535 2775 ἂν
560 2740 701 2778 ἇνιατως
723 2742 771 2779 εἷς
793 2744 900 2777 ταῦτα
924 2743 1047 2787 ἔχοντα
1071 2739 1229 2786 αισθηται
1253 2740 1446 2786 νομοθέτης,
1472 2740 1567 2785 δίκην
1589 2739 1743 2775 τούτοισι
1766 2739 1823 2775 καὶ

368 2790 472 2833 νόμον
495 2787 594 2832 θήσει
617 2789 704 2834 τινά,
720 2790 921 2835 γιγνώσκων
935 2803 1002 2824 που
1017 2802 1071 2824 τοι
1073 2802 1090 2824 ς
1104 2802 1156 2823 τοι
1159 2801 1272 2824 ουτοις
1291 2788 1398 2823 πᾶσιν
1413 2787 1458 2824 ὣς
1474 2787 1552 2823 οὔτε
1569 2787 1682 2822 αὐτοῖς
1695 2787 1747 2822 ἔτι
1763 2787 1823 2830 ζῆν

369 2834 506 2878 ἄμεινον
521 2848 540 2869 κ
545 2835 623 2870 mx.
775 2845 818 2881 23
843 2837 966 2871 Idem:
991 2846 1040 2871 sc.
1058 2835 1117 2879 (ut
1133 2834 1296 2888 videtur)
1315 2833 1435 2870 Plato.
1588 2834 1646 2880 26,
1664 2841 1710 2879 27
1733 2834 1822 2870 Rem

366 2892 519 2928 namque
529 2882 714 2926 publicam
731 2884 823 2919 etc.:
849 2894 881 2918 v.
900 2881 989 2919 eod.
1007 2881 1140 2918 lustin.
1158 2880 1208 2918 xi.
1227 2891 1272 2928 30
1289 2879 1307 2928 ἕ
1327 2890 1361 2928 3.

476 2945 543 2988 308

1828 580 1848 614 5

1830 918 1874 952 xo

1833 1278 1875 1313 ι5

1835 1626 1878 1650 20

1837 1967 1878 2003 ²⁵
