1878 3172
100 180 198 214 car.
213 167 284 229 1v]
382 167 387 172 “
621 168 1020 214 POLICRATICV
1021 169 1054 215 S
1572 185 1657 225 392
1675 176 1704 216 d

99 288 345 333 conformes
363 288 411 331 in
430 303 536 332 usus
555 289 774 346 quoslibet
792 289 1142 335 transformaret.
1200 291 1378 334 Graecis
1403 292 1553 348 itaque

99 357 335 415 propinata
367 360 474 400 sunt
506 361 732 415 suspectae
762 373 933 402 uenena
966 359 1210 416 uoluptatis
1222 374 1232 412 ;
1267 361 1343 403 sed
1375 375 1427 403 ea
1454 376 1554 404 cum
1574 371 1656 411 393
1674 372 1705 400 a

99 426 293 484 prudens
322 429 544 484 gustasset
578 427 770 482 Ithacus,
800 427 946 470 noluit
978 428 1139 484 bibere,
1170 443 1227 472 ne
1260 429 1343 472 sub
1377 430 1556 472 domina

99 495 328 538 meretrice
354 495 499 552 turpis
527 498 574 538 et
602 509 753 539 excors
781 496 932 539 uiuere
960 500 1199 554 cogeretur.
1258 498 1423 540 Verum
1453 500 1558 555 quia

31 558 36 563 ’
63 577 83 612 5
99 564 318 621 sapientia
345 579 492 607 rerum
518 565 715 607 omnium
740 565 868 608 nouit
893 579 1034 621 usum,
1053 566 1251 623 prouidit
1276 567 1348 609 uir
1373 567 1556 610 circum-

99 637 287 690 spectus,
326 634 466 676 finitis
503 634 726 677 laboribus
765 637 811 677 et
849 635 1080 691 erroribus,
1118 649 1218 679 cum
1257 650 1358 678 eum
1397 637 1557 693 pudica

101 701 327 759 Penelope,
353 705 399 745 et
427 702 607 746 affectus
635 703 912 747 Thelemachi
937 718 1027 746 non
1053 708 1308 761 agnosceret
1332 709 1555 748 reuerten-

99 773 191 814 tem
194 771 433 827 ,quomodo
447 771 639 829 dampna
650 773 863 815 sociorum
866 787 1000 830 ,quos
1010 773 1128 816 tanti
1140 774 1263 816 exilii
1277 774 1556 831 dispendium

101 839 279 895 tulerat,
319 840 525 883 Graeciae
564 844 876 898 compensaret.
948 842 1223 885 Admiranda
1260 842 1409 886 fuerat
1448 843 1557 886 fides

44 922 86 948 10
103 909 237 964 canis,
256 908 328 952 cui
354 909 475 951 soli
462 925 510 951 ιιι
536 913 664 952 tanta
690 909 862 953 familia
890 925 970 954 nec
995 911 1158 968 uiginti
1183 926 1399 954 annorum
1419 913 1556 955 curri-

101 977 201 1020 cula
228 978 483 1020 memoriam
513 978 691 1034 domini,
712 979 820 1035 quin
851 980 1053 1022 redeunti
1082 980 1381 1037 applauderet,
1407 981 1556 1023 abstu-

101 1045 261 1101 lerunt,
280 1047 367 1089 nisi
385 1047 440 1089 de
459 1043 589 1090 lau'de
608 1048 702 1091 eius
721 1048 902 1092 canibus
921 1051 1182 1092 uenatorum
1202 1049 1348 1106 gratia
1371 1050 1558 1092 ulterius

101 1115 348 1160 resultaret.
406 1115 524 1159 Noui
553 1119 703 1159 tamen
729 1117 865 1160 studii
889 1117 1227 1161 Thelemachum
1254 1133 1382 1160 suum
1406 1118 1557 1161 uiuere

45 1237 50 1241 ι
101 1184 324 1241 praecepit
361 1188 598 1241 expertem,
637 1185 725 1228 illis
768 1186 872 1229 solis
915 1186 1063 1230 dicens
1106 1186 1242 1229 allata
1285 1201 1377 1229 esse
1415 1201 1556 1230 nouae

46 1266 86 1301 15
102 1252 346 1310 uoluptatis
383 1254 552 1309 solatia,
597 1254 673 1311 qui
716 1255 887 1297 amissis
935 1255 1192 1312 parentibus
1231 1256 1409 1298 Troiani
1451 1255 1555 1298 belli
1571 1260 1601 1297 b

102 1321 295 1379 dampna
314 1323 541 1366 sentirent.
598 1323 726 1366 Vnde
751 1327 797 1366 et
822 1327 963 1366 artem
989 1324 1309 1367 infructuosam
1336 1339 1427 1367 esse
1456 1339 1556 1367 con—

103 1390 199 1445 icio,
229 1405 360 1447 quam
391 1391 449 1434 ab
482 1392 612 1435 unico
642 1392 734 1436 filio
768 1395 922 1435 tantus
953 1393 1025 1435 uir
1062 1393 1236 1436 studuit
1275 1396 1560 1449 sequestrare.

105 1458 234 1512 Quod
266 1460 339 1502 uel
370 1475 427 1503 ex
463 1475 514 1503 eo
548 1476 719 1504 mecum
747 1462 944 1516 conicies,
975 1462 1092 1519 quod
1121 1462 1313 1504 deterior
1346 1477 1477 1504 sexus
1511 1463 1560 1504 in

104 1529 257 1572 auium
295 1530 530 1573 uenatione
572 1531 718 1588 potior
758 1534 836 1574 est.
916 1531 971 1573 In
1011 1546 1098 1588 quo
1140 1534 1315 1587 poteras
1353 1533 1560 1573 naturam

0 1623 2 1626 -
45 1614 90 1639 ιο
106 1611 302 1654 arguere,
330 1598 416 1641 nisi
445 1613 594 1642 nomes
625 1600 730 1656 quia
760 1600 979 1643 deteriora
1012 1615 1183 1656 semper
1215 1599 1422 1657 proniora
1455 1604 1562 1642 sunt

106 1665 164 1709 ad
192 1667 405 1723 rapinam.
463 1668 621 1720 Inanis
639 1669 802 1712 etenim
827 1672 895 1712 est
921 1672 967 1712 et
995 1669 1231 1712 admodum
1258 1669 1487 1723 laboriosa,
1515 1673 1561 1712 et

106 1747 219 1792 quae
252 1735 444 1793 dampna
474 1741 744 1795 sumptuum,
778 1752 1019 1795 numquam
1052 1753 1328 1781 successuum
1363 1738 1559 1780 utilitate

104 1808 366 1860 compenset.
434 1805 557 1849 Licet
591 1807 771 1863 plurimi
805 1808 1085 1850 uenationem
1116 1810 1359 1861 exerceant,
1391 1810 1443 1848 ut
1476 1807 1560 1848 sub

105 1886 156 1915 eo
175 1876 410 1929 praetextu
429 1877 632 1932 sumptus
651 1875 819 1918 faciant
836 1876 1065 1932 parciores,
1080 1876 1199 1918 domi
1215 1875 1370 1930 rarius,
1385 1876 1559 1932 saepius

46 1955 88 1990 ²⁵
104 1941 154 1983 in
185 1957 337 1985 mensa
366 1943 521 1999 aliena,
556 1944 886 1988 multitudinem
921 1946 1080 1999 uitant,
1110 1945 1217 1986 dum
1251 1945 1385 1987 siluas
1419 1945 1560 1987 saltus

105 2009 312 2066 lacusque
333 2012 618 2068 circumeunt,
637 2014 795 2069 pannis
815 2014 962 2056 induti
981 2012 1223 2062 uilioribus,
1243 2012 1559 2068 frugalioribus

105 2079 301 2121 contenti
339 2079 460 2134 cibis,
498 2080 604 2122 dum
643 2085 863 2124 consortes
902 2084 947 2124 et
986 2081 1186 2131 famulos,
1220 2095 1328 2136 quos
1366 2084 1560 2123 macerat

106 2146 369 2190 ieiuniorum
395 2148 554 2203 inedia,
573 2152 619 2191 et
643 2152 864 2192 tormenta
888 2149 1106 2191 nuditatis
1132 2149 1345 2204 affligunt,
1366 2163 1559 2205 quosque
1578 2166 1603 2196 c.

105 2215 230 2259 labor
248 2217 562 2260 immoderatus
586 2218 804 2268 exhaurit,
819 2218 1061 2274 uoluptatis
1080 2220 1160 2259 aut
1178 2217 1327 2274 potius
1346 2217 1559 2261 uanitatis

107 2368 129 2395 2
152 2368 303 2395 uenena
319 2361 489 2405 suspecte
505 2358 538 2394 A
734 2369 754 2403 3
780 2358 930 2394 itaehus
946 2357 1067 2394 CBAS
1107 2334 1112 2340 ι
1264 2366 1285 2399 7
1309 2357 1510 2394 thelemaci
1526 2358 1560 2393 A

107 2406 129 2441 8
153 2405 294 2441 damna
311 2405 335 2441 S
507 2416 546 2442 11
574 2405 798 2442 abstulerint
814 2405 853 2440 M
1025 2415 1066 2441 12
1093 2404 1171 2441 eius
1187 2405 1298 2441 laude
1316 2405 1356 2440 M
1517 2415 1559 2450 13

105 2452 359 2489 thelemacum
383 2453 415 2488 A
559 2455 601 2489 16
625 2453 764 2488 damna
791 2451 815 2487 S
957 2462 997 2487 21
1021 2457 1103 2497 post
1130 2451 1315 2488 laboriosa
1336 2454 1439 2488 addit
1462 2454 1503 2487 in
1527 2453 1562 2487 A

107 2511 222 2544 mam.
238 2512 370 2536 manus
391 2502 562 2536 recentior
578 2500 715 2545 rapina
734 2500 840 2547 (quod
862 2503 894 2534 et
914 2500 1017 2534 habet
1041 2500 1122 2535 edit.
1141 2500 1278 2545 princ.)
1304 2501 1346 2535 in
1364 2501 1401 2535 S.
1440 2506 1561 2535 autem

106 2557 136 2582 s
151 2546 304 2583 uenatio
446 2558 491 2583 22
516 2547 656 2583 damna
673 2546 696 2582 S

156 2686 228 2722 2,3
253 2689 333 2712 cum
352 2680 516 2723 prudens
536 2683 709 2723 gustasset
730 2678 822 2713 etc.·
853 2675 901 2712 cf.
926 2675 1064 2712 Matth.
1088 2675 1201 2713 xxvii.
1223 2686 1270 2721 34
1291 2688 1370 2712 cum
1386 2682 1561 2720 yustasset

108 2724 226 2758 noluit
241 2724 365 2760 bibere.
459 2736 482 2771 9
497 2727 727 2761 Admiranda
738 2726 830 2760 etc-z
849 2735 881 2758 v.
896 2722 1066 2758 Solinum
1080 2723 1209 2769 (quem
1221 2722 1346 2760 citant
1356 2723 1412 2759 SP
1425 2724 1561 2770 marg.)

114 2778 155 2816 15
175 2771 194 2814 §
215 2780 247 2815 9.
298 2770 481 2808 Fabulam
497 2772 544 2809 de
559 2771 681 2808 Vlixis
697 2782 788 2808 cane
806 2772 936 2807 narrat
952 2769 1125 2817 Hyginus
1138 2771 1230 2807 Fab.
1247 2779 1303 2816 37.

171 2857 253 2876 wana
824 2847 850 2874 E
1415 2852 1430 2874 2
1437 2851 1454 2883 5
