1878 3172
16 135 17 138 ¹
90 181 190 215 eu».
203 168 277 231 π]
596 169 1029 214 PomcRA'ncvs

91 289 243 346 populi
262 289 320 332 ab
337 289 531 332 humeris
550 302 724 332 sursum
747 287 1099 344 supereminebat
1124 287 1378 330 uniuersum
1404 300 1541 344 popu-

93 358 197 401 lum.
256 358 413 411 Quare,
433 372 604 415 quaeso,
622 357 709 400 nisi
736 357 841 414 quia
866 371 996 413 quem
1022 359 1196 412 oportet
1214 370 1413 412 praeesse
1432 355 1542 405 aliis,

68 456 73 460 -
92 430 267 484 pectore
285 427 416 470 debet
441 430 487 470 et
512 441 587 469 ore
611 425 858 483 prominere
882 428 936 468 ut
964 425 1090 481 quasi
1118 425 1332 467 bonorum
1360 438 1541 481 operum

93 495 212 539 ulnis
229 496 368 538 totius
393 495 546 553 populi
573 494 854 538 latitudinem
883 493 1126 550 amplexari
1152 493 1300 535 ualeat
1326 496 1371 536 et
1397 495 1542 550 prote·

54 583 74 617 5
93 579 196 621 gere
234 567 461 621 tamquam
506 564 675 607 doctior
719 563 911 606 sanctior
949 562 1301 618 circumspectior
1339 564 1385 604 et
1422 561 1542 604 omni

93 633 263 675 uirtute
295 633 619 689 praestantior?
688 631 809 674 Dicit
842 631 959 674 enim
991 630 1207 672 Dominus
1245 630 1302 672 ad
1332 630 1542 687 Moysen:

1557 179 1692 221 ⁵⁴9²

94 701 282 744 Assume
315 701 372 744 ad
400 701 680 757 temetipsum
710 700 856 743 Iesum
885 699 1026 741 filium
1056 698 1195 749 Naue,
1215 699 1436 742 hominem
1465 699 1542 755 qui
1557 700 1588 739 b

93 769 229 812 habet
258 769 475 826 Spiritum
504 769 587 812 Dei
615 769 663 811 in
691 768 935 825 semetipso,
958 771 1005 810 et
1032 767 1229 823 impones
1256 781 1413 810 manus
1441 769 1543 810 tuas

94 851 226 894 super
243 852 344 880 eum
363 841 410 880 et
428 841 595 880 statues
614 851 759 880 coram
781 836 987 879 Eleazaro
1006 835 1228 878 sacerdote
1248 838 1293 878 et
1312 838 1545 892 praecepta

35 924 77 949 10
95 906 135 949 ei
161 906 267 948 dato
293 906 341 948 in
369 910 602 963 conspectu
629 905 767 948 totius
794 919 1044 962 synagogae
1070 907 1115 947 et
1137 904 1338 961 praecipe
1366 904 1421 947 de
1449 904 1545 961 ipso

93 988 241 1018 coram
271 975 333 1018 eis
353 978 399 1018 et
428 975 554 1018 dabis
579 974 826 1018 claritatem
850 977 973 1016 tuam
993 987 1124 1029 super
1142 973 1268 1015 illum
1288 976 1342 1016 ut
1361 973 1546 1016 audiant

93 1043 220 1085 illum
248 1039 504 1086 filii'Israel.
561 1042 703 1085 Audis
731 1041 959 1084 euidenter
986 1041 1307 1084 ordinationem
1334 1041 1545 1098 principis

94 1111 247 1169 populi
271 1115 365 1154 tam
390 1110 623 1154 manifeste
650 1110 913 1167 descriptam
938 1113 992 1152 ut
1019 1124 1130 1166 pene
1156 1109 1427 1165 expositione
1455 1125 1544 1153 non

97 1183 237 1238 egeat.
294 1180 344 1223 Si
364 1194 460 1223 eam
479 1183 629 1222 tamen
648 1179 926 1222 manifestius
945 1178 1130 1235 quaeris,
1150 1193 1245 1220 eam
1265 1178 1348 1221 tibi
1367 1182 1544 1222 auctore

9 1256 79 1308 2¹⁵
97 1248 298 1299 Domino,
327 1263 406 1292 suo
432 1249 526 1291 loco
552 1251 598 1291 et
626 1251 821 1304 tempore
849 1262 948 1290 cum
977 1247 1258 1303 praeceperis,
1287 1247 1544 1303 explanabo,

10 1323 20 1331 '
96 1317 288 1360 adiciens
342 1317 700 1360 indumentorum
755 1319 801 1359 et
849 1315 1123 1372 quorundam
1174 1319 1544 1358 sacramentorum

96 1386 450 1443 significationes.
509 1385 596 1428 Hic
626 1387 774 1427 autem
805 1384 935 1440 plane
968 1383 1091 1425 nulla
1122 1386 1189 1426 est
1222 1384 1373 1440 populi
1406 1384 1544 1427 accla-

97 1454 247 1505 matio,
284 1454 408 1497 nulla
446 1453 842 1511 consanguinitatis
880 1453 1005 1502 ratio,
1040 1452 1163 1494 nulla
1202 1452 1544 1508 propinquitatis

98 1523 252 1565 habita
276 1522 587 1579 contemplatio
613 1524 690 1564 est.
748 1521 925 1563 Mortuo
945 1520 1159 1577 Salphaat
1180 1520 1296 1563 filiae
1315 1523 1543 1577 paternam

38 1602 83 1626 ²0
97 1592 216 1648 apud
249 1591 433 1647 Moysen
465 1590 702 1634 uendicant
740 1589 1040 1632 hereditatem.
1098 1588 1360 1631 Petitionem
1394 1604 1545 1632 earum

9 1658 11 1660 ’
97 1659 260 1702 iustam
285 1674 377 1702 esse
403 1659 524 1702 Deus
549 1659 643 1715 ipse
668 1661 882 1710 testatur3
920 1657 1177 1714 propinquis
1203 1672 1391 1714 namque
1418 1673 1545 1716 agro·

96 1741 195 1770 rum
210 1731 256 1770 et
274 1728 551 1784 praediorum
571 1728 790 1770 hereditas
805 1726 1090 1783 relinquenda
1105 1729 1171 1768 est
1185 1728 1230 1768 et
1241 1727 1546 1783 utplurimum

1562 1533 1587 1562 c

19 1826 21 1828 -
97 1796 332 1839 actionum.
391 1795 663 1838 Gubernatio
683 1809 788 1837 uero
811 1794 961 1851 populi
988 1794 1054 1835 illi
1077 1794 1293 1836 tradenda
1319 1799 1397 1847 est,
1416 1810 1545 1852 quem
1599 1836 1606 1845 ,

99 1864 220 1907 Deus
238 1864 429 1920 elegerit,
449 1863 616 1906 homini
635 1863 799 1905 scilicet
818 1862 899 1904 tali
919 1862 995 1918 qui
1014 1862 1148 1904 habet
1163 1862 1379 1918 Spiritum
1395 1863 1477 1906 Dei
1498 1864 1546 1905 in

40 1944 83 1976 ²5
100 1947 146 1976 se
166 1935 212 1975 et
229 1935 461 1989 praecepta
480 1931 563 1974 Dei
584 1931 631 1972 in
650 1934 882 1987 conspectu
909 1931 1002 1972 eius
1021 1932 1136 1982 sunt,
1156 1930 1232 1985 qui
1253 1931 1397 1987 Moysi
1417 1931 1546 1974 ualde

98 2004 231 2044 notus
259 2001 319 2043 sit
348 2003 393 2043 et
422 2000 664 2049 familiaris,
693 1999 739 2040 id
769 2002 846 2048 est,
874 1999 922 2040 in
952 2013 1038 2054 quo
1067 1999 1126 2040 sit
1154 1998 1331 2040 claritas
1363 2000 1472 2056 legis
1501 2004 1546 2042 et

98 2069 293 2119 scientia,
326 2071 379 2111 ut
411 2068 581 2125 possint
620 2082 720 2110 eum
759 2067 910 2108 audire
945 2066 1026 2107 filii
1060 2066 1210 2108 Israel.
1271 2067 1364 2109 Nec
1397 2071 1546 2110 tamen

98 2137 270 2180 licitum
290 2139 357 2179 est
377 2136 530 2178 fauore
552 2149 766 2177 nouorum
793 2134 990 2176 recedere
1010 2149 1037 2175 a
1062 2134 1274 2190 sanguine
1298 2135 1544 2191 principum

99 2205 260 2261 quibus
278 2203 511 2260 priuilegio
530 2203 707 2245 diuinae
733 2201 1031 2258 promissionis
1051 2205 1096 2243 et
1115 2201 1209 2243 iure
1227 2202 1399 2257 generis
1418 2203 1545 2245 debe-

102 2317 148 2344 10
169 2306 348 2352 sinagoge
364 2304 420 2340 A:
446 2305 646 2351 sinagogae
663 2302 688 2339 S

149 2413 171 2438 2
194 2405 282 2456 qaia
296 2414 397 2448 quem
412 2405 547 2446 oportet
562 2402 632 2454 etc.
648 2410 657 2435 :
684 2411 716 2452 y.
733 2398 835 2445 Orig.
854 2400 958 2452 Honj.
983 2400 1026 2433 in
1045 2399 1124 2434 Lev.
1146 2400 1221 2451 viii:
1235 2410 1268 2443 4,
1288 2407 1306 2445 5
1324 2399 1364 2435 in
1382 2400 1547 2438 versione

102 2448 242 2485 Ruffim
258 2460 354 2494 quae
372 2448 472 2501 apud
485 2447 600 2484 medn
617 2458 698 2482 aevi
711 2449 879 2482 auctores
892 2446 1119 2498 Hieronymo
1131 2445 1316 2481 attributa
1330 2449 1385 2482 est
1401 2447 1547 2501 (Migne

101 2498 202 2589 {⁰5}
212 2493 726 2588 ffibssssgfffflqssssssfm
743 2491 1196 2575 ¹⁰⁰¹¹3¹²1322323535¹3321¹5
1212 2494 1547 2587 &effigi-{1323

102 2590 211 2625 Num.
226 2591 341 2625 xxvii.
362 2591 402 2624 18
418 2600 505 2634 seqq.
523 2587 564 2621 in
580 2598 669 2623 vers.
681 2585 824 2639 ‘Ruffini
842 2585 986 2632 (Migne
1002 2587 1245 2639 Pata-Graec.
1261 2586 1325 2622 xii.
1345 2596 1423 2632 744,
1442 2593 1547 2635 745);

103 2636 266 2673 eundem
300 2635 423 2670 locum
454 2635 550 2671 citat
583 2633 786 2669 Gratianus
817 2634 953 2685 Deqfec.
990 2631 1038 2667 11.
1075 2643 1149 2667 vm.
1182 2642 1211 2668 1.
1240 2644 1271 2669 c.
1305 2635 1358 2670 16.
1506 2646 1548 2679 19

103 2684 245 2718 Mortuo
269 2683 445 2727 Salphaat
476 2683 571 2717 etc:
602 2692 634 2715 v.
663 2679 772 2715 Num.
803 2690 912 2714 xxvu.
945 2680 1021 2732 156.
1197 2690 1241 2725 23
1265 2683 1465 2718 actionum:
1497 2694 1546 2718 sc.

104 2728 651 2810 ffinemaciplificomffffiv'
677 2725 782 2761 Fore.
804 2725 1010 2808 edctqe-tvm
1034 2737 1061 2762 s.
1074 2737 1106 2762 v.
1126 2728 1217 2762 actio
1243 2737 1288 2773 53
1319 2729 1419 2765 nes.
1442 2730 1549 2775 Liny.

177 2786 271 2810 .s.v.
344 2786 379 2810 w
417 2784 491 2817 ‚25
550 2785 575 2809 u
619 2784 844 2819 anges.v.a
881 2783 913 2808 w
954 2799 962 2808 .

1380 2854 1443 2889 ²99
