1878 3172
191 180 276 220 549
297 179 323 210 c
591 181 594 183 ·
623 134 625 137 ⁵
666 165 928 211 10ANN1s
967 165 1481 210 SARESBERIENsis
1643 164 1755 226 [m.
1771 177 1802 210 v

341 290 418 330 tur
451 287 663 331 successio
702 287 952 339 liberorum,
986 286 1025 329 si
1064 289 1214 329 tamen
1256 286 1325 344 (ut
1359 286 1678 344 praescriptum
1717 285 1802 344 est)

295 361 325 401 d
342 356 669 399 ambulauerint
690 356 737 398 in
757 355 942 398 iustitiis
962 355 1153 398 Domini.
1213 354 1262 398 Si
1289 370 1395 398 uero
1422 370 1450 398 a
1475 355 1552 398 uia
1579 355 1803 413 paulisper

341 425 618 477 defluxerint,
653 441 742 468 non
777 425 930 468 statim
964 439 1278 481 usquequaque
1311 424 1573 476 deiciuntur,
1607 424 1684 468 sed
1722 439 1803 482 pa-

339 496 504 539 tienter
548 494 788 551 corripitur
835 493 1070 545 iniustitia,
1109 494 1245 537 donec
1285 494 1366 536 fiat
1407 493 1689 551 conspicuum
1729 508 1802 537 eos

339 564 585 622 pertinaces
615 579 707 607 esse
734 564 781 606 in
807 563 935 606 malo.
994 563 1150 620 Neque
1177 563 1296 606 enim
1323 563 1519 606 Roboam
1543 563 1696 606 statim
1724 578 1800 606 ex·
1821 575 1840 608 5

339 648 492 677 cussus
519 636 586 676 est
610 648 637 676 a
660 633 769 677 solio
795 632 947 690 patris,
967 647 1023 675 ex
1053 647 1151 689 qu0,
1170 632 1392 675 seniorum
1421 634 1672 689 contempto
1701 646 1803 675 con-

340 702 450 753 silio,
480 702 660 745 recessit
701 717 728 745 a
766 702 842 744 uia
883 701 1142 752 Salomonis,
1177 715 1288 744 onus
1331 700 1611 759 importabile
1649 701 1803 744 uolens

339 771 564 828 imponere
585 772 632 814 in
654 771 850 814 humeris
878 770 1070 813 filiorum
1091 770 1241 813 Israel.
1301 770 1618 814 Verumtamen
1641 770 1802 814 cissum

340 842 407 883 est
434 855 619 898 regnum
647 841 753 890 eius,
774 840 1078 883 recedentibus
1108 840 1257 882 decem
1286 839 1493 883 tribubus
1521 842 1622 896 post
1645 839 1802 882 Hiero-

340 910 470 952 boam
509 924 687 952 seruum
728 909 985 959 Salomonis,
1018 908 1288 965 fueruntque
1325 923 1463 967 regna
1501 909 1657 960 diuisa,
1696 909 1802 952 dum
1823 924 1865 947 ιο

341 994 526 1036 regnum
546 978 705 1021 habuit
727 978 841 1021 Iuda
860 978 932 1021 uel
953 978 1102 1021 Israel.
1162 978 1311 1021 Sensit
1330 993 1435 1035 ergo
1454 978 1508 1021 de
1528 978 1804 1021 contumacia

341 1062 512 1104 penam,
532 1048 586 1090 de
606 1048 753 1105 gratia
772 1047 856 1090 Dei
877 1050 922 1090 et
941 1047 1175 1104 priuilegio
1199 1047 1429 1105 sanguinis
1448 1047 1802 1100 misericordiam,

341 1118 394 1159 ut
414 1131 494 1159 rex
518 1117 696 1173 quidem
721 1119 921 1160 maneret
950 1116 1026 1159 sed
1055 1131 1218 1174 magna
1247 1117 1373 1174 regni
1401 1120 1528 1174 parte
1557 1116 1801 1159 mutilatus.

342 1185 469 1228 Vnde
503 1187 585 1229 hoc
619 1186 717 1228 illi?
787 1185 903 1239 Quia
937 1185 1171 1228 adheserat
1209 1185 1402 1229 consiliis
1441 1185 1664 1238 iuuenum,
1699 1200 1800 1229 con-

194 1262 275 1301 550
296 1261 325 1291 a
341 1255 572 1311 tempnens
596 1255 693 1298 uias
718 1257 763 1298 et
789 1257 1022 1311 praecepta
1048 1254 1322 1311 prudentiae.
1380 1254 1655 1312 Im130ssibile
1684 1255 1802 1298 enim
1822 1268 1863 1302 15

343 1326 410 1367 est
430 1326 482 1367 ut
502 1324 739 1367 salubriter
765 1324 971 1381 disponat
995 1324 1293 1381 principatum
1320 1324 1397 1381 qui
1423 1338 1514 1367 non
1532 1324 1683 1381 agitur
1701 1339 1803 1367 con·
1835 1369 1840 1373 ,

343 1393 443 1436 silio
472 1393 735 1450 sapientum.
795 1393 872 1445 Ve,
899 1392 1057 1449 inquit,
1083 1395 1227 1435 terrae
1256 1392 1380 1435 cuius
1410 1407 1490 1435 rex
1519 1407 1630 1449 puer
1658 1394 1726 1435 est
1758 1395 1804 1435 et

343 1461 468 1504 cuius
501 1461 739 1504 consiliarii
773 1475 902 1503 mane
940 1461 1201 1512 comedunt;
1240 1461 1371 1503 beata
1400 1462 1521 1504 terra
1557 1461 1683 1505 cuius
1723 1476 1803 1504 rex

344 1530 504 1572 nobilis
540 1533 607 1572 est
642 1532 687 1572 et
720 1530 845 1572 cuius
875 1529 1095 1586 principes
1132 1531 1373 1572 uescuntur
1406 1532 1602 1586 tempore
1631 1544 1711 1573 suo
1743 1531 1800 1573 ad

344 1597 628 1641 refectionem
657 1613 747 1640 non
776 1598 833 1640 ad
862 1597 1112 1649 luxuriam3
1152 1597 1214 1639 ibi
1252 1597 1415 1640 etenim
1450 1598 1668 1655 sapientia
1709 1614 1802 1642 esse
1822 1613 1864 1635 20

343 1682 432 1710 non
452 1658 609 1724 petest.
670 1667 787 1710 Hinc
808 1669 986 1710 sanctus
1006 1666 1112 1709 Iob:
1142 1666 1371 1723 Sapientia
1390 1666 1468 1709 ubi
1495 1667 1734 1720 inuenitur,
1756 1672 1802 1712 et

345 1736 444 1792 quis
474 1738 541 1778 est
569 1735 689 1778 locus
718 1735 1070 1792 intelligentiae}
1130 1734 1284 1777 Nescit
1313 1736 1444 1778 homo
1472 1737 1665 1793 pretium
1696 1737 1804 1790 eius,

345 1819 424 1848 nec
444 1804 673 1847 inuenitur
690 1805 739 1846 in
758 1807 879 1847 terra
898 1804 1096 1847 suauiter
1114 1804 1375 1847 uiuentium.
1421 1805 1526 1848 Non
1540 1806 1804 1862 aequabitur

344 1874 385 1917 ei
405 1874 650 1916 labentium
671 1873 917 1930 quicquam,
936 1873 1133 1916 trahitur
1153 1873 1270 1916 enim
1297 1874 1515 1930 sapientia
1534 1874 1589 1918 de
1608 1876 1802 1920 occultis.

345 1942 495 1999 Longe
521 1942 677 1984 utilius
706 1942 887 1984 iuuenes
917 1941 1191 1998 reppulisset‚
1211 1942 1495 1999 adquiescens
1523 1945 1704 1988 consilio
1733 1960 1800 1988 se·
1823 1960 1865 1995 ²⁵

345 2010 533 2062 niorum,
559 2010 701 2053 uitam
731 2010 850 2053 beati
880 2010 962 2053 Iob
985 2011 1152 2053 habens
1182 2011 1395 2068 regnandi
1425 2010 1626 2055 formam.
1684 2014 1804 2057 Audi

298 2081 327 2120 b
347 2094 451 2137 ergo
475 2079 582 2136 quid
606 2079 661 2122 de
688 2094 734 2122 se
761 2078 980 2121 fateatur:
1018 2079 1204 2132 Quando
1230 2080 1516 2137 procedebam
1543 2081 1601 2124 ad
1630 2085 1804 2139 portam

346 2148 543 2191 ciuitatis
563 2151 608 2190 et
635 2148 683 2190 in
707 2148 854 2204 platea
880 2148 1134 2190 cathedram
1161 2148 1380 2205 parabant
1406 2149 1563 2202 michi;
1593 2150 1806 2194 uidebant

345 2232 416 2260 me
436 2217 617 2260 iuuenes
638 2220 683 2260 et
703 2217 1094 2267 abscondebantur,
1107 2220 1153 2260 et
1171 2232 1295 2260 senes
1315 2221 1594 2275 assurgentes
1609 2219 1805 2273 stabant3
1840 2219 1844 2222 ⁴

346 2287 565 2343 principes
585 2287 817 2329 cessabant
836 2286 956 2342 loqui
977 2288 1023 2328 et
1042 2287 1397 2343 superponebant
1416 2286 1607 2344 digitum
1622 2288 1688 2331 ori
1708 2304 1787 2332 suo
1794 2304 1805 2342 3
1823 2307 1866 2340 30

347 2368 498 2398 uocem
526 2370 651 2398 suam
672 2355 936 2398 cohibebant
955 2355 1097 2405 duces,
1118 2358 1162 2398 et
1189 2355 1342 2412 lingua
1362 2370 1511 2398 eorum
1531 2358 1705 2414 gutturi
1726 2373 1806 2402 suo

348 2425 602 2468 adherebat.
662 2424 797 2467 Auris
815 2424 999 2467 audiens
1019 2424 1299 2467 beatificabat
1319 2439 1400 2477 me,
1413 2428 1459 2468 et
1479 2426 1629 2469 oculus
1648 2427 1805 2471 uidens

348 2526 369 2560 3
395 2515 617 2552 deflexerint
635 2515 701 2551 SM
858 2516 881 2552 6
899 2521 982 2561 post
1025 2516 1117 2552 atris
1133 2518 1215 2552 add.
1233 2515 1298 2552 sed
1315 2515 1346 2551 B
1513 2518 1534 2553 8
1559 2517 1714 2555 scissum
1731 2519 1805 2555 AM

347 2573 371 2607 9
390 2573 427 2597 x.
447 2562 493 2598 S:
520 2568 561 2598 xc
563 2569 609 2587 0¹2¹
628 2563 666 2597 M
809 2573 855 2599 20
881 2562 982 2598 enim
1181 2573 1227 2608 30
1251 2563 1513 2609 supponebant
1530 2564 1571 2600 M

399 2640 416 2676 5
442 2633 621 2667 Roboam:
648 2645 680 2668 v.
698 2644 718 2678 3
736 2633 827 2680 Reg.
845 2632 909 2668 xii.
1076 2642 1116 2678 17
1148 2635 1195 2669 Ve
1211 2639 1327 2669 terrae
1344 2635 1435 2669 etc.·
1462 2632 1802 2680 Eccles.x.16‚17.

349 2688 395 2714 20
419 2679 492 2714 ibi:
531 2691 578 2715 sc.
607 2679 648 2715 in
676 2691 791 2727 regno
825 2679 889 2715 ubi
903 2680 1100 2733 princeps
1132 2680 1288 2717 consilio
1317 2679 1531 2726 sapientum
1556 2694 1633 2718 non
1666 2682 1806 2729 agitur.

349 2735 388 2760 21
418 2727 606 2770 Sapientia
621 2729 715 2763 ete:
742 2727 808 2763 Iob
826 2726 953 2762 xxvili.
981 2738 1033 2770 12,
1056 2738 1106 2773 13.
1250 2738 1295 2773 23
1320 2729 1402 2763 Non
1419 2730 1633 2775 aequabitur
1647 2732 1742 2765 etc.:

349 2771 414 2807 Iob
429 2771 624 2819 xxviii.17,
641 2784 694 2820 19.
779 2784 824 2818 24
841 2776 1002 2810 trahitur
1017 2776 1109 2811 etc.:
1137 2773 1203 2810 Iob
1217 2774 1341 2810 xxviii.
1357 2775 1410 2810 18.
1506 2784 1548 2821 25
1569 2779 1802 2822 reppulisset‚

347 2830 396 2855 sc.
414 2819 591 2856 Roboam.
746 2830 789 2865 27
814 2823 964 2865 Quando
974 2823 1206 2867 procedebam
1222 2823 1319 2859 etc:
1346 2821 1413 2858 Iob
1429 2822 1531 2859 xxix.
1550 2832 1653 2870 7-22,
1671 2834 1726 2869 24,
1747 2833 1802 2871 25.

458 2883 523 2914 300
