1878 3172
190 171 276 220 467
296 167 327 209 <1
671 165 934 210 IOANNIS
976 162 1491 208 SARESBERIENSIS
1639 161 1751 223 [ΠΒ.
1767 173 1808 207 11

343 288 474 331 Dixit
522 302 627 345 ergo
677 288 861 331 mulier:
918 288 1060 341 Quem
1113 287 1334 330 suscitabo
1382 287 1499 330 tibi?
1577 286 1664 340 Qui
1713 286 1808 328 ait:

343 356 605 400 Samuelem.
684 358 895 401 Omnium
943 360 1193 414 temporum
1240 371 1330 399 una
1379 360 1447 400 est
1497 357 1618 408 fides,
1664 356 1809 400 Deum

343 441 437 469 esse
467 427 741 484 eundemque
770 428 938 470 iustum
969 430 1014 470 et
1038 427 1203 470 bonum
1234 430 1280 470 et
1308 430 1682 470 remuneratorem
1714 440 1809 483 spe-

344 496 541 538 rantium
561 496 608 538 in
633 511 689 547 se,
711 497 907 540 omnium
935 497 1063 553 plene
1089 497 1260 539 meritis
1285 496 1632 554 respondentem.
1691 495 1810 538 Ante

345 563 499 622 legem,
526 566 609 608 sub
638 566 746 622 lege,
770 566 853 609 sub
883 566 1041 622 gratia,
1071 566 1237 608 nemini
1266 569 1436 610 rectum
1467 565 1657 623 sapienti
1686 564 1812 608 uenit
1828 575 1847 608 5

193 635 280 684 468
300 645 330 675 a
347 634 468 677 istud
511 635 558 677 in
598 635 793 678 dubium.
873 635 979 678 Sine
1022 635 1109 678 ista
1154 650 1283 678 nemo
1329 650 1541 691 umquam
1588 635 1813 692 ingressus

347 706 416 746 est
445 704 503 746 ad
542 704 741 747 salutem.
812 704 978 747 Verum
1011 704 1087 760 qui
1122 708 1242 747 errat
1275 704 1323 746 in
1353 704 1560 755 minimis,
1595 703 1812 761 paulatim
1876 753 1878 760 Ι

346 773 405 815 ad
433 773 601 816 maiora
639 773 897 830 prolabitur.
971 773 1045 816 Sic
1083 773 1167 816 iste
1205 773 1349 830 primo
1387 773 1616 831 negligens
1654 772 1813 815 deinde
1876 770 1878 779 “

345 843 602 886 inobediens
635 843 915 899 postmodum
944 845 1184 886 contumax
1218 842 1377 885 exinde
1406 843 1656 886 obstinatus
1693 844 1812 898 post·
1877 899 1878 903 Ἰ

347 926 467 954 remo
505 911 562 953 ad
592 926 688 954 eam
720 912 951 968 prolapsus
982 915 1049 954 est
1078 912 1318 962 cecitatem,
1348 914 1401 955 ut
1429 926 1510 954 nec
1538 910 1812 968 praedictum
1831 908 1878 947 101

347 981 584 1024 articulum
630 982 733 1024 fidei
790 982 874 1024 sibi
924 984 1072 1024 seruet
1124 981 1399 1024 incolumem.
1452 981 1597 1023 Deum
1648 979 1812 1023 etenim

346 1051 515 1093 iustum
534 1064 848 1107 usquequaque
879 1066 968 1094 non
995 1051 1193 1101 credidit,
1213 1050 1398 1107 opinans
1418 1050 1552 1093 etiam
1571 1050 1619 1091 in
1639 1051 1814 1092 sanctos

347 1122 449 1176 post
487 1120 658 1162 exitum
702 1120 823 1162 uitae
869 1120 1003 1162 huius
1045 1119 1252 1176 malignis
1296 1119 1525 1176 spiritibus
1565 1132 1814 1162 concessam

348 1191 625 1245 potestatem.
691 1189 894 1232 Nouerat
934 1190 1052 1232 enim
1097 1192 1298 1232 sanctum
1329 1188 1579 1232 Samuelem
1619 1187 1812 1245 phitoni-

348 1258 411 1301 cis
449 1273 539 1301 non
577 1259 900 1315 obtemperasse
934 1259 1041 1301 dum
1075 1259 1248 1301 uiueret
1286 1273 1366 1301 nec
1399 1257 1577 1315 aliquod
1611 1272 1712 1300 cum
1751 1256 1814 1299 eis
1832 1266 1878 1308 152*

349 1327 488 1370 initae
529 1327 848 1370 familiaritatis
892 1328 1096 1371 habuisse
1140 1328 1458 1371 commercium.
1531 1327 1663 1369 Nunc
1708 1339 1815 1368 uero

351 1411 451 1438 eum
486 1396 543 1438 ad
574 1397 771 1453 phitonis
805 1397 1037 1454 imperium
1079 1397 1163 1440 sibi
1198 1399 1347 1453 sperat
1386 1399 1431 1439 et
1469 1397 1584 1453 petit
1617 1395 1813 1439 excitari.

302 1463 331 1501 b
350 1465 460 1508 Vult
487 1465 621 1508 etiam
641 1466 698 1508 ad
728 1466 809 1508 hoc
835 1466 931 1523 cogi
961 1465 1233 1517 defunctum,
1252 1467 1309 1509 ad
1339 1465 1456 1522 quod
1485 1466 1618 1508 uiuus
1646 1464 1815 1521 impelli
1839 1457 1845 1461 ’
1873 1490 1878 1518 ³

349 1549 439 1577 non
468 1535 625 1591 potuit.
701 1535 812 1591 Regi
842 1535 1059 1591 siquidem
1089 1536 1233 1578 noluit
1263 1535 1457 1578 indicare
1488 1535 1595 1577 dum
1629 1535 1813 1583 uiueret,
1870 1522 1878 1592 ᾗ

349 1603 435 1645 nisi
476 1603 593 1659 quod
627 1604 912 1646 indicandum
944 1604 1161 1647 Dominus
1199 1605 1456 1661 inspirabat.
1515 1603 1628 1648 Cum
1662 1606 1812 1646 autem
1832 1593 1878 1680 wff

349 1672 535 1715 uidisset
582 1673 741 1715 mulier
790 1673 1051 1724 Samuelem,
1091 1674 1357 1716 exclamauit
1401 1689 1507 1717 uoce
1556 1688 1729 1731 magna,
1769 1676 1815 1716 et
1870 1671 1878 1684 ²

350 1741 468 1784 dixit
498 1741 556 1783 ad
591 1741 792 1784 Saulem:
839 1742 985 1795 Quare
1017 1743 1265 1799 imposuisti
1300 1743 1444 1787 mihi?
1513 1744 1582 1786 Tu
1616 1758 1662 1786 es
1697 1742 1814 1785 enim
1868 1765 1870 1771 ι

352 1810 470 1853 Saul.
531 1810 589 1853 Se
615 1811 770 1867 utique
797 1811 1023 1868 deceptam
1051 1812 1239 1855 credidit
1267 1815 1312 1855 et
1339 1813 1473 1855 etiam
1501 1815 1602 1869 post
1630 1812 1815 1869 praesti·
1870 1803 1878 1815 ¹

350 1882 448 1921 tum
475 1879 773 1922 iuramentum
801 1881 963 1923 notitia
990 1883 1035 1923 et
1062 1882 1311 1938 praesentia
1338 1882 1549 1938 principis
1575 1884 1814 1924 oneratam.
1870 1919 1872 1921 ,

351 1947 567 2004 Dixitque
587 1948 627 1991 ei
647 1963 752 2001 rex;
783 1949 888 1992 Noli
915 1950 1083 2000 timere,
1105 1951 1212 2006 quid
1232 1951 1386 1994 uidisti
1404 1952 1421 1994 ’ζ
1479 1951 1538 1993 Et
1564 1951 1630 1993 ait
1655 1950 1814 1992 mulier
1833 1943 1869 1977 ²¹

351 2017 409 2060 ad
439 2017 638 2060 Saulem:
678 2018 794 2061 Deos
823 2019 917 2060 uidi
956 2020 1239 2063 ascendentes
1269 2020 1323 2063 de
1353 2023 1482 2063 terra.
1540 2019 1816 2062 Phitonissae

352 2089 560 2143 potuerat
605 2087 662 2129 ab
707 2087 882 2144 incepto
924 2088 997 2131 uel
1043 2089 1191 2132 tenuis
1235 2090 1338 2132 fidei
1381 2089 1529 2132 uirum
1576 2089 1817 2132 deteruisse

353 2155 588 2211 responsio.
677 2155 872 2199 Deorum
922 2157 1139 2213 siquidem
1189 2157 1492 2214 pluralitatem
1540 2157 1722 2207 inducit,
1771 2159 1818 2200 et

354 2239 505 2267 eorum
526 2224 845 2268 habitationem
866 2227 948 2268 sub
976 2229 1096 2269 terra
1123 2230 1169 2269 et
1193 2227 1241 2268 in
1261 2227 1454 2270 tenebris
1474 2241 1566 2269 esse
1585 2226 1817 2283 significat.

355 2293 485 2336 Dixit
514 2308 618 2350 ergo
649 2294 782 2336 Saul:
824 2295 977 2348 Qualis
1008 2298 1075 2338 est
1103 2295 1247 2338 forma
1277 2296 1403 2339 eius?
1462 2296 1585 2348 Quae
1614 2296 1703 2338 ait:
1736 2295 1819 2338 Vir
1834 2306 1854 2340 3

312 2374 338 2404 e
356 2377 490 2404 senex
538 2363 745 2413 ascendit,
786 2366 831 2406 et
875 2365 968 2420 ipse
1014 2365 1201 2407 amictus
1250 2367 1316 2407 est
1364 2365 1509 2421 pallio.
1587 2364 1819 2407 Intellexit
1868 2345 1878 2431 ἓ

354 2431 505 2487 itaque
545 2431 653 2474 Saul
697 2432 814 2488 quod
865 2432 1044 2476 Samuel
1084 2436 1208 2484 esset,
1247 2436 1294 2476 et
1330 2433 1563 2476 inclinauit
1601 2447 1647 2476 se
1686 2447 1818 2490 super
1866 2431 1867 2434 ’

360 2553 399 2590 15
427 2546 707 2590 optemperasse
724 2546 757 2582 A
898 2557 939 2584 21
968 2547 1142 2594 uidisset]
1161 2547 1329 2584 audisset
1345 2546 1385 2582 M

407 2657 421 2683 1
453 2649 560 2683 Dixit
576 2660 655 2694 erqo
672 2652 804 2686 mulier
819 2652 889 2687 etc.
906 2664 913 2686 :
944 2661 959 2687 1
980 2651 1070 2697 Reg.
1087 2651 1214 2688 xxviii.
1236 2661 1290 2688 11.
1402 2660 1434 2696 2,
1454 2661 1474 2696 3
1501 2653 1618 2687 Deum
1634 2663 1705 2688 esse
1721 2654 1816 2689 etc.:
1863 2639 1870 2649 Ἰ

356 2705 387 2729 v.
407 2694 519 2748 Elebr.
537 2694 588 2732 xi.
606 2698 639 2732 6.
781 2699 804 2734 6
829 2700 924 2734 ista:
951 2710 999 2734 sc.
1018 2699 1103 2735 fide.
1245 2709 1292 2734 20
1319 2699 1409 2734 Cum
1430 2704 1550 2734 autem
1565 2701 1659 2736 etc.:
1688 2710 1703 2736 1
1725 2699 1815 2746 Reg.

356 2752 484 2776 xxvm.
505 2753 558 2777 12.
736 2753 778 2790 25
807 2746 979 2791 Dixitque
996 2749 1029 2781 ei
1045 2758 1109 2781 rex
1125 2747 1217 2782 etc.:
1249 2756 1263 2782 1
1284 2746 1373 2793 Reg.
1391 2746 1518 2783 xxviii.
1541 2757 1593 2792 13.
1772 2757 1819 2796 39

357 2790 465 2824 Dixit
481 2801 561 2835 erqo
577 2791 667 2826 Saul
683 2793 776 2828 etc.:
808 2802 823 2829 1
843 2792 934 2839 Reg.
952 2792 1077 2830 xxviii.
1099 2803 1152 2838 14.

469 2868 534 2903 154
