1820 3138
824 118 1274 165 PROLEGOMENA

378 233 441 293 (h)
468 234 522 278 A.
547 235 655 290 1677
691 234 739 276 in
772 233 1038 278 Bibliotheca
1075 234 1276 279 Patriam
1307 235 1446 294 Lugd.
1481 239 1514 280 t.
1545 236 1672 291 xxiii,
1699 250 1772 294 pp.

322 315 407 355 242
435 317 553 360 seqq.
593 303 854 360 prodierunt
893 304 1131 346 secundum
1171 304 1407 348 editionem
1444 306 1775 363 praecedentem

318 372 483 416 Polior.
525 375 571 415 et
607 372 846 429 Epistolae‚
883 375 1060 415 tantum
1100 373 1252 416 addito
1300 374 1494 432 Philippi
1542 374 1689 418 Labbe
1727 375 1775 417 in

319 441 392 484 t.i
420 441 476 484 in
502 441 839 486 Bellawnimm
867 442 920 486 de
948 442 1111 498 Script.
1139 442 1295 486 Eccles.
1322 443 1377 486 de
1405 443 1571 487 Ioanne
1601 443 1773 487 Saresb.

317 511 583 554 testimonio.

311 572 312 577 ¹
376 580 429 638 (i)
472 580 666 624 Ioannis
698 579 1040 624 Saresberiensis
1065 583 1217 636 postea
1250 580 1461 638 Episcopi
1491 581 1776 627 Oarnotensis

320 648 467 706 Opera
498 649 667 693 Omnia
697 663 825 693 nunc
851 649 1066 705 primum
1099 649 1154 692 in
1190 664 1345 693 unum
1383 651 1554 707 colleyit
1591 656 1632 695 et
1670 667 1776 696 own

318 718 544 762 codicibus
561 718 888 774 manuscriptis
903 717 1094 761 contulit
1115 718 1154 760 I.
1171 719 1227 761 A.
1249 719 1362 764 (ἦλθε
1379 719 1598 764 Iar-:Giu-
1615 720 1776 764 Doctor

319 792 360 831 et
400 787 581 844 Golleyii
626 787 833 843 Corporis
872 786 1040 830 Christi
1079 787 1219 830 Occon.
1259 789 1370 832 olim
1413 789 1582 833 Sosius.
1653 790 1775 834 Haec

319 857 468 909 editio,
500 856 624 900 utilis
663 856 840 913 quidem
884 856 961 899 sed
999 871 1157 913 parum
1196 861 1412 910 accurata,
1453 859 1507 902 de
1547 873 1634 916 qua
1671 860 1774 903 uide

319 925 711 969 Schaarschmidtii
745 925 957 968 iudicium
992 940 1082 968 non
1115 926 1280 969 iniuria
1311 928 1526 979 acerbum,
1561 929 1608 970 in
1642 930 1774 973 tomis

318 1009 349 1036 v
387 995 710 1052 comprehensa,
745 1008 932 1051 quorum
971 995 1021 1036 iii
1060 998 1106 1037 et
1139 995 1186 1037 iv
1219 996 1544 1040 Policraticum
1581 998 1687 1049 siue,
1722 1002 1775 1042 ut
1817 1015 1820 1017 ·

318 1063 492 1106 mauult
523 1064 655 1115 Giles,
687 1063 1025 1119 Polycratic‘am
1058 1063 1131 1119 (cf.
1163 1064 1570 1121 interpretationem
1603 1066 1651 1108 in
1679 1067 1771 1110 cod.
1816 1058 1820 1089 ³

319 1133 583 1185 Monacensi,
622 1133 676 1175 de
724 1147 811 1189 quo
860 1146 1005 1189 supra,
1048 1133 1295 1190 inuentam)
1333 1135 1571 1186 continent,
1611 1135 1774 1179 Oxonii
1818 1156 1820 1194 j

318 1216 358 1244 a.
383 1202 493 1254 1848
514 1202 690 1259 prodiit.
751 1201 920 1245 Victori
940 1201 1106 1245 Cousin
1125 1216 1234 1258 opus
1253 1202 1475 1246 dedicauit
1495 1204 1648 1247 editor.

379 1270 440 1329 (k)
469 1271 718 1314 Editionem
745 1270 1040 1314 Oxoniensem
1064 1273 1109 1313 et
1137 1271 1290 1327 ipsam,
1310 1274 1363 1315 ut
1391 1272 1597 1324 diximus,
1616 1287 1774 1331 pamm
1816 1292 1820 1328 j

317 1343 568 1384 accuratam
596 1354 754 1396 parum
784 1343 985 1383 accurate
1015 1340 1190 1383 rettulit
1218 1340 1261 1383 J.
1285 1340 1332 1383 P.
1358 1341 1507 1399 Migne
1537 1342 1633 1386 Par.
1660 1344 1772 1399 1855
1815 1330 1820 1368 Ξ

317 1410 364 1452 in
397 1409 567 1452 Patrol.
602 1409 699 1452 Lat.
735 1412 768 1451 t.
805 1409 945 1451 cxcix.
1016 1409 1243 1452 Notitiam
1275 1410 1332 1453 in
1362 1410 1589 1455 Ioannem
1622 1413 1771 1457 Sares—
1812 1405 1820 1436 ¹³

318 1477 556 1521 beriensem
595 1491 651 1520 ex
693 1477 806 1521 Gall.
844 1478 1003 1522 Christ.
1035 1492 1143 1522 nou.
1180 1482 1213 1521 t.
1251 1480 1341 1530 viii,
1375 1481 1453 1523 col.
1491 1483 1599 1533 1146
1633 1485 1679 1525 et
1717 1471 1820 1525 ex'3'

317 1547 508 1590 Fabricii
531 1546 738 1590 Biblioth.
765 1547 879 1590 med.
905 1550 945 1589 et
970 1547 1058 1604 inf.
1079 1547 1356 1599 Latinitatis,
1377 1549 1436 1593 vi.
1462 1563 1556 1607 131,
1575 1565 1654 1594 nec
1682 1564 1772 1595 non
1812 1578 1820 1610 5?

316 1616 540 1659 interdum
574 1615 690 1658 locos
725 1630 781 1658 ex
813 1615 970 1658 Bibliis
1010 1616 1155 1659 Sacris
1193 1620 1239 1660 et
1269 1631 1324 1660 ex
1358 1618 1500 1674 poetis
1531 1620 1773 1663 notissimis
1811 1624 1820 1682 5

317 1699 344 1727 a
383 1685 549 1727 Ioanne
586 1684 744 1727 citatos
783 1684 1029 1727 adnotauit.
1100 1685 1286 1728 Numeri
1326 1700 1434 1743 quos
1480 1687 1528 1729 in
1567 1688 1773 1732 editionis
1809 1684 1820 1742 1

316 1756 492 1797 nostrae
512 1753 784 1810 marginibus
804 1753 1014 1805 inuenies,
1033 1754 1255 1797 columnas
1275 1755 1525 1812 Mignianas
1543 1756 1751 1801 indicant.
1807 1754 1811 1758 ⁴

374 1822 441 1865 De
471 1821 738 1865 editionibus
766 1822 869 1865 uide
899 1823 1034 1865 etiam
1059 1823 1521 1877 Schaarschmidtium,
1546 1826 1640 1869 ΙοῘι.
1668 1826 1769 1870 Sar.

316 1906 390 1948 pp.
413 1893 494 1948 283
516 1906 634 1947 seqq.

376 1959 655 2003 Editionibus
683 1957 948 2003 Policratici
976 1961 1243 2004 enumeratis
1271 1962 1535 2020 subiungam
1565 1977 1676 2020 quae
1706 1964 1772 2007 di·
1796 1990 1800 1991 ν

316 2029 454 2072 cenda
474 2043 566 2071 esse
586 2028 796 2071 uidentur
816 2029 870 2072 de
890 2029 1088 2072 uirorum
1108 2030 1335 2073 doctorum
1356 2031 1750 2076 dissertationibus.
1797 2026 1800 2030 ⁴

374 2098 442 2141 De
462 2098 627 2141 Ioanne
649 2098 971 2141 Saresberiensi
996 2099 1160 2155 optime
1189 2101 1352 2143 meruit
1378 2100 1562 2144 Carolus
1585 2101 1770 2145 Schaar-

317 2167 579 2210 schmidtius
624 2167 672 2209 in
715 2167 864 2210 libello
907 2168 1082 2225 egregio
1130 2169 1206 2225 qui
1251 2169 1509 2212 inscribitur
1545 2170 1799 2214 Iohannes,

316 2236 658 2280 Sarisberiensis
694 2236 812 2279 nach
849 2237 990 2280 Leben
1028 2238 1132 2281 ‘and
1169 2238 1375 2290 Studien,
1407 2238 1631 2295 Schriften
1668 2241 1770 2284 und

316 2304 607 2360 PMZosophie,
628 2307 673 2348 et
693 2305 868 2362 Lipsiae
894 2321 934 2348 a.
960 2307 1070 2348 1862
1099 2307 1275 2364 prodiit.
1335 2306 1558 2364 Collegam
1587 2311 1633 2351 et
1661 2310 1768 2352 ami-

316 2386 416 2415 cum
464 2387 621 2425 meum,
661 2374 955 2430 Reginaldum
1005 2375 1125 2418 Lane
1174 2375 1314 2427 Poole,
1353 2375 1407 2418 de
1455 2375 1634 2419 Ioannis
1672 2378 1769 2421 uita

316 2441 577 2497 scriptisque
610 2442 678 2484 bis
713 2444 1038 2486 accuratissime
1076 2447 1122 2487 et
1155 2443 1475 2501 elegantissime
1508 2447 1782 2495 tractauisae,

316 2509 405 2550 iam
435 2509 482 2550 in
512 2509 679 2566 Proleg.
711 2513 733 2566 ᾧ
767 2525 786 2552 1
819 2513 1073 2555 memoraui.
1164 2511 1434 2568 opusculum
1462 2512 1589 2555 Pauli
1620 2514 1767 2558 Genn-
1783 2543 1795 2568 χ

315 2576 444 2619 richii
474 2576 647 2620 Gorhae
676 2593 714 2620 a.
740 2580 851 2633 1894
877 2581 1122 2637 uulgatum,
1140 2580 1224 2623 Die
1247 2581 1398 2624 Staats
1420 2582 1525 2625 ‘ancl
1549 2582 1766 2627 Kirclzen-

317 2644 432 2688 lehre
468 2644 678 2689 Johanns
709 2661 794 2690 von
823 2649 1070 2704 Salvkbum,
1099 2663 1415 2706 nonnunquam
1443 2651 1552 2694 mihi
1582 2652 1764 2708 profuit.

317 2714 373 2757 In
407 2714 559 2757 Museo
591 2715 845 2760 Britannico
873 2716 1001 2774 (plut.
1030 2729 1114 2773 720
1148 2718 1190 2760 b.
1216 2718 1290 2776 25)
1315 2722 1519 2763 seruatur
1543 2721 1767 2778 exemplar

431 2797 496 2825 xx
