1878 3172
123 163 210 215 ’430
228 166 257 207 d
526 159 530 162 ⁴
600 161 861 206 IOANNIS
901 159 1415 205 SARESBERIENSIS
1569 161 1680 217 [mn.
1695 171 1734 204 n

272 284 357 328 sibi
381 283 571 327 inuicem
593 281 938 340 congruentibus
963 281 1195 332 uniuersis,
1214 295 1314 324 cum
1343 295 1434 324 non
1461 283 1555 324 tam
1583 280 1736 338 populi

273 353 645 396 examinationem
675 366 807 408 quam
835 350 1173 393 admirationem
1202 350 1335 407 plena
1359 350 1429 393 sui
1459 349 1737 394 commend&

272 423 393 466 tione
425 422 688 479 deposceret,
720 420 900 477 quidam
933 419 1047 462 solas
1086 419 1220 462 tibias
1258 422 1412 462 tantae
1449 419 1555 462 moli
1593 418 1737 476 perfe-

212 485 218 490 ’
273 491 436 534 rendae
455 490 672 533 inhabiles
692 504 785 532 esse
805 489 973 532 causati
994 491 1111 531 sunt.
1162 488 1333 541 Quibus
1353 487 1482 531 faber
1498 487 1737 544 respondit,

273 575 348 603 eas
391 574 705 617 usquequaque
749 559 945 601 sufficere
984 558 1120 601 donec
1162 557 1292 614 uirgo
1332 559 1520 614 pareret,
1558 557 1737 600 omnino
1756 574 1775 608 5

134 642 208 681 431
226 643 256 672 a
273 630 454 674 credens
483 628 797 686 impossibilem
826 627 1017 684 uirginis
1045 629 1238 684 partum.
1306 626 1435 680 Quod
1474 629 1520 669 et
1558 625 1738 670 Christo

273 702 380 741 nato
409 698 641 755 impletum
670 700 749 748 est,
769 711 820 739 ea
849 699 1081 739 corruente
1110 699 1156 739 et
1185 695 1341 746 fracta,
1360 695 1467 752 quia
1493 696 1738 738 humanum

273 768 552 811 contrahitur
580 767 658 809 ubi
689 766 893 809 diuinum
922 766 1157 822 imperium
1192 765 1420 808 dilatatur.

333 837 446 880 Cum
482 851 589 880 11810
620 851 691 879 188
724 850 803 892 per
837 836 1031 892 quietem
1066 835 1153 878 alio
1184 835 1422 877 nuntiante
1455 834 1668 884 clarescit,
1698 833 1736 876 si

273 910 423 949 tamen
444 905 718 949 enuntiantis
733 906 920 947 honesta
938 905 1096 961 cuique
1115 918 1303 961 persona
1317 904 1377 946 sit
1396 906 1441 946 et
1459 902 1737 953 uenerabilis,
1755 919 1797 943 10
1875 919 1878 923 ·

273 976 321 1017 in
350 976 637 1018 oraculorum
656 975 844 1031 speciem
875 974 1003 1017 cadit.
1066 974 1148 1016 Est
1176 973 1294 1016 enim
1323 972 1561 1023 oraculum,
1590 974 1644 1015 ut
1671 972 1738 1015 ait

273 1045 465 1100 quidam,
486 1044 640 1086 diuina
665 1043 874 1086 uoluntas
901 1057 977 1085 ore
1005 1042 1197 1085 hominis
1226 1042 1473 1084 enuntiata.
1532 1040 1738 1092 Hominis

271 1128 378 1156 uero
390 1113 684 1170 appellatione
697 1115 900 1156 censetur
912 1110 1120 1168 quicquid
1132 1112 1180 1153 in
1193 1111 1334 1168 specie
1344 1111 1524 1153 uidetur
1534 1110 1737 1160 hominis,

272 1183 414 1233 homo,
427 1182 611 1240 angelus
626 1182 696 1233 sit,
709 1196 767 1224 an
783 1181 903 1234 deus,
916 1196 975 1223 an
991 1181 1173 1238 quaeuis
1189 1180 1277 1223 alia
1292 1183 1504 1223 creatura.
1545 1179 1737 1222 Persona
1873 1222 1878 1233 ,Ι

272 1255 419 1294 autem
451 1252 662 1308 cuiusque
691 1251 877 1293 honesta
907 1253 974 1293 est
1003 1252 1049 1292 et
1077 1249 1354 1299 uenerabilis,
1381 1251 1461 1291 aut
1490 1251 1663 1300 natura,
1683 1250 1736 1291 ut
1755 1263 1794 1298 15
1859 1239 1878 1284 ἶ

271 1321 469 1377 parentis
480 1335 490 1373 ;
510 1323 590 1363 aut
602 1319 863 1370 conditione,
875 1322 929 1362 ut
943 1319 1127 1371 domini3
1147 1321 1227 1361 aut
1239 1318 1446 1368 moribus,
1457 1320 1510 1360 ut
1525 1317 1736 1374 religiosi3
1867 1304 1878 1392 Ξ

271 1393 351 1433 aut
381 1389 574 1442 fortuna,
604 1392 657 1432 ut
686 1389 996 1446 magistratus3
1031 1391 1111 1431 aut
1140 1388 1364 1445 religione,
1392 1390 1446 1430 ut
1475 1387 1557 1437 dei,
1578 1386 1736 1444 angeli,

270 1459 518 1502 hominisue
539 1459 674 1502 sacris
699 1461 744 1500 et
774 1458 1022 1501 cerimoniis
1048 1458 1213 1500 diuinis
1242 1456 1495 1500 consecrati.
1555 1456 1625 1499 Ex
1649 1470 1737 1513 quo

272 1531 467 1586 apparet,
498 1528 580 1572 etsi
616 1542 705 1570 non
737 1527 995 1584 simpliciter
1030 1530 1181 1570 tamen
1216 1526 1457 1570 secundum
1489 1526 1609 1582 quid,
1637 1540 1735 1582 per·
1876 1569 1878 1575 ,

226 1602 256 1641 b
272 1612 402 1641 sonas
431 1600 528 1640 arte
556 1597 819 1640 coniectoria
847 1611 937 1639 non
966 1596 1096 1639 modo
1125 1597 1333 1638 honestas
1362 1595 1439 1638 sed
1469 1598 1515 1638 et
1543 1595 1733 1638 detesta-
1754 1610 1797 1633 20
1874 1619 1878 1651 ,-

271 1667 382 1710 biles
416 1666 735 1709 uenerabilium
769 1666 946 1708 nomine
977 1665 1134 1708 claudi.
1193 1665 1321 1708 Sicut
1348 1665 1466 1707 enim
1494 1664 1735 1707 catholicae

270 1735 496 1792 religionis
515 1735 602 1777 uiri
626 1749 733 1777 uero
753 1735 847 1777 Deo
867 1734 1016 1790 eisque
1037 1748 1149 1791 quae
1172 1749 1353 1777 munere
1372 1734 1467 1777 eius
1487 1748 1611 1776 sacra
1630 1737 1737 1777 sunt

269 1805 390 1862 piam
433 1804 763 1847 uenerationem
807 1803 1083 1860 impendunt,
1122 1803 1189 1845 ita
1229 1803 1448 1846 hereticae
1494 1806 1540 1846 et
1585 1818 1735 1860 super-

271 1873 470 1916 stitiosae
499 1872 724 1929 religionis
754 1873 952 1915 homines
981 1873 1096 1915 fictis
1125 1873 1392 1925 numinibus,
1422 1873 1558 1915 immo
1586 1873 1736 1929 potius

271 1942 390 1985 ueris
410 1941 668 1984 demonibus
688 1944 733 1984 et
753 1941 1072 1984 execrabilibus
1093 1942 1227 1984 sacris
1251 1956 1402 1984 eorum
1425 1956 1515 1985 non
1539 1942 1734 1985 debitam
1754 1960 1770 1983 2
1776 1960 1794 1994 5

271 2011 577 2061 reuerentiam,
621 2025 733 2067 quae
772 2010 896 2052 nulla
936 2014 1013 2061 est,
1053 2011 1130 2053 sed
1169 2011 1475 2068 turpissimum
1523 2011 1736 2054 exhibent

271 2079 548 2123 famulatum.
629 2079 757 2132 Quod
795 2079 931 2122 latius
971 2094 1027 2122 ex
1065 2080 1300 2137 gentilium
1338 2080 1464 2123 libris
1501 2080 1735 2138 colligitur.
1870 2080 1878 2134 1

273 2149 416 2192 Ε11888
440 2149 716 2192 01881110111111
736 2148 899 2191 indicio
925 2149 1185 2205 promissam
1215 2152 1261 2192 et
1291 2150 1536 2206 quaesitam
1562 2149 1737 2192 inuenit

272 2219 463 2269 Italiam,
485 2221 529 2261 et
558 2218 605 2259 in
635 2232 686 2260 ea
713 2232 803 2260 non
824 2220 917 2260 tam
937 2218 1170 2261 numinum
1198 2233 1331 2275 quam
1358 2218 1593 2261 demonum
1619 2221 1735 2261 nutu

272 2288 418 2331 sedem
438 2287 600 2330 statuit
623 2289 669 2329 et
696 2290 936 2330 sementem
957 2287 1144 2329 Romani
1170 2287 1343 2344 generis
1369 2287 1417 2329 in
1443 2290 1542 2330 orto
1568 2287 1644 2344 qui
1671 2288 1734 2330 eis
1753 2303 1795 2335 30

271 2357 594 2413 complacuerat
619 2356 867 2399 seminauit.
935 2356 1053 2408 Quid
1081 2356 1198 2398 enim
1217 2355 1339 2398 aliud
1359 2356 1455 2413 agit
1473 2356 1520 2397 in
1540 2357 1734 2413 sompnis

273 2427 401 2482 pater
429 2425 653 2476 Anchises,
683 2425 791 2482 quid
826 2425 1011 2481 Iupiter,
1041 2425 1148 2481 quid
1177 2424 1348 2481 Apollo,
1378 2424 1485 2481 quid
1518 2424 1594 2466 alii
1625 2439 1734 2481 quos

235 2506 260 2535 c
276 2493 456 2549 longum
486 2497 553 2536 est
583 2497 817 2536 enarrare?
876 2494 1003 2536 Vnde
1023 2494 1060 2536 si
1081 2494 1135 2536 de
1155 2493 1319 2536 semine
1338 2493 1415 2536 illo
1433 2507 1573 2550 genus
1592 2494 1735 2538 oritur

273 2605 316 2640 31
344 2595 483 2631 somnis
501 2595 526 2631 S
666 2606 712 2641 33
737 2595 929 2641 enarrare]
950 2595 1107 2633 recitare
1127 2596 1166 2631 M

324 2701 362 2728 11
390 2693 458 2727 Est
474 2694 569 2727 enim
585 2695 769 2729 oraculum
787 2695 883 2729 etc.:
913 2692 999 2729 Sen.
1019 2695 1179 2730 Controv.
1198 2692 1315 2739 praef.
1328 2686 1355 2738 ’ξ
1375 2702 1408 2737 9.
1544 2694 1587 2729 28
1611 2694 1734 2730 Encas

273 2740 344 2775 etc.
364 2751 373 2774 ε
397 2751 428 2774 v.
447 2739 560 2785 Verg.
580 2741 670 2775 Aen.
690 2739 744 2775 iii.
871 2751 915 2786 32
941 2742 1115 2776 Anchises
1131 2741 1200 2776 etc.
1216 2751 1225 2776 z
1249 2753 1284 2776 v.
1300 2739 1411 2785 Verg.
1431 2740 1521 2775 Aen.
1539 2739 1586 2776 iv.
1605 2750 1626 2786 3
1631 2750 1734 2787 51-3,

271 2785 319 2820 iv.
340 2787 407 2822 268
421 2797 534 2832 seqq„
553 2788 627 2824 etc.

380 2865 422 2900 9²
