1878 3172
17 125 22 134 ’
81 163 179 197 m.
194 149 273 212 111]
582 149 1017 195 PomoRA‘movs
1551 158 1623 198 ⁵1⁵
1641 156 1667 187 c

80 272 346 330 sanguinum
365 273 444 314 aut
462 270 681 314 homicida
699 269 918 320 scribitur,
931 269 1035 313 licet
1048 268 1178 327 Agag
1195 268 1535 327 pinguissimum

81 355 229 399 regem
267 340 478 384 Amalech
521 338 805 382 interfecerit.
863 338 949 381 Hic
990 338 1206 394 siquidem
1252 338 1426 396 gladius
1468 340 1536 380 est
1551 337 1582 378 d

81 409 319 462 columbae,
352 423 463 466 quae
493 409 588 451 sine
618 407 721 450 felle
749 407 935 458 rixatur,
965 407 1060 450 sine
1087 407 1316 450 iracundia
1343 406 1451 450 ferit
1479 409 1537 457 et,

73 483 181 522 'cum
200 478 390 529 dimicat,
405 477 572 520 nullam
590 476 768 520 omnino
785 475 976 532 concipit
994 475 1346 518 amaritudinem.
1406 475 1537 525 Nam,

43 559 64 594 5
82 547 197 590 sicut
227 547 301 589 lex
333 546 484 603 culpas
513 545 790 602 persequitur
818 544 911 587 sine
942 544 1042 587 odio
1070 558 1368 601 personarum,
1397 544 1463 586 ita
1492 547 1538 586 et

81 615 284 672 princeps
297 615 599 671 delinquentes
612 613 850 656 rectissime
864 613 1006 669 punit,
1020 627 1109 656 non
1123 613 1271 669 aliquo
1286 612 1538 655 iracundiae

81 687 206 726 motu
227 683 303 726 sed
321 685 575 726 mansuetae
593 682 703 739 legis
722 681 916 724 arbitrio.
965 681 1096 732 Nam,
1111 681 1194 724 etsi
1214 695 1316 724 suos
1334 681 1537 738 princeps

82 752 290 795 uideatur
326 752 487 794 habere
524 751 710 803 lictores,
747 751 840 807 ipse
885 753 966 792 aut
1003 750 1121 793 solus
1159 752 1239 792 aut
1276 749 1537 807 praecipuus

83 821 324 864 credendus
354 823 422 863 est
455 820 594 872 lictor,
625 819 696 862 cui
730 818 862 862 ferire
891 819 1063 862 licitum
1092 821 1160 862 est
1187 833 1267 875 per
1294 818 1537 875 supositam

25 907 69 932 10
84 904 275 932 manum.
333 889 396 931 Vt
422 889 538 931 enim
562 888 619 931 ad
643 888 814 931 Stoicos
837 887 1104 938 accedamus,
1127 887 1204 944 qui
1227 902 1379 930 causas
1398 887 1538 930 nomi-

83 973 191 1001 num
210 957 466 1015 diligentius
489 957 771 1014 inuestigant‚
789 956 919 999 lictor
941 956 1115 1009 dicitur,
1136 956 1261 1013 quasi
1284 956 1394 1013 legis
1414 956 1537 1008 ictor,

83 1041 135 1071 eo
161 1026 278 1083 quod
303 1025 360 1068 ad
386 1025 524 1082 ipsius
548 1028 718 1082 spectat
743 1025 931 1068 officium
961 1024 1093 1068 ferire
1123 1040 1253 1082 quem
1276 1025 1350 1067 lex
1372 1025 1539 1068 iudicat

82 1094 342 1139 feriendum.
399 1094 526 1137 Vnde
553 1097 600 1137 et
624 1094 870 1150 antiquitus
897 1093 1164 1143 officialibus,
1192 1108 1378 1150 quorum
1404 1108 1540 1136 manu

0 1194 2 1240 ι
84 1163 220 1206 iudex
244 1166 448 1206 nocentes
473 1163 615 1219 punit,
641 1177 741 1205 cum
774 1177 848 1205 reo
877 1162 1051 1219 gladius
1085 1163 1347 1214 immineret,
1379 1166 1389 1184 ‘
1404 1161 1538 1205 Obte-

0 1244 2 1273 ῑ
27 1248 68 1283 15
86 1246 237 1289 mpera
258 1231 368 1289 legis
399 1231 582 1274 arbitrio
595 1231 605 1247 '
634 1231 872 1282 dicebatur,
891 1230 964 1273 uel
993 1236 1003 1253 ‘
1016 1231 1177 1288 Legem
1209 1231 1368 1288 imple,'
1395 1233 1447 1274 ut
1475 1230 1540 1273 rei

0 1296 12 1327 '⁴-
84 1300 314 1344 tristitiam
333 1300 559 1356 mitigaret
577 1299 649 1342 uel
669 1299 959 1342 mansuetudo
978 1299 1223 1342 uerborum.

84 1425 192 1484 Cap.
220 1441 261 1484 3.
307 1427 435 1481 Quod
458 1427 670 1483 princeps
691 1426 899 1470 minister
925 1430 981 1469 est
1011 1425 1291 1470 sacerdotum
1320 1430 1361 1470 et
1385 1427 1538 1470 'mimn-
1556 1430 1629 1480 516
1649 1440 1679 1468 a

197 1496 258 1540 eis
267 1513 287 1546 ,·
334 1499 374 1539 et
413 1496 527 1553 quid
565 1496 623 1539 eit
665 1496 975 1539 ministerium
1013 1495 1310 1552 principatus
1342 1495 1540 1552 fideliter

197 1579 354 1621 yere‘re.

26 1665 72 1691 ιο
143 1643 275 1687 Hunc
298 1658 402 1701 ergo
425 1643 622 1701 gladium
648 1644 703 1687 de
729 1659 864 1687 manu
893 1644 1110 1688 Ecclesiae
1139 1644 1298 1702 accipit
1327 1644 1541 1701 princeps,

85 1727 185 1756 cum
217 1713 314 1770 ipsa
350 1716 499 1755 tamen
531 1713 728 1770 gladium
762 1714 989 1771 sanguinis
1022 1713 1201 1756 omnino
1238 1728 1328 1756 non
1367 1714 1541 1758 habeat.

85 1781 235 1824 Habet
253 1785 401 1824 tamen
425 1785 470 1824 et
494 1782 642 1835 istum,
662 1782 737 1825 sed
765 1797 815 1825 eo
841 1782 986 1825 utitur
1011 1797 1090 1839 per
1112 1782 1324 1839 principis
1346 1797 1539 1832 manum,

84 1850 155 1894 cui
181 1851 545 1894 cohercendorum
571 1866 800 1908 corporum
826 1851 1014 1894 contulit
1037 1854 1312 1908 potestatem,
1333 1851 1539 1907 spiritua-

85 1917 196 1961 lium
234 1919 319 1961 sibi
357 1918 405 1960 in
443 1919 723 1975 pontificibus
761 1919 1023 1963 auctoritate
1061 1923 1246 1962 seruata.
1318 1919 1398 1962 Est
1437 1934 1540 1976 ergo

29 2007 71 2042 ²5
88 1987 289 2044 princeps
318 1987 548 2029 sacerdotii
578 1988 754 2043 quidem
782 1987 984 2030 minister
1012 1991 1058 2030 et
1087 1988 1163 2044 qui
1197 2003 1419 2031 sacrorum
1448 1987 1540 2030 offi-

86 2055 256 2099 ciorum
302 2055 424 2097 illam
473 2058 645 2111 partem
692 2059 864 2099 exercet
906 2053 1019 2112 quae
1063 2056 1295 2099 sacerdotii
1336 2056 1540 2098 manibus

85 2123 265 2167 uidetur
290 2123 483 2180 indigna.
542 2123 775 2166 Sacrarum
804 2138 993 2180 namque
1021 2124 1168 2180 legum
1197 2138 1325 2166 omne
1351 2124 1540 2167 officium

86 2191 339 2249 religiosum
359 2194 404 2233 et
426 2191 548 2247 pium
572 2195 650 2243 est,
670 2192 781 2234 illud
807 2195 955 2235 tamen
981 2191 1179 2243 inferius,
1200 2192 1316 2248 quod
1343 2192 1390 2234 in
1415 2193 1540 2248 penis

86 2260 320 2304 criminum
357 2262 586 2302 exercetur
625 2263 670 2302 et
704 2260 924 2316 quandam
963 2260 1174 2303 carnificii
1213 2263 1539 2316 repraesentare
1556 2264 1586 2304 b

29 2346 74 2380 30
87 2328 266 2371 uidetur
302 2328 549 2385 imaginem.
627 2329 754 2371 Vnde
793 2331 838 2371 et
881 2328 1198 2371 Constantinus
1243 2329 1540 2372 Romanorum

85 2399 517 2462 W
563 2424 607 2450 10
630 2415 776 2460 stoycos
792 2413 826 2449 A
965 2424 1012 2450 20
1036 2413 1193 2450 eclesiae
1210 2414 1244 2450 A
1335 2413 1483 2460 accepit
1499 2414 1540 2450 M

87 2472 133 2507 23
157 2462 447 2499 coercendorum
458 2460 492 2496 A
585 2471 631 2505 24
654 2463 846 2497 reseruata
861 2460 894 2495 A
904 2473 1015 2505 mary.
1032 2460 1098 2496 SM
1202 2471 1249 2506 30
1269 2461 1486 2508 ymaginem
1499 2461 1540 2497 M

134 2542 168 2578 2,
187 2543 208 2578 3
230 2534 376 2578 qladius
391 2531 590 2568 columbae:
615 2530 748 2567 Ierem.
767 2529 853 2566 xlvi.
873 2531 939 2572 163
965 2529 1012 2565 cf.
1031 2531 1089 2565 ira
1106 2531 1282 2566 columbae
1299 2531 1428 2567 Ierem.
1454 2542 1538 2566 xxv.

89 2579 155 2625 383
179 2591 289 2624 quem
304 2579 429 2615 locum
451 2579 497 2614 de
518 2577 577 2613 ira
598 2576 680 2621 Dei,
697 2578 782 2623 quia
806 2579 847 2612 in
871 2578 988 2612 Deum
1013 2578 1118 2612 nulla
1132 2579 1278 2622 suroris
1301 2580 1363 2613 ina
1429 2580 1540 2614 alitae

88 2628 210 2707 capit,
233 2625 506 2671 interpretatur
531 2623 731 2671 Gregorius
756 2622 917 2668 Magnus
938 2625 1067 2659 Mora-z.
1094 2623 1210 2659 xxxii.
1238 2633 1258 2668 7
1282 2624 1322 2660 in
1348 2625 1387 2661 Io
1438 2625 1488 2661 xl.
1516 2626 1539 2661 6

91 2673 104 2717 (
146 2683 233 2719 igne
249 2674 288 2709 P.
307 2675 348 2708 L.
368 2672 479 2707 lxxvi.
498 2672 594 2716 640).
751 2681 795 2707 10
823 2672 866 2705 Vt
882 2672 978 2705 em‘m
994 2672 1087 2706 etc.:
1112 2670 1192 2714 Quo
1214 2673 1367 2708 auctore
1383 2672 1476 2708 haec
1492 2672 1538 2708 de

89 2719 263 2755 uocabuli
280 2721 383 2755 lictor
391 2717 623 2765 etymologia
638 2719 766 2754 narret
783 2716 928 2760 Noster,
942 2716 1086 2762 nesci0;
1103 2718 1150 2754 cf.
1163 2717 1265 2754 infra
1282 2730 1312 2755 c.
1330 2728 1371 2755 12
1389 2718 1471 2765 (537
1486 2719 1537 2766 c).

90 2775 139 2802 20
159 2766 268 2802 Hunc
284 2778 363 2812 erqo
376 2767 542 2812 gladium
558 2767 628 2802 etc.
643 2775 652 2801 :
679 2777 710 2800 v.
727 2764 827 2800 infra
843 2776 880 2802 n.
896 2764 946 2800 ad
961 2763 1006 2800 vi.
1026 2766 1048 2802 8
1067 2764 1152 2811 (600
1168 2766 1218 2812 c).

1367 2839 1430 2874 239
