1878 3172
179 149 264 200 465
282 159 307 190 c
443 207 446 209 ι
650 150 912 194 IOANNIS
952 150 1466 196 SARESBERIENSIS
1541 156 1543 159 ’
1621 151 1730 214 [LIB.
1747 164 1788 198 11

282 288 307 318 c
324 270 506 313 uidebat
540 270 803 327 praeditum,
830 274 958 314 tanto
993 271 1150 315 acriori
1184 271 1356 315 inuidia
1391 272 1431 316 ei
1465 272 1658 316 occultas
1690 275 1787 316 ten-

323 340 457 383 debat
503 340 699 393 insidias,
738 343 832 383 tam
877 340 1137 384 manifestas
1180 334 1313 398 quam
1361 342 1537 398 iniquas
1583 357 1789 386 exercens

323 410 602 463 inimicitias3
633 415 678 453 et
712 425 799 467 quo
835 410 1117 454 manifestius
1151 425 1252 453 eum
1282 410 1499 454 Dominus
1537 411 1789 463 extollebat,

324 493 376 522 eo
405 479 581 522 auidius
611 495 700 523 non
729 483 823 523 tam
854 480 1098 537 deprimere
1132 494 1266 536 quam
1296 480 1555 538 extinguere
1584 495 1789 538 propera-

245 565 248 568 *
324 549 426 601 bat3
466 549 637 606 ipsique
669 549 763 592 Deo
797 564 843 593 se
879 565 902 593 e
937 549 1115 606 regione
1149 549 1276 606 ponit
1311 550 1574 606 oppositum,
1608 550 1714 592 dum
1749 550 1789 593 ei
1809 568 1829 602 5

325 619 546 675 surripere
567 622 646 662 aut
666 620 834 676 eripere
858 620 1021 662 nititur
1039 619 1139 662 iura
1158 633 1409 676 regnorum.
1468 619 1666 677 Dignum
1686 634 1792 677 ergo

325 687 416 730 fuit
445 691 498 731 ut
526 703 615 731 non
644 691 844 731 maneret
872 689 920 730 in
949 703 1000 731 eo
1021 688 1216 745 Spiritus
1242 688 1434 739 Domini,
1454 689 1530 745 qui
1559 703 1634 732 cor
1663 703 1793 732 suum

325 772 416 801 non
455 758 585 801 modo
625 758 928 801 habitaculum
971 759 1048 801 sed
1088 761 1133 801 et
1171 760 1325 801 tantae
1363 759 1588 815 nequitiae
1627 758 1794 803 fecerat

328 827 682 870 fundamentum.
759 827 1022 885 Exagitauit
1061 842 1161 870 eum
1200 827 1351 884 itaque
1386 828 1569 884 spiritus
1602 842 1793 885 nequam

328 911 356 940 a
382 896 584 947 Domino,
606 899 651 939 et
678 912 734 940 ex
755 897 831 940 illo
852 900 971 940 retro
991 897 1127 940 fluere
1148 899 1193 940 et
1221 897 1363 939 indies
1384 897 1486 948 labi,
1506 898 1647 940 minui
1667 897 1792 954 regni
1813 916 1855 941 10

329 967 447 1010 uires
481 970 731 1023 coeperunt,
762 967 880 1010 salus
919 967 1072 1024 populi
1110 967 1337 1018 fluctuare,
1368 967 1563 1010 hostium
1602 967 1795 1010 crebrior

330 1037 472 1079 maior
500 1037 744 1093 clariorque
774 1037 962 1080 uictoria
990 1039 1084 1080 tam
1114 1037 1230 1094 regis
1260 1051 1390 1093 quam
1422 1036 1574 1094 populi
1603 1036 1796 1079 ualidius

286 1105 315 1145 d
333 1106 502 1148 animos
537 1105 687 1163 fregit.
759 1106 862 1163 Ipse
900 1110 1050 1149 tamen
1094 1121 1194 1149 eum
1233 1107 1305 1150 cui
1344 1106 1560 1148 Dominus
1609 1120 1795 1163 regnum
1847 1131 1850 1134 -

330 1175 599 1226 firmauerat,
631 1176 975 1218 exterminatum
1007 1176 1200 1218 habebat
1238 1190 1266 1218 a
1303 1175 1466 1218 finibus
1505 1175 1606 1218 suis.
1677 1174 1796 1228 Quid

331 1258 436 1301 ergo
484 1244 665 1287 tandem
714 1245 832 1302 cepit
883 1245 1084 1289 consilii‘l
1163 1245 1266 1287 Non
1314 1245 1470 1301 utique
1518 1246 1571 1286 ut
1609 1258 1795 1301 regnum
1816 1259 1856 1293 15

330 1314 528 1357 traderet
548 1314 730 1366 meliori,
750 1318 803 1357 ut
822 1315 1099 1371 dispositioni
1124 1314 1313 1365 diuinae,
1335 1328 1447 1370 quae
1467 1314 1507 1356 ei
1529 1314 1796 1364 innotuerat,

331 1383 643 1440 adquiesceret,
663 1387 716 1426 ut
742 1384 1033 1441 penitentiam
1049 1386 1277 1426 anteactae
1304 1383 1425 1425 uitae
1449 1385 1600 1440 ageret
1627 1382 1796 1426 fructu-

331 1466 463 1495 osam.
539 1452 627 1496 Sed
666 1453 743 1509 qui
781 1453 994 1496 aduersus
1040 1453 1281 1495 Dominum
1319 1452 1570 1495 calcaneum
1610 1452 1798 1495 tumoris
1854 1453 1860 1457 ’

332 1522 565 1572 extulerat,
595 1522 806 1578 populum
837 1523 885 1564 in
914 1525 1085 1565 montes
1116 1522 1290 1575 Gelboe,
1313 1521 1390 1565 ubi
1420 1522 1673 1579 puniendus
1701 1524 1799 1564 erat

332 1593 378 1634 et
416 1591 689 1642 occidendus,
722 1591 878 1634 eduxit
922 1592 970 1634 in
1013 1592 1242 1648 praelium.
1303 1592 1454 1635 Occidi
1493 1591 1710 1648 siquidem
1748 1591 1797 1633 in
1817 1604 1861 1629 πο

332 1663 482 1703 monte
511 1661 676 1711 debuit,
703 1660 780 1716 qui
809 1675 898 1703 non
927 1661 1013 1703 nisi
1044 1661 1137 1703 alta
1165 1661 1213 1703 in
1242 1661 1385 1718 seipso
1414 1662 1622 1718 respexit.
1682 1660 1799 1714 Quia

333 1744 438 1787 ergo
461 1744 562 1772 eum
589 1730 756 1772 ueritas
783 1730 879 1786 ipsa
906 1731 1110 1781 deseruit,
1130 1731 1187 1772 ad
1218 1729 1386 1773 fontem
1413 1730 1628 1773 mendacii
1658 1729 1799 1773 falsus

333 1801 379 1841 et
410 1799 589 1855 iniquus
627 1799 830 1855 princeps
869 1799 1082 1856 confugit.
1157 1799 1286 1841 Dixit
1325 1799 1476 1855 itaque
1510 1799 1650 1842 seruis
1682 1799 1799 1842 suis:

334 1868 545 1920 Quaerite
583 1868 717 1911 michi
757 1868 986 1911 mulierem
1017 1868 1252 1911 habentem
1287 1868 1527 1924 phitonem,
1559 1870 1606 1911 et
1637 1868 1799 1911 uadam

333 1937 392 1979 ad
412 1952 508 1979 eam
529 1939 574 1979 et
593 1937 848 1980 sciscitabor
866 1951 946 1993 per
966 1951 1074 1981 eam.
1134 1937 1253 1990 Quid
1273 1937 1395 1980 aliud
1415 1937 1602 1981 dixisset
1619 1938 1799 1995 gentilis
1819 1951 1860 1985 25

334 2006 538 2063 idemque
559 2006 782 2063 perfidus?
841 2006 1001 2049 Nonne
1021 2006 1139 2049 idem
1160 2009 1228 2049 est
1248 2019 1299 2050 ac
1319 2007 1356 2049 si
1378 2006 1521 2050 dicat:

178 2100 268 2149 466
289 2110 319 2139 a
471 2093 667 2136 Flectere
697 2093 734 2136 si
764 2107 932 2149 nequeo
962 2107 1154 2149 superos,
1173 2093 1426 2136 Acheronta
1454 2093 1673 2137 mouebo'l

335 2188 416 2228 aut
436 2185 707 2228 fidelioribus
727 2185 874 2228 uerbis
895 2188 940 2228 et
966 2185 1179 2228 insaniori
1205 2185 1414 2242 perfidia:
1445 2185 1494 2228 Si
1521 2185 1655 2228 michi
1681 2184 1802 2228 Deus

336 2255 545 2298 notitiam
597 2255 822 2297 subtrahit
880 2254 1095 2305 ueritatis,
1144 2269 1242 2297 eam
1297 2256 1446 2297 tamen
1495 2269 1575 2311 per
1629 2256 1802 2310 patrem

336 2324 554 2367 mendacii
595 2338 645 2366 eo
685 2323 829 2367 inuito
868 2338 1137 2380 cognoscam,
1177 2325 1222 2366 et
1260 2323 1371 2366 uelit
1409 2323 1522 2366 nolit
1560 2323 1801 2365 archanum
1821 2344 1863 2377 30

338 2393 509 2436 consilii
549 2392 643 2435 eius
682 2407 761 2449 per
799 2395 1041 2449 potestates
1080 2393 1356 2435 aduersarias
1394 2392 1664 2448 explorabo?
1743 2390 1802 2434 Et

339 2462 551 2504 dixerunt
578 2462 695 2504 serui
723 2462 816 2504 eius
840 2462 898 2504 ad
925 2477 1051 2505 eum:
1093 2462 1173 2505 Est
1199 2462 1358 2504 mulier
1381 2461 1547 2504 habens
1573 2460 1802 2517 phitonem
1871 2454 1873 2457 ’

339 2560 363 2596 6
387 2558 582 2604 subripere
599 2558 687 2595 GBS
823 2569 869 2595 20
894 2561 932 2596 et
950 2558 1179 2596 occidendus
1197 2561 1280 2596 erat
1297 2557 1363 2594 MS
1490 2566 1533 2605 25
1561 2557 1761 2595 scicitabor
1778 2557 1802 2594 S

338 2605 438 2650 cam]
455 2605 562 2641 illam
580 2606 619 2641 M
1874 2649 1878 2659 ἶ

382 2702 433 2746 ‚²3
460 2694 551 2727 Dix
548 2695 569 2727 t
585 2693 677 2729 etc:
709 2703 723 2728 1
746 2692 838 2739 Reg.
857 2692 982 2728 xxviii.
1003 2702 1036 2737 7.
1219 2701 1262 2736 27
1289 2693 1442 2727 Flectere
1458 2693 1557 2728 etc.:
1582 2691 1694 2737 Verg.
1710 2692 1801 2728 Aen.

340 2737 404 2775 vii.
423 2749 502 2783 3¹2·
671 2750 726 2785 29,
745 2750 794 2784 30
816 2746 880 2785 pat
883 2753 956 2775 rem
973 2741 1176 2777 mendacii:
1203 2752 1234 2776 v.
1254 2739 1383 2776 Ioann.
1402 2738 1478 2775 viii.
1495 2750 1530 2784 4.
1680 2749 1738 2785 31,
1756 2748 1801 2784 32
1876 2771 1878 2773 ,

340 2787 391 2822 Et
407 2788 579 2822 dixerunt
594 2787 687 2823 etc-z
722 2797 737 2824 1
758 2787 848 2833 Reg.
868 2786 996 2824 xxviii.
1015 2797 1050 2832 7.

451 2865 516 2900 150
