1878 3172
139 110 246 186 [452.
262 146 286 176 e
631 129 891 175 IoANNIS
923 125 1442 172 ‘SARESBERIENSIS
1600 94 1775 184 [12113.11·

303 253 388 297 sibi
418 250 706 294 manifestata
735 264 827 293 esse
857 249 1202 307 congratulatur,
1222 263 1355 306 opera
1383 247 1477 290 eius
1506 261 1641 304 supra
1669 260 1766 290 sen-

304 337 403 366 sum
427 321 618 364 hominis
646 320 928 377 magnificata
957 319 1115 362 asserit
1142 322 1199 371 51,
1219 318 1326 361 (111111
1354 320 1580 361 scrutatur
1607 317 1768 366 omnia,

305 391 595 449 cogitationes
638 389 858 433 Altissimi
903 389 1036 431 nimis
1081 388 1325 445 profundas
1366 387 1575 445 agnoscit.
1650 387 1769 431 Huic

305 460 487 504 ueritati
526 462 737 503 consonat
783 459 900 516 quod
939 459 987 500 in
1034 458 1294 501 Ecclesiaste
1339 461 1518 501 sanctus
1560 457 1769 501 Salomon

258 534 287 573 d
305 531 354 573 in
385 530 544 573 auditu
574 529 771 572 fidelium
806 529 1111 571 concionatur:
1162 528 1243 571 Est
1273 528 1404 571 homo
1434 527 1511 584 qui
1540 527 1696 570 diebus
1725 528 1770 569 et
1788 539 1808 575 5

306 599 508 643 noctibus
538 613 627 641 non
656 598 775 654 capit
805 597 941 640 oculis
968 611 1212 654 sompnum,
1237 600 1283 640 et
1305 596 1506 640 intellexi
1530 595 1648 653 quod
1660 610 1768 638 «0111-

307 669 431 711 nium
466 682 648 724 operum
678 667 762 709 Dei
791 666 960 708 nullam
990 666 1190 708 inuenire
1223 666 1364 722 possit
1393 666 1523 708 homo
1554 665 1771 708 rationem

308 751 459 780 eorum
481 750 592 793 quae
619 738 724 778 sunt
745 730 827 778 sub
855 735 955 777 sole.
1017 735 1075 778 Et
1099 737 1266 791 quanto
1293 734 1393 791 plus
1416 733 1686 776 laborauerit
1714 733 1773 776 ad

309 805 620 863 quaerendum,
640 807 767 848 tanto
787 805 934 847 minus
957 804 1180 856 inueniet3
1210 803 1384 847 etiamsi
1411 803 1576 846 dixerit
1599 803 1773 860 sapiens

309 890 356 918 se
375 889 512 925 nosse,
534 889 623 917 non
643 875 807 931 poterit
836 874 1037 931 reperire.
1098 874 1147 917 Si
1175 888 1278 931 ergo
1298 873 1490 916 inueniri
1514 888 1603 916 non
1627 874 1773 930 potest
1793 884 1835 908 10

309 945 425 988 ratio
454 942 758 994 subsolarium,
779 944 877 1000 quis
903 944 1031 1001 plene
1061 943 1406 1001 suprasolarium
1433 943 1687 986 redditurus
1706 944 1775 985 551

311 1014 559 1057 1511011511ιῖ
619 1013 729 1066 Quis
756 1013 874 1056 enim
903 1013 1112 1070 cognouit
1141 1028 1318 1056 sensum
1348 1013 1539 1063 Domini,
1566 1014 1646 1055 aut
1676 1011 1775 1068 quis

311 1083 586 1127 consiliarius
618 1083 712 1125 eius
744 1082 863 1126 fujtz
922 1082 1109 1126 Constat
1143 1083 1293 1139 itaque
1327 1083 1390 1126 sic
1428 1083 1645 1125 rationem
1684 1095 1775 1124 om-

312 1153 436 1194 nium
468 1152 673 1194 ueritatis
706 1151 862 1194 ardore
894 1151 1205 1207 quaerendum,
1235 1156 1287 1194 ut
1317 1151 1392 1208 pia
1425 1151 1615 1193 intentio
1650 1164 1776 1192 suam

311 1221 617 1263 infirmitatem
647 1223 858 1277 agnoscat
887 1223 932 1263 et
959 1236 1015 1263 ex
1044 1221 1248 1264 omnibus
1275 1221 1407 1263 rebus
1433 1221 1645 1277 proficiat,
1669 1219 1776 1262 dum
1797 1229 1837 1264 15

313 1291 397 1334 sibi
427 1290 695 1347 persuaserit
720 1290 919 1333 diuinam
949 1290 1225 1333 maiestatem
1254 1290 1446 1332 fideliter
1474 1289 1778 1332 honorandam

314 1363 360 1402 51
391 1359 712 1402 misericordiae
746 1359 1037 1401 indeficientis
1071 1359 1281 1415 abyssum
1315 1359 1480 1415 iugiter
1514 1358 1781 1415 amplecten÷

172 1441 250 1481 453
269 1442 299 1470 a
316 1429 431 1471 dam.
490 1428 691 1484 Denique
717 1428 835 1484 apud
865 1428 1146 1485 philosophos
1169 1431 1349 1471 cautum
1376 1431 1443 1471 est
1469 1428 1579 1470 talia
1602 1440 1779 1470 manere
1853 1449 1860 1454 -

315 1497 569 1554 praedicata
600 1496 749 1552 qualia
782 1496 979 1539 subiecta
1012 1497 1302 1553 permiserint,
1337 1497 1620 1552 omniumque
1653 1508 1777 1552 prae-

315 1565 673 1608 dicamentalium
722 1565 815 1607 uim
864 1568 909 1608 et
951 1566 1267 1622 proprietatem
1306 1566 1577 1608 naturalium
1615 1565 1778 1608 finibus
1799 1573 1841 1598 ²0

316 1635 501 1677 limitari
518 1648 527 1686 ;
557 1634 838 1690 eandemque,
859 1649 958 1676 cum
978 1635 1034 1676 ad
1055 1635 1227 1678 culmen
1247 1635 1494 1692 theologiae
1513 1635 1794 1686 ascenditur,

319 1703 444 1760 quasi
476 1703 630 1745 natiuo
662 1703 803 1745 colore
837 1703 1098 1746 destitutam
1130 1706 1176 1746 et
1209 1704 1364 1746 robore
1395 1703 1586 1746 alterari,
1646 1703 1782 1746 Plane

319 1773 468 1815 deficit
490 1772 559 1814 uis
579 1772 815 1814 uerborum
840 1774 885 1814 51
910 1772 1160 1815 1111511551115
1182 1773 1277 1829 ipse
1299 1773 1499 1816 mortalis
1525 1772 1782 1824 succumbit,

319 1841 396 1883 ubi
416 1840 595 1883 diuinae
621 1840 858 1883 discutitur
887 1841 1159 1884 immensitas
1182 1841 1437 1892 maiestatis,
1458 1844 1503 1884 51
1528 1841 1576 1883 111
1599 1845 1781 1884 natura-

319 1910 437 1952 libus
477 1910 659 1966 optinet,
703 1910 772 1952 his
811 1910 976 1953 scilicet
1015 1925 1127 1967 quae
1162 1926 1310 1953 rerum
1343 1925 1577 1954 numerum
1616 1912 1782 1967 augent
1802 1920 1842 1955 ²5

321 1980 394 2022 uel
423 1979 642 2030 minuunt,
674 1982 726 2022 ut
755 1979 872 2035 quod
902 1979 992 2022 11111
1020 1995 1109 2022 11011
1137 1981 1277 2037 possit
1299 1996 1388 2024 non
1414 1980 1563 2032 fuisse,
1589 1982 1669 2023 aut
1694 1993 1784 2021 non

321 2048 599 2105 praeteriisse
629 2048 747 2104 quod
777 2049 1017 2104 praeteriit,
1038 2049 1144 2091 dum
1173 2052 1324 2092 tamen
1354 2049 1471 2106 quod
1500 2063 1656 2091 uerum
1683 2047 1784 2098 11111,

323 2117 474 2159 Seium
491 2115 607 2159 forte
622 2116 851 2167 lecturum,
866 2117 1177 2160 nichilominus
1197 2132 1352 2160 uerum
1368 2132 1458 2160 non
1478 2117 1615 2160 fuisse
1634 2117 1783 2174 possit.

324 2185 453 2238 Quod
472 2186 623 2242 itaque
646 2186 935 2242 praeteritum
956 2189 1035 2237 551,
1057 2187 1254 2230 reuocari
1280 2201 1368 2229 non
1389 2189 1536 2242 potest
1561 2200 1617 2228 ne
1637 2185 1786 2236 fuerit,

325 2258 370 2297 et
410 2269 547 2310 aeque
587 2254 704 2310 quod
743 2269 799 2297 ex
838 2254 1011 2297 insidiis
1050 2254 1255 2297 fortunae
1289 2254 1463 2311 pendet,
1497 2254 1603 2296 dum
1636 2257 1785 2296 tamen
1803 2267 1846 2300 30

277 2327 306 2364 b
327 2337 383 2365 ex
417 2321 633 2365 facilitate
667 2325 854 2365 naturae
885 2323 1140 2366 utriuslibet
1170 2323 1302 2366 sortis
1333 2325 1537 2379 expectat
1566 2325 1786 2372 euentum,

326 2391 450 2433 nulla
496 2390 726 2434 eueniendi
766 2390 850 2433 sibi
889 2391 1124 2434 necessitas
1163 2391 1333 2434 subicit.
1413 2390 1486 2433 Sic
1525 2389 1641 2433 forte
1680 2389 1787 2431 dum

329 2504 352 2540 6
375 2514 548 2539 somnum
566 2502 590 2539 S
784 2513 828 2541 10
852 2503 1042 2550 repperire
1057 2503 1091 2539 A
1281 2512 1324 2548 17
1349 2501 1510 2539 abissum
1528 2500 1552 2538 S
1745 2512 1789 2549 19

328 2561 402 2596 que
419 2562 485 2586 om.
505 2550 545 2585 M

379 2670 397 2707 5
424 2662 492 2696 Est
507 2662 608 2698 homo
626 2663 696 2698 etc.
714 2674 723 2697 :
749 2661 890 2698 Eccles.
909 2661 986 2697 viii.
1010 2663 1062 2705 16,
1084 2670 1138 2706 17.
1260 2671 1303 2698 12
1331 2661 1418 2705 Quis
1433 2662 1530 2696 enim
1547 2662 1642 2698 etc.:
1671 2670 1685 2697 1
1706 2661 1788 2697 Cor.

330 2708 370 2744 ii.
393 2709 445 2744 16.
603 2719 656 2753 12,
678 2719 718 2754 13
766 2712 825 2745 uis
840 2711 1072 2745 consiliarius
1088 2711 1182 2745 etc.:
1208 2707 1323 2744 Exod.
1342 2707 1392 2743 xl.
1415 2718 1467 2752 13.
1625 2710 1666 2744 18
1691 2709 1792 2754 apud

325 2756 558 2802 philosophos
574 2757 666 2792 etc.:
689 2768 723 2803 v.
774 2755 874 2794 oeth.
892 2758 936 2793 de
955 2757 1060 2793 Trin.
1074 2768 1105 2793 c.
1121 2766 1155 2801 4,
1167 2757 1248 2792 init.
1269 2754 1416 2803 (Migne
1431 2756 1472 2792 P.
1486 2756 1530 2792 L.
1542 2754 1629 2792 lxiv.
1647 2758 1764 2803 1252).

443 2826 508 2860 128
