1878 3172
0 157 2 202 5
85 172 208 232 lou.
221 185 294 247 ιι]
615 184 1055 231 Pomanrlcvs
1578 190 1657 232 ⁵35
1675 190 1702 221 e

113 310 461 360 Atheniensium,
490 312 716 365 tamquam
750 307 808 350 ad
838 306 1003 350 iudices
1032 305 1258 363 grauiores
1287 303 1562 347 exercitatio-

0 413 1 426 ι
112 395 279 437 resque,
291 379 454 422 reiecit.
483 379 546 421 At
557 377 623 420 illi
634 391 766 420 causa
779 376 955 433 cognita
967 378 1135 418 actores
1146 377 1192 416 et
1204 388 1323 416 ream
1335 372 1562 415 mulierem

0 455 1 498 j
65 500 70 504 .
109 449 346 493 centesimo
374 462 491 490 anno
516 446 666 489 adesse
694 446 927 487 iusserunt.
986 443 1059 486 Sic
1089 445 1238 485 autem
1262 456 1403 498 neque
1431 455 1561 484 uene-

109 517 270 567 ficium,
284 517 401 574 quod
420 516 475 559 de
496 515 592 572 lege
611 529 700 557 non
718 514 856 565 licuit,
876 512 1126 555 absolutum
1145 514 1224 562 est,
1243 525 1383 567 neque
1403 525 1562 553 nocens

71 599 93 634 5
109 586 268 642 punita
299 585 469 635 mulier,
497 584 568 628 cui
599 598 656 626 ex
690 582 910 626 sententia
940 580 1180 623 multorum
1218 579 1350 622 uenia
1388 582 1563 635 poterat

109 654 341 712 indulgeri.
399 653 496 696 Hoc
530 654 595 696 ita
626 652 762 695 fuisse
797 665 939 694 nonus
968 650 1080 692 liber
1110 648 1461 691 Memorabilium
1495 648 1560 690 di-
1619 650 1627 656 '

109 727 281 766 etorum
314 722 387 765 uel
417 722 635 765 factorum
669 720 834 763 Valerii
864 718 1048 761 Maximi
1078 718 1216 760 docet.
1276 716 1483 760 Ceterum
1516 719 1562 759 et

111 791 301 833 Brutum
321 794 367 833 et
389 790 616 833 mulierem
635 789 868 845 deliquisse
887 787 1155 831 consentiam
1176 785 1315 836 facile,
1335 800 1386 828 eo
1406 785 1523 842 quod

169 885 184 895 ‘
197 881 431 924 excesserit
459 880 674 923 medicina
701 879 891 929 modum,
920 878 1191 934 nimiumque
1219 879 1369 920 secuta
1398 879 1476 926 est,

52 957 95 982 10
197 953 285 995 qua
312 938 454 981 morbi
483 938 660 988 duxere,
689 952 868 980 manum

109 1033 166 1080 et,
188 1029 292 1073 licet
316 1044 477 1086 magna
500 1028 669 1072 fuerint
693 1028 888 1077 crimina,
912 1026 1209 1084 praestantius
1235 1024 1383 1067 fuerat
1409 1023 1560 1066 eadem

109 1099 203 1142 sine
240 1098 465 1155 punientis
509 1097 690 1140 crimine
727 1095 964 1139 uendicari.
1036 1094 1162 1136 Vnde
1202 1096 1247 1136 et
1284 1092 1559 1135 infelicitatis

108 1166 409 1211 testim0nium
451 1166 592 1208 Bruto
636 1165 837 1221 perhibet
876 1163 1009 1206 etiam
1047 1165 1178 1219 poeta
1221 1161 1451 1213 laudator3
1494 1161 1558 1203 ait
1574 1155 1605 1196 <l

111 1236 228 1279 enim
257 1235 304 1277 in
333 1238 459 1278 sexto
488 1233 725 1291 Virgilius:

12 1330 23 1374 ὁ
52 1334 92 1369 15
481 1324 707 1380 Natosque
736 1325 863 1380 pater
891 1336 1007 1364 noua
1035 1321 1151 1364 bella
1178 1322 1405 1363 mouentes

310 1383 367 1426 ad
395 1397 554 1439 penam
583 1382 766 1438 pulchra
795 1395 875 1437 pro
903 1380 1108 1422 libertate
1135 1378 1312 1420 uocabit

310 1439 479 1491 infelix,
507 1442 745 1495 utcumque
773 1438 919 1481 ferent
948 1452 999 1480 ea
1028 1436 1147 1479 facta
1175 1435 1375 1477 minores.

109 1531 173 1574 At
208 1531 504 1574 infortunium
542 1530 767 1587 parricidii
798 1529 860 1571 sic
893 1541 1025 1570 uersu
1059 1525 1260 1582 sequenti
1290 1528 1471 1568 excusat
1509 1527 1563 1568 ut

112 1599 258 1643 inanis
275 1599 441 1656 gloriae
459 1602 620 1656 arguat
638 1598 895 1647 uanitatem,
915 1596 1085 1638 dicens:

51 1708 96 1734 πο
225 1690 384 1734 Vincet
411 1705 535 1734 amor
561 1689 731 1746 patriae
759 1688 1025 1743 laudumque
1053 1686 1266 1728 immensa
1294 1684 1462 1741 cupido.

110 1779 210 1831 Sed,
248 1796 304 1824 ne
342 1781 441 1838 quis
478 1780 635 1823 amodo
674 1780 863 1821 Brutum
909 1778 1120 1827 imitetur,
1157 1775 1368 1832 populum
1411 1774 1560 1818 liberis

31 1880 37 1882 -
110 1848 373 1906 praeferens,
401 1848 570 1892 frustra
598 1847 911 1896 sollicitaberis,
940 1860 1040 1889 cum
1071 1844 1143 1887 uel
1178 1844 1291 1886 uitia
1324 1844 1560 1886 liberorum

111 1917 246 1960 saluti
288 1918 352 1960 rei
393 1917 592 1974 publicae
635 1915 954 1972 praeferantur,
992 1914 1095 1956 licet
1134 1915 1302 1955 certum
1347 1913 1406 1954 sit
1445 1912 1561 1968 quod

111 1985 298 2029 salutem
343 1985 494 2042 populi
535 1984 685 2026 liberis
730 1983 931 2025 omnibus
970 1983 1171 2038 oporteat
1209 1979 1433 2023 anteferri.
1505 1980 1560 2022 In

52 2064 95 2099 25
111 2055 225 2097 libro
258 2054 509 2111 Regnorum
546 2053 751 2109 arguitur
789 2051 895 2094 Saul
928 2050 1043 2106 quod
1076 2063 1187 2099 cum,
1217 2052 1322 2091 uoto
1353 2048 1472 2092 facto
1505 2049 1560 2092 de

112 2123 271 2165 diurno
289 2122 452 2164 ieiunio
471 2121 554 2164 sub
579 2120 828 2163 discrimine
854 2119 973 2161 illius
992 2118 1068 2174 qui
1090 2121 1193 2159 ante
1216 2120 1388 2159 noctem
1408 2120 1560 2159 contra

110 2194 265 2234 uotum
285 2193 476 2233 sumeret
495 2189 651 2238 cibum,
666 2188 876 2230 Ionathas
896 2187 1012 2228 filius
1029 2186 1122 2228 eius
1141 2185 1226 2227 mel
1246 2185 1358 2240 quod
1378 2187 1558 2240 sceptro,
1575 2191 1658 2240 536
1677 2202 1708 2232 a

109 2260 156 2302 id
179 2262 257 2309 est,
276 2260 405 2302 hasta
430 2259 649 2314 tetigerat,
668 2258 1003 2313 praegustasset,
1021 2258 1204 2311 paterno
1229 2257 1375 2296 motus
1401 2253 1560 2296 affectu

110 2331 263 2372 eontra
282 2326 506 2384 religionis
519 2328 674 2368 uotum
690 2324 883 2381 pepercit
899 2323 1013 2375 filio;
1041 2323 1166 2366 euius
1186 2321 1560 2378 praeuaricatione

113 2471 155 2497 12
178 2460 363 2496 uindicari
382 2459 544 2496 CBASM
705 2468 746 2503 13
771 2457 946 2493 laudator
962 2458 1075 2503 poeta
1090 2456 1124 2492 A
1282 2456 1324 2492 16
1350 2454 1482 2502 pulcra
1498 2454 1558 2490 AS

113 2509 157 2544 18
179 2507 247 2553 At]
265 2507 340 2544 Aut
359 2506 399 2542 M
541 2515 583 2552 25
610 2506 712 2542 facto
729 2507 818 2541 uoto
837 2505 876 2539 M

158 2632 179 2667 7
209 2625 347 2660 Valeria·
362 2625 543 2659 Maximi:
569 2634 617 2658 sc.
628 2621 711 2657 Val.
724 2621 823 2656 Max.
836 2620 912 2656 viii.
927 2630 942 2656 1
963 2620 1011 2656 ad
1024 2620 1086 2656 fin.
1215 2629 1238 2665 9
1261 2621 1443 2655 excesserit
1459 2620 1530 2655 etc.
1547 2630 1556 2654 :

112 2669 251 2706 Lucan.
267 2672 394 2706 Phars.
412 2669 452 2706 ii.
471 2680 546 2714 142,
564 2680 630 2714 143
646 2670 804 2709 (excessit
821 2668 920 2707 etc).
1019 2677 1062 2703 10
1077 2679 1224 2702 manum
1239 2677 1247 2701 ε
1274 2666 1327 2702 sic
1343 2678 1412 2712 pro
1430 2679 1561 2702 manus

16 2736 21 2747 ι
112 2717 207 2764 legit
219 2717 260 2752 in
272 2717 343 2753 hoc
356 2717 439 2753 loco
452 2716 596 2752 Lucani
609 2716 706 2761 Aug.
717 2717 761 2750 de
776 2716 846 2750 Civ.
860 2716 938 2755 Dei,
951 2713 1003 2749 iii.
1018 2723 1074 2757 27.
1165 2723 1206 2748 12
1224 2715 1447 2758 infelicitatis
1462 2715 1534 2749 etc.
1549 2724 1558 2749 :

14 2767 25 2783 ·*
111 2776 146 2800 v.
163 2764 257 2810 Aug.
276 2766 318 2800 de
337 2765 412 2801 civ.
431 2765 512 2805 Dei,
529 2775 560 2799 v.
582 2764 635 2798 18.
782 2771 822 2806 15
848 2763 940 2796 Nato
982 2773 1022 2796 ue
1039 2763 1134 2796 etc.:
1160 2759 1271 2806 Verg.
1289 2761 1381 2796 Aen.
1400 2759 1448 2797 vi.
1467 2761 1562 2797 820-

18 2814 31 2860 5v
114 2820 170 2855 23.
311 2821 368 2856 24,
386 2819 429 2857 25
454 2812 502 2846 In
519 2811 608 2846 libro
623 2811 851 2854 Reqnorum:
876 2820 909 2844 v.
928 2819 946 2844 1
997 2818 1055 2853 eg.
1071 2806 1144 2844 xiv.

167 2889 249 2908 mn
795 2877 822 2903 N
845 2877 875 2903 n
1388 2876 1451 2911 273
