1878 3172
212 158 295 199 503
315 150 344 190 b

690 147 950 192 IOANNIS
990 147 1503 193 SARESBERIENSIS
1634 147 1747 209 [ΜΒ.
1762 160 1824 196 111

363 306 471 364 Cap.
497 320 563 363 13.
614 306 735 360 Quia
753 306 1000 350 ‘mendicari
1012 311 1216 363 possunt,
1230 321 1344 364 quae
1358 311 1466 351 sunt
1479 307 1826 353 adulationibus

478 377 715 434 adquisita
726 395 745 427 ;
775 381 813 420 et
832 376 886 420 de
904 376 1140 421 lenonibus
1154 381 1193 420 et
1207 376 1421 421 ‘mollibus
1440 380 1480 421 et
1493 392 1618 434 pena
1637 392 1794 421 eornm
1805 396 1824 429 ;

477 451 516 490 et
545 446 667 503 quod
695 446 929 502 pudicitia
958 446 1138 502 auferri
1169 461 1265 490 non
1295 450 1436 504 potest
1466 446 1699 498 evidenter,
1729 446 1827 491 nisi

477 530 602 559 'mens
621 516 724 572 ipsa
743 515 1001 560 consentiat.

321 632 347 662 e
421 612 561 670 Atqui
591 612 794 655 adulator
823 612 863 655 ei
893 626 1171 669 nequaquam
1200 627 1355 669 parere
1388 615 1546 670 potest,
1580 613 1657 669 qui
1688 613 1825 656 nichil
1842 632 1861 665 5

363 682 486 725 aliud
510 682 684 739 quaerit
709 682 795 724 nisi
821 684 874 724 ut
892 681 1089 738 placeat3
1119 681 1157 724 si
1177 684 1335 738 potest,
1354 696 1434 738 per
1463 696 1535 735 se3
1565 682 1635 725 sin
1661 685 1824 735 autem,

362 765 594 808 personam
622 750 895 807 suppositam
926 750 1110 806 quaerit,
1134 764 1318 793 uxorem
1353 749 1470 794 forte
1504 751 1694 794 aliamue
1723 766 1824 794 con-

362 820 559 863 iunctam
590 820 660 862 uel
690 820 786 862 iure
815 819 887 861 uel
916 819 1155 862 affectione.
1214 819 1401 862 Affectio
1429 822 1579 862 tamen
1612 819 1826 864 efficacior

362 892 442 941 est,
462 904 512 932 eo
533 889 650 946 quod
674 889 731 931 ad
757 891 963 931 naturam
988 887 1253 931 familiarius
1281 888 1460 939 accedit,
1479 889 1650 946 ipsique
1670 890 1827 932 unitur

362 959 535 1001 animae
575 957 784 1015 quicquid
823 957 1065 1000 affectionis
1105 956 1254 1000 federe
1291 957 1536 1015 copulatur.
1613 958 1716 1001 Non
1757 961 1825 1002 est
1843 975 1878 1000 ιε

360 1028 516 1084 utique
560 1027 845 1084 perniciosior
889 1027 1130 1069 assentatio
1170 1041 1303 1083 quam
1342 1041 1395 1070 ea
1434 1042 1547 1084 quae
1581 1027 1825 1071 affectionis

361 1097 616 1140 inductione
654 1096 863 1153 procedit.
922 1096 1033 1139 Inde
1076 1098 1143 1139 est
1182 1095 1300 1152 quod
1339 1110 1468 1152 saepe
1498 1096 1649 1138 mariti
1683 1096 1825 1140 artius

361 1167 702 1223 amplectuntur,
742 1168 788 1208 et
830 1180 876 1208 se
915 1166 1130 1208 riualibus
1165 1165 1256 1208 suis
1295 1167 1525 1222 exponunt
1562 1165 1747 1222 plenius,
1778 1168 1824 1209 et

362 1236 536 1293 saepius
574 1235 772 1278 inuitant
810 1235 867 1277 ad
901 1249 1053 1278 cenam
1086 1234 1357 1277 matrimonii
1391 1237 1680 1292 corruptores,
1715 1235 1822 1278 dum

363 1304 434 1362 (ut
468 1304 805 1361 prouerbialiter
838 1304 1002 1347 dicitur
1031 1307 1204 1347 amator
1231 1304 1435 1347 incautus
1463 1304 1649 1361 pudicae
1679 1304 1821 1362 magis
1843 1320 1878 1355 1⁵

362 1373 510 1432 uxori)
537 1387 670 1430 quam
693 1373 945 1415 infidelibus
969 1373 1105 1416 oculis
1129 1373 1278 1416 credit.
1338 1372 1498 1416 Nonne
1517 1373 1626 1416 satis
1646 1373 1824 1416 delusus
1857 1392 1864 1396 ·

317 1449 347 1489 d
365 1446 431 1486 est
456 1443 533 1499 qui
559 1442 696 1485 oculis
725 1442 817 1485 suis
843 1442 1129 1485 assertionem
1157 1441 1407 1494 femineam,
1428 1457 1541 1499 quae
1565 1457 1623 1485 ex
1650 1457 1701 1486 eo
1731 1442 1824 1486 solo

364 1512 527 1568 decipit
547 1511 741 1554 crebrius
767 1511 884 1567 quod
914 1511 1195 1568 intercipitur
1221 1511 1376 1562 rarius,
1396 1511 1661 1568 anteponit?
1720 1511 1825 1555 Pica

362 1581 578 1638 siquidem
598 1581 846 1637 puluinaris
866 1580 1161 1624 efficacissima
1186 1583 1253 1624 est
1274 1583 1330 1633 et,
1350 1583 1403 1623 ut
1423 1581 1509 1624 dici
1530 1581 1652 1634 solet,
1667 1581 1822 1624 cornix

361 1652 578 1693 nocturna
598 1650 754 1706 quouis
774 1652 947 1692 oratore
966 1649 1182 1700 disertior,
1203 1652 1248 1692 et
1267 1650 1477 1706 cuiusque
1501 1650 1644 1707 operis
1663 1650 1822 1694 faciem
1841 1664 1878 1689 π

363 1733 638 1775 quocumque
675 1718 856 1761 libuerit
889 1718 1031 1761 colore
1062 1719 1210 1763 uestit.
1281 1718 1379 1771 Quo
1419 1733 1523 1776 ergo
1557 1720 1738 1770 cautior,
1772 1734 1824 1763 eo

363 1788 606 1844 suspectior
625 1787 828 1830 habenda
858 1790 936 1831 est.
996 1786 1046 1830 Si
1072 1787 1198 1830 dolus
1225 1787 1348 1830 dedit
1367 1802 1543 1831 causam
1566 1789 1825 1840 contractui,

364 1857 641 1909 rescinditur,
676 1859 722 1899 et
760 1859 1026 1900 reuocantur
1064 1857 1213 1900 omnia
1247 1871 1359 1914 quae
1399 1872 1456 1900 ex
1490 1872 1541 1900 eo
1579 1857 1651 1900 uel
1685 1858 1743 1901 ob
1775 1858 1824 1901 id

363 1925 564 1983 profecta
602 1928 718 1968 sunt.
789 1925 985 1968 Heredes
1016 1939 1189 1982 quoque
1223 1925 1423 1968 defuncti
1461 1925 1509 1968 in
1548 1926 1736 1969 solidum
1777 1929 1824 1970 et

363 1995 412 2037 in
454 1997 717 2052 perpetuum
760 1996 969 2037 tenentur
1008 1994 1063 2037 de
1102 2009 1163 2045 eo,
1204 1994 1322 2051 quod
1359 1994 1417 2038 ad
1463 2009 1535 2038 eos
1573 1995 1822 2039 constiterit
1840 2012 1878 2048 ²⁵

363 2064 626 2121 peruenisse.
686 2063 774 2106 Sed
798 2063 904 2120 quid
933 2063 1161 2106 adulatore
1188 2063 1413 2107 dolosius?
1471 2063 1534 2106 At
1553 2064 1686 2107 michi
1706 2063 1823 2108 forte
1868 2064 1871 2065 ⁷

363 2133 524 2176 obicies
564 2133 669 2189 quia
707 2147 796 2175 non
831 2147 981 2175 omnes
1012 2133 1130 2176 noui.
1201 2132 1367 2175 Verum
1403 2132 1579 2190 quidem
1615 2136 1707 2186 est3
1746 2133 1824 2177 sed

363 2217 391 2245 a
419 2202 573 2245 multis
602 2202 736 2245 michi
765 2201 968 2244 didicisse
997 2201 1151 2244 uideor
1179 2202 1376 2244 omnium
1409 2216 1562 2244 mores.
1621 2201 1824 2245 Duellius

363 2271 453 2313 iam
473 2285 619 2321 seneX,
634 2271 723 2313 iam
743 2270 990 2327 decrepitus
1005 2284 1184 2327 corpore
1204 2271 1417 2327 cordeque
1437 2271 1656 2321 trementi,
1672 2271 1823 2314 dolens

217 2353 299 2394 504
318 2354 348 2384 a
365 2340 449 2382 sibi
489 2340 804 2396 exprobratum
844 2353 936 2382 esse
967 2339 1015 2380 in
1053 2339 1197 2396 iurgio
1233 2340 1350 2396 quod
1387 2339 1475 2382 oris
1511 2339 1624 2382 uitio
1656 2339 1822 2382 fetidus
1839 2358 1878 2395 35:

365 2411 490 2460 esset,
519 2423 565 2451 se
595 2409 774 2451 domum
803 2407 1004 2451 contulit.
1065 2407 1264 2464 Cumque
1298 2408 1427 2451 uxori
1459 2408 1641 2465 grauius
1671 2423 1822 2465 quere-

365 2542 386 2577 7
412 2533 643 2579 subpositam
662 2533 686 2570 S
829 2543 872 2580 25
898 2533 1180 2581 imperpetuum
1196 2534 1230 2569 A

415 2643 467 2685 18,
490 2652 532 2686 19
557 2643 645 2678 Pica
656 2644 893 2688 puluinaris:
919 2642 1067 2679 Petron.
1077 2644 1150 2678 Sat.
1170 2641 1187 2689 ξ
1208 2651 1264 2689 37.
1406 2652 1450 2677 22
1474 2643 1517 2678 Si
1531 2643 1636 2678 dolus
1652 2644 1750 2680 ete:
1775 2641 1821 2680 de

363 2690 442 2724 dolo
460 2690 553 2724 malo
570 2701 601 2724 v.
619 2689 703 2736 Dig.
721 2689 767 2725 iv,
785 2701 805 2734 3
821 2703 829 2734 ;
857 2691 903 2726 cf.
921 2689 1022 2725 xviii.
1045 2700 1073 2725 1.
1090 2700 1147 2735 43.
1318 2699 1363 2733 24
1388 2690 1544 2725 Heredes
1560 2692 1653 2725 eto:
1678 2702 1709 2725 v.
1732 2688 1821 2726 cod.
1876 2723 1878 2726 ,

365 2735 500 2771 Iustin.
513 2735 558 2771 iv,
582 2746 633 2780 17.
778 2739 821 2773 28
840 2739 1008 2772 Duellius
1024 2739 1112 2772 etc.:
1137 2749 1169 2772 v.
1181 2735 1335 2772 Hieron.
1351 2738 1427 2771 adv.
1446 2738 1558 2772 Iovin.
1575 2735 1598 2771 i.
1610 2738 1657 2780 46
1677 2736 1821 2783 (Migne

363 2784 406 2819 P.
423 2784 465 2819 L.
484 2782 588 2819 xxiii.
607 2792 671 2830 275
689 2796 697 2827 ;
724 2782 866 2821 Seneca
883 2786 924 2819 de
941 2786 1176 2820 Matrimonio
1193 2783 1326 2830 fragm.
1345 2792 1391 2828 70
1407 2783 1464 2819 ed.
1481 2783 1636 2830 Haase).

476 2853 540 2887 216
