1878 3172
123 163 221 197 car.
236 151 277 214 1]
624 153 1057 199 POLICRATICVS
1586 165 1668 207 539
1686 159 1716 198 b

120 273 311 316 sacrario
329 286 501 316 morum
529 275 683 318 tantus
708 274 874 318 arbiter
898 277 951 317 ut
973 274 1102 318 facile
1124 278 1448 332 praeceptorem
1468 274 1574 318 Tra-

120 340 213 384 iani
245 342 384 398 possis
422 357 667 399 agnoscere.
739 342 788 386 Si
819 344 926 400 quid
959 346 1108 387 autem
1141 344 1260 401 apud
1295 358 1395 386 eum
1427 359 1455 386 a
1487 343 1574 386 fide

82 449 87 454 .
119 409 326 454 dissentit
344 414 424 454 aut
442 412 648 462 moribus,
659 413 846 468 tempori
866 413 1013 469 potius
1028 427 1160 469 quam
1175 413 1273 456 uiro
1288 413 1574 456 adscribatur.

121 478 171 522 Si
191 479 308 522 enim
327 480 515 537 Virgilio
533 481 659 524 licuit
677 495 834 524 aurum
853 482 1093 538 sapientiae
1113 482 1160 524 in
1179 482 1275 524 luto
1291 481 1423 523 Ennii
1443 496 1572 538 quae-

83 566 103 599 5
121 562 228 599 rere,
260 563 371 604 quae
409 549 579 592 inuidia
617 553 684 593 est
718 565 780 601 ea,
811 565 923 607 quae
956 550 1013 593 ad
1052 550 1343 594 eruditionem
1377 553 1574 593 nostram

121 630 149 658 a
170 616 411 672 gentilibus
437 618 601 674 scripta
626 621 742 669 sunt,
761 619 924 662 nostris
952 619 1302 663 communicare?
1361 618 1446 661 His
1470 621 1574 675 ergo

120 685 292 728 omissis
310 686 367 728 ad
387 686 556 743 reliqua
574 687 868 743 procedamus.

206 794 311 852 Cap.
339 809 374 838 1.
414 795 619 852 Epistola
647 795 890 840 Plutarchi
916 796 1186 841 instruentis
1215 796 1485 840 Traianum.

180 886 320 929 Extat
357 886 556 943 Epistola
602 886 827 930 Plutarchi
872 887 1111 930 Traianum
1149 887 1422 941 instruentiS,
1461 902 1573 945 quae

61 972 104 996 10
119 955 347 998 cuiusdam
385 955 588 1012 politicae
626 955 954 999 constitutionis
996 955 1206 1012 exprimit
1247 970 1435 1000 sensum.
1508 956 1573 999 Ea

118 1023 282 1067 dicitur
314 1038 406 1067 esse
439 1024 716 1067 huiusmodi:
757 1024 987 1069 Plutarcus
1011 1025 1200 1068 Traiano
1230 1025 1418 1068 salutem
1448 1026 1567 1069 dicit.

117 1092 378 1136 Modestiam
397 1095 521 1135 tuam
539 1107 749 1136 noueram
768 1107 857 1136 non
883 1096 1088 1150 appetere
1114 1093 1421 1150 principatum,
1441 1109 1571 1151 quem
1588 1107 1613 1136 c

116 1158 268 1205 tamen
306 1175 476 1218 semper
515 1176 686 1205 morum
725 1162 944 1219 elegantia
981 1162 1139 1205 mereri
1177 1162 1400 1206 studuisti.
1473 1163 1571 1215 Quo

14 1278 21 1283 .
118 1231 295 1288 quidem
314 1234 440 1274 tanto
460 1230 634 1288 dignior
652 1230 870 1281 iudicaris,
886 1233 1052 1287 quanto
1072 1246 1099 1273 a
1118 1230 1298 1274 crimine
1317 1231 1571 1275 ambitionis

12 1293 25 1325 ἶ
59 1313 100 1348 15
118 1300 283 1343 uideris
311 1314 403 1343 esse
426 1299 643 1343 remotior.
716 1299 835 1342 Tuae
861 1300 1011 1356 itaque
1034 1300 1195 1343 uirtuti
1218 1301 1499 1358 congratulor
1525 1305 1571 1344 et

117 1367 323 1412 fortunae
341 1383 474 1420 meae,
489 1369 527 1411 si
546 1370 696 1411 tamen
716 1371 831 1412 recte
850 1369 1035 1425 gesseris
1055 1383 1184 1425 quem
1204 1370 1338 1426 probe
1358 1370 1569 1413 meruisti.

115 1437 326 1494 Alioquin
345 1440 391 1480 te
408 1437 613 1494 periculis
632 1439 678 1480 et
696 1451 766 1479 me
788 1437 1115 1480 detrahentium
1134 1437 1298 1495 linguis
1325 1438 1569 1482 subiectum

114 1506 171 1549 iri
201 1521 291 1550 non
321 1505 487 1556 dubito,
513 1521 612 1549 cum
644 1509 690 1548 et
719 1506 945 1563 ignauiam
968 1506 1283 1562 imperatorum
1313 1507 1452 1550 Roma
1481 1523 1570 1550 non

115 1574 245 1626 ferat,
284 1579 330 1618 et
367 1590 508 1618 sermo
547 1575 747 1632 publicus
786 1575 946 1618 delicta
983 1575 1296 1632 discipulorum
1336 1575 1570 1620 refundere

58 1634 255 1688 ao'soleat
292 1644 340 1687 in
377 1647 690 1701 praeceptores.
764 1643 836 1687 Sic
871 1644 1036 1687 Seneca
1066 1645 1256 1688 Neronis
1296 1646 1365 1688 sui
1411 1647 1569 1690 merito

115 1712 442 1756 detrahentium
454 1712 650 1768 carpitur
660 1712 836 1768 linguis
851 1712 1188 1756 adolescentium
1202 1727 1380 1756 suorum
1394 1715 1567 1758 temeri-

113 1783 185 1824 tas
221 1780 269 1822 in
304 1779 628 1832 Quintilianum
661 1779 925 1831 refunditur,
960 1784 1005 1824 et
1036 1781 1237 1825 Socrates
1270 1782 1318 1824 in
1349 1783 1566 1839 pupillum

114 1863 243 1892 suum
262 1848 398 1891 fuisse
417 1847 672 1890 clementior
685 1848 954 1891 criminatur.
1012 1849 1080 1891 Tu
1099 1864 1205 1892 uero
1225 1850 1401 1906 quiduis
1417 1851 1565 1894 rectis-

114 1918 223 1960 sime
241 1930 376 1974 geres,
395 1915 433 1958 si
455 1930 545 1958 non
564 1915 790 1958 recesseris
809 1930 836 1958 a
854 1918 900 1959 te
919 1916 1026 1972 ipso.
1085 1917 1134 1959 Si
1160 1918 1352 1973 primum
1378 1921 1423 1960 te
1450 1933 1563 1961 com·
1581 1920 1609 1959 d

55 1997 96 2031 25
113 1985 320 2042 posueris,
353 1984 391 2026 si
421 1987 501 2026 tua
529 1983 676 2026 omnia
703 1983 966 2039 disposueris
994 1984 1051 2026 ad
1074 1985 1300 2036 uirtutem,
1334 1988 1450 2028 recte
1481 1986 1565 2028 tibi

112 2053 348 2110 procedent
366 2052 584 2094 uniuersa.
643 2051 850 2095 Politicae
869 2053 1194 2096 constitutionis
1214 2054 1428 2096 maiorum
1447 2055 1566 2097 uires

112 2121 196 2164 tibi
223 2120 445 2177 exscripsi,
471 2119 542 2162 cui
571 2119 610 2162 si
639 2119 924 2176 obtemperas,
944 2120 1197 2164 Plutarcum
1223 2121 1404 2164 uiuendi
1430 2122 1565 2165 habes

116 2229 156 2256 11
182 2217 405 2254 Plutarchus
421 2216 462 2251 M
658 2226 701 2251 21
728 2215 1047 2253 adholescentium
1064 2216 1098 2252 A
1296 2226 1341 2262 27
1366 2217 1571 2265 exscripsi]-

114 2264 278 2312 expressi
293 2264 334 2299 M
427 2264 664 2308 optemperas
679 2262 714 2297 A

163 2355 193 2389 1,
211 2355 233 2381 2
251 2347 514 2391 praeceptorem
534 2343 707 2378 Traiani:
732 2342 780 2379 cf.
798 2342 901 2379 Suid.
920 2345 1006 2379 Lex.
1023 2355 1049 2380 s.
1063 2355 1094 2380 v.
1114 2342 1340 2391 Πλούταρχος
1358 2344 1430 2391 (ed.
1445 2344 1559 2381 Gaisf.

113 2392 233 2439 3014).
390 2402 413 2434 4
443 2391 617 2435 Virqilioz
643 2401 676 2425 v.
695 2390 832 2426 Donat.
854 2391 936 2426 Vita
966 2392 1094 2436 Verya.
1114 2402 1145 2426 c.
1168 2392 1220 2427 18.
1364 2400 1382 2437 5
1409 2404 1499 2438 quae
1514 2395 1564 2428 ad

111 2441 347 2476 eruditionem
367 2439 438 2474 etc.
455 2449 464 2473 ι
491 2437 541 2472 of.
558 2436 662 2472 Rom.
679 2447 734 2472 xv.
752 2442 786 2482 4.
1023 2439 1066 2473 16
1089 2448 1211 2483 quem:
1238 2449 1285 2473 sc.
1296 2441 1561 2484 principatum.

112 2497 155 2523 21
183 2486 456 2522 adolescentium
479 2495 625 2520 suorum
641 2485 733 2519 etc.:
762 2482 997 2526 Quintiliano
1019 2486 1166 2520 constat
1189 2495 1235 2520 ex
1252 2486 1370 2520 Instit.
1398 2487 1499 2522 Orac.
1523 2486 1562 2521 iv

54 2533 56 2536 ’
111 2544 275 2579 prooem.
295 2531 314 2578 ξ
333 2543 353 2567 2
378 2529 636 2566 Domitianum
655 2529 790 2566 sororis
812 2541 900 2566 suae
924 2533 1116 2577 nepotum,
1135 2542 1226 2576 quos
1244 2532 1419 2577 paruulos
1438 2532 1559 2569 adhuc

112 2579 171 2615 sui
196 2589 420 2615 successores
453 2577 702 2613 destinaverat
729 2576 845 2620 (Suet.
874 2579 978 2613 Dom.
1012 2577 1030 2624 §
1062 2578 1129 2623 15),
1164 2578 1390 2624 delegavisse
1420 2591 1560 2616 curam.

112 2626 318 2662 Puerorum
339 2625 495 2660 istorum
516 2625 666 2670 patrem
688 2623 859 2659 Flavium
883 2624 1117 2660 Clementem
1141 2626 1290 2660 tantum
1314 2637 1391 2662 non
1415 2626 1457 2662 in
1479 2627 1560 2672 ipso

113 2672 313 2709 consulatu
324 2671 440 2717 (Suet.
452 2671 523 2707 loc.
538 2670 617 2716 cit.)
631 2669 678 2706 ob
695 2670 930 2713 atheimum,
945 2671 985 2706 id
997 2673 1052 2708 est
1069 2671 1127 2716 (ut
1140 2671 1314 2718 videtur),
1326 2672 1560 2709 Christianis-

112 2731 216 2755 mum
236 2717 434 2754 interemit
457 2716 719 2759 Domitianus3
742 2729 775 2752 v.
797 2716 902 2754 Dion.
919 2718 1015 2754 Cass.
1036 2718 1137 2754 lxvii.
1159 2729 1222 2763 14;
1246 2719 1293 2755 de
1316 2720 1444 2765 pueris
1467 2720 1559 2767 ipsis

113 2765 211 2802 nihil
228 2765 330 2802 ultra
345 2764 526 2801 novimus.
669 2774 712 2800 22
733 2766 919 2812 pupillum
935 2776 1061 2801 suum:
1087 2777 1135 2803 sc.
1152 2765 1396 2803 Alcibiadem.

157 2836 238 2856 ωε
793 2833 818 2861 0
846 2834 870 2860 0
1390 2830 1450 2863 281
