1878 3172
26 134 40 199 ξ
114 143 213 177 cAr.
226 130 351 194 xvn]
634 129 1067 177 POLICRATICVS
1586 133 1666 183 585
1682 143 1714 172 a

115 255 162 295 et
186 251 255 296 leo
279 251 328 295 in
354 250 506 295 eodem
531 265 663 308 specu
689 251 926 308 eodemque
953 251 1077 294 uictu
1105 251 1312 294 uiximus.
1370 251 1501 302 Nam,
1530 251 1569 295 si

22 309 35 362 ζ’·
113 335 225 378 quas
257 321 506 364 uenabatur
539 319 668 371 feras,
698 320 896 363 membra
924 320 1139 377 opimiora
1167 320 1224 362 ad
1259 335 1437 377 specum
1466 335 1569 378 sug-

22 398 26 405 *
87 390 306 448 -gerebat,
343 404 455 447 quae
493 403 586 447 ego,
617 389 734 447 ignis
770 389 941 446 copiam
979 403 1069 431 non
1108 389 1286 438 habens,
1325 389 1569 432 meridiano

112 458 203 502 sole
221 461 340 502 tosta
364 458 556 502 edebam.
615 457 703 501 Sed
729 457 807 500 ubi
829 471 911 509 me,
931 457 1088 513 inquit,
1107 457 1228 500 uitae
1254 457 1373 500 illius
1399 457 1569 500 ferinae

18 541 33 612 ξ
76 543 97 578 5
113 527 203 570 iam
231 530 452 585 pertesum
481 529 559 577 est,
586 526 709 570 leone
739 530 950 569 uenatum
981 524 1179 582 profecto
1206 526 1364 582 reliqui
1390 541 1568 583 specum

113 600 170 647 et,
188 596 309 639 uiam
338 595 476 639 ferme
504 595 643 639 tridui
672 609 938 652 permensus,
962 610 990 637 a
1017 594 1234 637 militibus
1262 595 1384 638 uisus
1413 610 1567 652 appre-

113 665 276 708 hensus
306 667 352 709 et
381 665 439 708 ad
467 665 694 708 dominum
722 678 779 706 ex
808 663 973 706 Affriea
1002 663 1187 706 Romam
1216 663 1429 707 deductus
1458 679 1566 707 sum.
1586 669 1615 708 b

12 787 16 799 ⁷
18 741 23 746 .
12 703 16 716 *·
18 612 31 667 'W'

114 734 160 777 Is
192 748 263 776 me
295 734 448 777 statim
482 734 547 776 rei
580 732 782 790 capitalis
821 731 1152 788 dampnandum
1190 732 1471 789 dandumque
1511 733 1568 775 ad

11 855 13 858 y
113 802 276 846 bestias
303 803 569 860 procurauit.
628 801 838 858 Intelligo
872 804 1021 843 autem
1050 800 1167 843 hunc
1197 815 1369 857 quoque
1399 802 1594 845 leonem.

8 873 14 930 ζ
55 887 98 912 ιο
114 885 185 914 me
221 874 329 914 tunc
370 874 573 928 separato
600 874 779 927 captum
808 869 1000 927 gratiam
1029 883 1146 912 nunc
1175 869 1374 912 beneficii
1403 869 1568 913 referre

8 978 23 996 ,
112 943 159 983 et
181 940 387 985 medelae.
444 940 626 983 Solutus
645 940 795 996 itaque
814 942 882 982 est
908 953 1022 995 pena
1045 938 1334 988 Andronicus,
1354 942 1400 981 et
1426 939 1567 981 eidem

8 1004 27 1066 'J
111 1008 181 1052 leo
210 1009 348 1052 totius
378 1008 530 1066 populi
564 1008 775 1065 suffragio
808 1007 1010 1050 donatus.
1068 1006 1240 1050 Exinde
1274 1007 1567 1050 amicantibus

29 1069 32 1072 ’
112 1077 197 1120 sibi
216 1077 392 1121 homine
411 1081 457 1121 et
475 1077 599 1120 leone
619 1079 665 1119 et
690 1076 844 1119 urbem
870 1075 1207 1132 peragrantibus
1234 1079 1280 1118 et
1304 1076 1566 1118 circueunti-

113 1146 196 1189 bus
229 1146 434 1189 dicebant
461 1160 634 1189 omnes:
676 1145 765 1188 Hic'
791 1147 858 1187 est
886 1144 955 1187 leo
982 1144 1140 1200 hospes
1169 1144 1370 1195 hominis,
1399 1145 1471 1188 hic
1500 1148 1569 1188 est

55 1233 95 1268 ¹5
112 1215 244 1258 homo
276 1215 470 1259 medicus
498 1215 646 1258 leonis.
705 1213 946 1266 Quaerisne
984 1213 1191 1256 historias
1219 1214 1444 1257 notiores3
1500 1214 1568 1258 De

2 1277 3 1282 ¹
112 1284 211 1328 lacu
230 1284 405 1327 leonum
425 1284 568 1327 exiuit
590 1282 749 1326 Daniel
776 1285 822 1325 et
846 1281 973 1339 pueri
996 1281 1051 1324 de
1077 1282 1248 1325 camino
1277 1282 1394 1339 ignis
1419 1297 1568 1326 euase-

20 1404 22 1406 v
112 1356 220 1396 runt
264 1353 390 1396 illesi.
469 1352 529 1396 Et
566 1352 685 1409 apud
727 1365 877 1394 omnes
921 1353 1075 1407 gentes
1114 1365 1171 1393 ex
1207 1352 1354 1408 gratia
1392 1354 1569 1408 praeter

111 1421 362 1479 opinionem
391 1421 449 1464 ab
481 1420 814 1464 imminentibus
851 1419 980 1462 malis
1013 1419 1190 1462 liberati
1228 1422 1334 1462 sunt
1374 1420 1568 1477 plurimi.

113 1490 241 1533 Vnde
274 1490 423 1534 nullus
461 1504 613 1533 eorum
643 1489 720 1546 qui
751 1503 909 1531 manus
939 1488 1185 1531 iniecerunt
1218 1488 1314 1538 sibi,
1348 1489 1457 1531 satis
1490 1504 1564 1531 ex·
1582 1504 1610 1534 c

26 1579 99 1604 ao
113 1562 292 1603 casatus
339 1562 407 1602 est
453 1559 598 1610 michi,
628 1558 731 1601 licet
772 1557 945 1614 magnis
987 1557 1230 1613 praeconiis
1277 1557 1567 1601 ecclesiastica

24 1627 26 1629 ’
113 1628 299 1671 historia
330 1628 500 1685 aliquos
532 1627 685 1670 efferat
715 1629 1004 1684 prouocantes
1034 1628 1220 1668 mortem
1259 1626 1364 1682 quia
1397 1629 1566 1683 tempo-

111 1697 275 1740 rariam
307 1697 450 1740 uitam
480 1696 599 1754 apud
633 1711 680 1739 se
711 1710 844 1753 quam
876 1694 1135 1752 pudicitiam
1164 1695 1403 1751 periclitari
1432 1695 1566 1738 male-

29 1794 32 1798 ·
111 1765 234 1808 bant.
291 1765 354 1808 At
379 1780 452 1808 eos
473 1765 535 1808 sic
564 1768 777 1808 excusant
802 1764 1038 1807 infirmitas
1065 1763 1210 1807 carnis
1239 1767 1285 1806 et
1315 1764 1567 1821 ignorantia

22 1831 25 1890 J
111 1834 222 1877 iuris
250 1837 296 1877 et
323 1834 574 1878 incendium
602 1834 801 1876 caritatis
831 1836 878 1876 et
907 1832 1023 1875 forte
1057 1833 1316 1874 mandatum
1348 1832 1566 1875 familiare

55 1919 96 1953 ²5
112 1902 208 1954 Dei,
226 1905 279 1945 ut
297 1902 359 1945 sic
383 1902 431 1944 in
455 1902 735 1959 simplicitate
760 1916 840 1944 sua
866 1902 1094 1944 saluentur
1118 1903 1170 1943 ut
1200 1915 1479 1957 nequaquam
1507 1901 1566 1943 ad

111 1971 464 2028 consequentiam
498 1973 696 2013 transeat
729 1970 847 2026 quod
880 1969 1138 2026 simpliciter
1165 1972 1565 2025 praesumpserunt.

24 2076 26 2078 ,
113 2039 223 2092 Quis
241 2039 358 2082 enim
376 2039 497 2082 locus
522 2041 590 2081 est
614 2038 881 2089 fortitudini,
900 2038 938 2081 si
964 2038 1026 2080 sic
1051 2038 1201 2080 tedeat
1225 2037 1418 2079 animam
1445 2037 1565 2080 uitae

21 2102 24 2106 ’
111 2122 217 2151 suae
251 2111 314 2159 ut,
342 2107 468 2164 quasi
502 2107 718 2164 patientia
750 2108 870 2150 uicta
900 2110 946 2150 et
975 2106 1214 2163 praescissa
1245 2106 1403 2148 semita
1434 2107 1565 2149 meri-

110 2180 270 2227 torum,
282 2176 399 2233 quod
417 2176 685 2232 praecipitur
698 2178 778 2218 aut
795 2179 986 2232 nequeat
1004 2179 1085 2217 aut
1102 2175 1300 2231 negligat
1318 2175 1565 2219 sustinere?

27 2283 30 2285 .
53 2265 98 2298 30
112 2245 246 2302 Apud
273 2245 493 2302 sapientes
526 2244 589 2287 sic
623 2244 720 2286 uita
756 2244 1084 2301 contempnitur
1117 2243 1235 2299 quod
1273 2243 1564 2299 turpitudinis

110 2313 304 2371 pretium
342 2313 476 2356 etiam
515 2315 610 2355 etas
647 2313 787 2356 altera
824 2313 983 2363 sordet,
1021 2313 1083 2356 sic
1121 2312 1325 2369 diligitur
1359 2314 1423 2362 ut,
1456 2312 1563 2354 dum

19 2425 22 2431 ⁴
111 2449 147 2483 2,
164 2449 185 2484 3
209 2437 436 2484 subgerebat
451 2437 517 2473 SM
688 2447 711 2482 4
735 2436 894 2483 ferinae]
912 2437 1030 2474 ferme
1046 2435 1087 2472 M
1256 2444 1274 2482 5
1300 2435 1515 2481 perthesum
1531 2436 1566 2472 A

111 2488 158 2522 28
181 2484 349 2532 praecisa
363 2482 474 2521 A⁸s²:
499 2483 686 2529 praescisa
702 2484 741 2519 M

161 2609 214 2646 ις,
235 2599 279 2636 16
302 2600 356 2635 De
372 2600 454 2634 lacu
469 2599 612 2634 leonum
626 2599 741 2634 affuit
757 2599 914 2633 Daniel:
939 2609 971 2633 v.
989 2596 1086 2633 Dan.
1097 2595 1144 2632 vi.
1156 2606 1212 2641 23,
1229 2596 1302 2632 xiv.
1315 2606 1372 2640 40.
1518 2597 1562 2633 16

107 2650 216 2692 puers·
230 2648 273 2682 de
288 2647 428 2682 camino
443 2646 539 2690 iynie
554 2646 650 2681 etc.:
674 2657 707 2680 v.
725 2645 820 2680 Dan.
838 2644 892 2679 iii.
913 2653 966 2688 17,
983 2654 1038 2689 93,
1056 2653 1113 2689 94.
1256 2653 1303 2678 20
1326 2645 1406 2678 licet
1422 2645 1563 2687 maym'e

108 2695 311 2739 praeconiis
334 2694 427 2729 etc.:
453 2691 510 2728 De
533 2693 693 2728 mortem
716 2690 966 2728 voluntariam
990 2691 1037 2726 ob
1062 2689 1284 2736 pudicitiam
1306 2688 1562 2735 periclitatam

112 2739 185 2777 sibi
201 2739 451 2776 inferentibus
465 2751 499 2775 v.
514 2749 625 2784 supra.
641 2737 681 2774 ii.
698 2750 730 2775 c.
749 2747 792 2783 27
812 2739 896 2784 (470
905 2743 947 2784 Β)
966 2739 1006 2774 et
1023 2739 1133 2774 notas
1147 2737 1196 2773 ad
1211 2736 1283 2773 loc.

1387 2805 1453 2848 363
