1878 3172
181 100 263 150 580
281 98 311 140 b
658 96 918 141 10ANN1s
958 96 1468 141 sARESBERIENSIs
1636 96 1794 158 [num

283 221 313 260 b
332 219 399 261 est
428 217 717 261 muneribus?
791 217 1109 260 Felicissimum
1138 232 1286 275 regem
1318 217 1575 275 Anglorum,
1604 220 1650 261 et
1678 217 1792 261 Nor-

331 301 595 329 mannorum
635 289 680 329 et
729 285 998 343 Aquitaniae
1047 286 1191 330 adhuc
1245 286 1586 330 inuictissimum
1638 286 1794 331 ducem

329 357 556 414 interroga
601 356 709 413 quid
752 356 885 399 etiam
931 356 985 399 de
1033 356 1104 399 his
1152 356 1316 399 sentiat
1359 371 1468 413 quos
1506 356 1709 407 intrudit,
1748 359 1794 400 et

330 426 458 477 dicet,
493 428 545 468 ut
576 426 743 482 opinor,
776 425 881 482 quia
912 439 1002 468 non
1036 428 1104 468 est
1134 425 1300 468 malum
1333 425 1382 467 in
1415 425 1532 468 clero
1566 425 1684 482 quod
1717 425 1794 469 isti

329 510 420 538 non
449 494 628 538 faciant.
1812 510 1831 546 5

390 564 705 621 Episcoporum
734 578 894 606 nomen
924 566 970 606 et
998 563 1189 606 officium
1218 563 1470 606 uenerabile
1498 566 1576 614 est,
1600 563 1638 606 si
1667 565 1796 606 tanta

330 633 590 690 impleretur
609 633 904 675 sollicitudine
921 635 1089 689 quanta
1108 632 1334 675 interdum
1353 633 1524 689 petitur
1542 632 1794 675 ambitione.
1862 623 1878 698 :⁴¹

332 702 391 745 Et
411 702 702 780 diligerentur
728 704 780 744 ut
807 704 967 758 patres,
987 701 1252 744 timerentur
1271 704 1323 744 ut
1350 701 1528 752 domini,
1548 701 1797 744 colerentur
1859 703 1878 751 ἐξ

331 774 384 814 ut
403 771 557 822 sancti,
577 771 614 814 si
634 771 938 814 exactionibus
958 773 1189 828 parcerent
1217 773 1262 814 et
1287 771 1536 828 proicerent
1562 785 1619 813 ex
1645 770 1794 813 animo
1863 768 1878 847 3

331 841 540 898 quicquid
555 842 761 898 prouenit
781 856 836 883 ex
848 840 1099 897 calumpnia
1119 842 1163 882 et
1175 854 1348 890 omnem
1369 844 1599 896 quaestum
1614 840 1795 883 minime
1814 853 1858 878 ιο
1863 828 1878 912 ’Ξ

331 911 560 954 crederent
582 911 805 967 pietatem.
865 909 1072 954 Ceterum
1093 909 1177 952 sibi
1205 909 1499 952 reuerentiam
1525 909 1796 953 subtrahunt
1865 910 1878 969 ³53

332 983 377 1023 et
408 994 613 1030 amorem,
645 980 752 1022 dum
787 980 974 1022 honores
1008 978 1221 1029 ambiunt,
1255 978 1486 1035 pecuniam
1521 978 1717 1035 cupiunt,
1748 981 1794 1021 et
1864 974 1878 1014 Ῐῗ

332 1049 404 1092 uel
425 1064 527 1092 suas
547 1049 718 1092 faciunt
737 1049 810 1092 uel
829 1049 995 1091 alienas
1014 1047 1286 1105 calumpnias
1313 1047 1479 1090 fouent.
1540 1047 1598 1090 Et
1618 1047 1795 1104 quidem
1873 1041 1878 1044 .

332 1119 477 1162 nescio
517 1118 734 1175 quomodo
772 1121 924 1160 notam
974 1120 1019 1160 et
1067 1132 1226 1174 penam
1265 1131 1438 1159 omnem
1478 1116 1671 1160 euadant
1719 1117 1795 1173 qui

292 1199 317 1229 c
334 1187 607 1230 exactionem
638 1189 682 1229 et
711 1186 849 1229 totius
878 1186 1166 1242 calumpniosi
1197 1188 1404 1242 quaestus
1439 1185 1524 1228 sibi
1557 1185 1615 1228 ad
1649 1185 1795 1229 minus
1815 1202 1871 1241 15Ἰ

333 1257 501 1299 bessem
529 1256 776 1299 uendicant.
836 1255 953 1298 Nam
980 1258 1061 1298 aut
1086 1254 1275 1297 solidum
1301 1269 1442 1297 assem
1468 1257 1686 1312 usurpant
1711 1254 1796 1298 sibi
1831 1301 1838 1305 ,
1865 1283 1878 1302 ι,

333 1328 423 1375 aut,
453 1327 506 1367 ut
539 1324 742 1374 multum,
771 1324 979 1367 trientem
1014 1324 1250 1367 dumtaxat
1279 1324 1595 1367 archidiaconis
1625 1327 1670 1367 et
1699 1323 1807 1367 aliis
1874 1347 1878 1399 3

334 1394 592 1438 officialibus
634 1395 704 1447 (ne
744 1394 887 1437 dicam
926 1409 1026 1437 cum
1068 1394 1231 1450 populo
1269 1394 1486 1436 ministris
1525 1393 1798 1452 iniquitatis)
1872 1406 1878 1468 ᾗ

334 1464 507 1506 cedunt.
587 1463 674 1506 Sed
713 1477 792 1506 nec
840 1463 976 1520 legati
1027 1462 1153 1505 Sedis
1197 1462 1461 1519 apostolicae
1499 1477 1656 1505 manus
1694 1477 1797 1506 suas
1867 1475 1878 1514 j

335 1533 568 1575 excutiunt
607 1533 664 1575 ab
703 1533 823 1575 omni
862 1547 1054 1582 munere,
1093 1532 1169 1588 qui
1209 1532 1432 1574 interdum
1470 1532 1518 1574 in
1556 1533 1796 1589 prouinciis
1814 1532 1878 1594 ιοξ

334 1602 400 1644 ita
431 1602 726 1644 debaccantur
755 1616 805 1644 ac
836 1602 873 1644 si
903 1601 960 1643 ad
992 1601 1228 1644 Ecclesiam
1257 1601 1566 1658 flagellandam
1596 1616 1797 1658 egressus
1829 1646 1834 1651 ,

335 1670 396 1713 sit
429 1670 600 1713 Sathan
632 1685 659 1713 a
694 1670 806 1712 facie
841 1670 1032 1712 Domini.
1105 1669 1377 1714 Concutiunt
1417 1670 1602 1727 angulos
1641 1671 1798 1714 domus
1866 1601 1878 1741 3

334 1742 388 1782 ut
413 1742 696 1796 prosternant
722 1739 835 1782 filios
862 1742 908 1782 et
934 1740 1048 1782 filias
1075 1739 1168 1782 eius
1195 1739 1271 1795 qui
1298 1739 1531 1797 languores
1558 1742 1603 1782 et
1628 1740 1798 1783 dolores

335 1808 584 1851 animarum
615 1808 790 1851 curauit
828 1808 876 1850 in
910 1823 1048 1851 cruce.
1119 1807 1409 1852 Commouent
1447 1811 1493 1851 et
1531 1809 1799 1852 conturbant
1871 1795 1878 1837 3

337 1880 502 1920 terram
537 1880 589 1920 ut
620 1877 858 1920 uideantur
891 1877 1052 1919 habere
1087 1877 1205 1934 quod
1238 1877 1386 1920 sanari
1423 1880 1636 1934 oporteat.
1711 1877 1798 1921 Hic
1816 1876 1878 1935 25{

338 1949 489 1990 tamen
524 1961 613 1989 non
645 1946 699 1989 de
728 1947 932 1989 omnibus
961 1961 1103 1989 sermo
1133 1949 1211 1997 est,
1241 1947 1318 1990 sed
1357 1946 1411 1989 de
1446 1946 1515 1989 his
1545 1947 1621 2004 qui
1652 1946 1798 1990 Patris
1875 1976 1878 1984 ι

343 2015 572 2058 uoluntate
604 2017 856 2072 contempta
892 2015 1093 2058 seruiunt
1126 2030 1240 2058 suae.
1312 2015 1499 2058 Constat
1538 2015 1655 2058 enim
1694 2015 1799 2072 quia
1876 2008 1878 2010 .

295 2084 354 2125 d
342 2099 389 2126 111
423 2084 543 2126 0111111
582 2083 721 2127 officio
759 2084 915 2127 domus
953 2084 1131 2126 Domini
1170 2084 1232 2126 sic
1270 2084 1582 2140 relinquuntur
1619 2084 1799 2140 quidam
1869 2138 1872 2139 ⁷

341 2157 393 2195 ut
413 2153 489 2195 alii
509 2155 802 2196 assumantur.
861 2153 965 2195 Vidi
993 2167 1072 2209 ego
1099 2153 1193 2209 ipse
1219 2153 1267 2194 in
1293 2153 1496 2195 omnibus
1519 2153 1593 2195 his
1613 2153 1799 2196 decanos
1871 2142 1875 2192 J

339 2222 504 2265 scilicet
524 2222 850 2265 archidiaconos
866 2221 1087 2278 episcopos
1107 2224 1152 2264 et
1171 2221 1339 2278 legatos
1358 2224 1486 2264 tanta
1505 2221 1798 2264 sollicitudine
1815 2222 1878 2299 3οῇ

340 2291 512 2347 operari
542 2291 589 2333 in
618 2305 757 2333 messe
787 2290 966 2333 Domini
998 2293 1050 2332 ut
1079 2290 1237 2333 merito
1266 2290 1369 2333 fidei
1400 2293 1445 2333 et
1473 2290 1656 2333 uirtutis
1681 2292 1838 2334 recte

342 2390 363 2415 2
381 2379 646 2425 aquitanorum
661 2378 685 2414 S
759 2390 779 2425 3
796 2378 871 2426 his]
886 2378 961 2414 suis
976 2378 1042 2414 SM
1114 2379 1137 2414 6
1147 2384 1230 2425 post
1246 2378 1516 2425 Episcopornm
1531 2381 1614 2414 add.
1626 2381 1755 2417 tamen
1772 2378 1798 2416 S

342 2437 384 2462 21
413 2427 674 2463 debachantur
692 2426 764 2461 BM
908 2437 951 2471 23
977 2426 1149 2471 langores
1167 2425 1191 2461 S
1287 2436 1332 2472 29
1357 2428 1577 2462 asumantur
1593 2425 1654 2462 CB

394 2512 436 2537 10
459 2513 597 2537 omnem
612 2508 796 2548 quaestum
812 2503 906 2537 etc
933 2513 964 2536 v.
986 2511 1001 2537 1
1021 2500 1118 2537 Tim
1143 2500 1190 2536 vi.
1216 2510 1233 2547 5
1436 2502 1478 2537 18
1503 2503 1731 2548 officialibus:
1756 2501 1798 2538 in

342 2548 535 2602 officiales
523 2561 548 2584 1.
563 2561 593 2585 e.
612 2549 755 2585 iudices
779 2548 1010 2602 episcopales
1034 2548 1213 2585 acerrime
1239 2547 1431 2594 invehitur
1454 2548 1587 2584 Petrus
1611 2548 1799 2585 Blesensis

342 2595 629 2631 archidiaconus
652 2596 732 2642 ipse
749 2598 820 2642 Ep.
838 2607 910 2630 xxv
929 2594 1072 2648 (Migne
1088 2597 1130 2630 P.
1147 2597 1190 2631 L.
1209 2595 1312 2631 ccvii.
1330 2596 1374 2631 88
1389 2607 1479 2640 seqq
1454 2595 1518 2640 q)
1663 2606 1706 2641 19
1729 2597 1807 2632 Sea.

342 2655 404 2678 nec
433 2644 539 2687 legati
566 2645 661 2680 etc.:
689 2643 799 2679 Hanc
822 2641 1050 2678 sententiam
1075 2641 1191 2677 minio
1220 2642 1365 2696 notavit
1389 2642 1525 2678 Matth.
1551 2641 1731 2678 Parkerus
1754 2642 1797 2679 in

344 2689 423 2726 cod.
450 2690 478 2725 C
494 2702 608 2736 mary.
716 2701 756 2726 21
786 2702 941 2735 eyressus
958 2690 1050 2725 etc.:
1077 2701 1108 2724 v.
1129 2689 1222 2725 Iob
1211 2689 1253 2725 ii.
1270 2699 1303 2733 7.
1397 2699 1441 2725 22
1469 2691 1683 2725 Concutiunt
1699 2692 1796 2727 etc.:

343 2749 375 2772 v.
395 2736 460 2773 Iob
477 2735 504 2773 i.
523 2739 574 2781 18,
592 2747 645 2784 19.
740 2738 784 2774 28
809 2738 859 2773 sic
876 2738 1132 2782 relinquuntur
1143 2738 1239 2772 etc.·
1230 2763 1239 2773 .
1263 2748 1297 2772 v.
1316 2735 1428 2773 Matt.
1447 2735 1545 2772 xxiv.
1563 2746 1620 2782 40,
1638 2747 1696 2782 41.

454 2808 519 2842 354
