1878 3172
127 157 227 192 οΑΡ.
243 144 304 206 11]
650 145 1084 191 POLICRATIOVS
1598 147 1684 198 389
1702 147 1732 188 b

127 267 314 324 sper-itas
342 266 533 310 beatulis
561 267 653 310 suis
681 266 743 310 sic
773 265 1016 323 applaudit,
1041 268 1095 309 ut
1127 268 1308 318 noceat;
1342 269 1389 309 et
1417 265 1585 310 infelici

127 349 327 379 successu
346 336 408 379 sic
427 336 474 378 in
490 336 566 379 uia
580 335 821 378 fortunatis
836 335 1102 391 obsequitur,
1115 338 1168 378 ut
1183 335 1230 377 in
1245 335 1333 378 fine
1347 336 1585 392 perniciem

127 408 344 462 operetur,
368 405 568 448 conuiuis
596 405 688 448 suis
716 404 774 447 ab
803 404 932 447 initio
961 404 1200 461 propinans
1230 404 1386 454 dulcia,
1410 407 1456 447 et
1483 418 1584 448 eum

0 522 3 533 ἵ
127 473 334 516 inebriati
362 473 540 524 suerint,
561 473 691 516 letale
709 473 834 516 uirus
853 473 1007 516 miscet
1026 476 1072 516 et
1098 473 1135 516 si
1162 473 1269 530 quid
1288 472 1482 515 deterius
1502 476 1581 516 est.

0 537 7 586 [r
43 549 49 553 '
91 557 110 591 5
128 543 227 596 Quo
265 544 407 600 specie
445 544 514 586 sui
553 543 753 586 clarescit
790 542 990 599 amplius,
1030 557 1081 585 eo
1126 542 1408 599 stupentibus
1447 542 1583 584 oculis

0 596 6 692 Ξ
127 611 372 655 densiorem
402 612 601 655 infundit
626 612 872 669 caliginem.
932 611 1310 655 Inualescentibus
1334 625 1438 668 ergo
1459 614 1582 654 tene-

0 693 3 694 ’
127 681 220 723 bris
253 681 420 724 ueritas
460 682 693 732 euanescit,
727 683 773 724 et
811 681 1032 724 uirtutum
1072 681 1218 723 radice
1257 680 1424 723 succisa
1461 694 1584 737 seges

126 750 348 806 germinat
382 750 606 801 uitiorum,
639 750 788 793 lumen
827 750 1012 793 rationis
1051 749 1340 807 extinguitur,
1379 751 1425 791 et
1461 752 1583 791 totus

127 818 258 861 homo
291 832 395 861 casu
426 819 664 861 miserabili
698 818 844 862 fertur
882 819 929 860 in
963 833 1181 875 praeceps.
1242 818 1316 861 Sic
1354 817 1582 860 rationalis
1600 830 1625 859 c

70 905 111 929 10
127 890 329 930 creatura
367 887 592 941 brutescit,
631 887 693 930 sic
740 887 887 944 imago
931 886 1140 930 creatoris
1178 887 1369 943 quadam
1410 901 1583 929 morum

127 955 416 998 similitudine
445 955 721 998 deformatur
748 956 796 997 in
826 955 1023 1007 bestiam,
1044 955 1105 998 sic
1134 970 1162 997 a
1190 955 1454 998 conditionis
1480 969 1585 997 suae

128 1024 346 1081 dignitate
373 1024 610 1081 degenerat
636 1025 778 1077 homo,
805 1025 996 1067 uanitati
1020 1024 1176 1067 similis
1202 1024 1359 1074 factus,
1387 1038 1437 1067 eo
1467 1023 1585 1080 quod

128 1108 185 1136 ex
203 1093 367 1136 honore
387 1093 546 1135 collato
566 1093 780 1136 intumuit
796 1096 841 1136 et
856 1109 883 1136 a
897 1097 1069 1136 tumore
1084 1094 1276 1150 perdidit
1296 1093 1582 1136 intellectum.

129 1161 239 1214 Quis
267 1161 383 1204 enim
414 1176 464 1204 eo
494 1161 728 1219 indignior,
749 1162 825 1218 qui
854 1163 923 1204 sui
953 1162 1091 1218 ipsius
1120 1163 1393 1219 contempnit
1422 1163 1583 1205 habere

71 1247 110 1281 15
129 1229 365 1273 notitiam?
409 1230 485 1286 qui
524 1234 710 1287 tempus,
743 1230 860 1287 quod
894 1245 1027 1287 parca
1065 1245 1200 1274 manu
1239 1231 1393 1274 datum
1427 1234 1494 1274 est
1527 1231 1584 1273 ad

127 1313 379 1342 mensuram
413 1299 460 1341 in
491 1314 620 1342 usum
651 1299 784 1349 uitae,
819 1303 864 1342 et
902 1299 1043 1342 solum
1083 1300 1277 1357 reparari
1308 1315 1398 1343 non
1428 1303 1586 1357 potest,

62 1386 64 1389 ’
127 1368 331 1411 usuraria
357 1368 547 1425 quadam
574 1369 816 1412 accessione
842 1372 888 1412 et
910 1369 1057 1425 penali
1080 1369 1366 1426 repetendum
1392 1370 1440 1411 in
1463 1370 1584 1411 uitae

128 1428 360 1494 dispendia
390 1438 597 1495 prodigit,
626 1440 672 1480 et
703 1438 750 1479 in
788 1438 1098 1481 contumeliam
1137 1438 1328 1481 auctoris
1367 1438 1584 1481 effundit?

129 1506 248 1559 Quid
267 1521 319 1549 eo
338 1506 523 1557 brutius,
539 1506 616 1563 qui
636 1521 692 1549 ex
707 1506 884 1550 defectu
898 1507 1084 1550 rationis
1099 1509 1145 1550 et
1163 1507 1357 1564 impulsu
1376 1506 1584 1556 libidinis,

70 1588 113 1612 πο
129 1574 320 1618 dimissis
355 1575 556 1632 propriis,
587 1575 731 1618 aliena
761 1576 941 1633 negotia
971 1579 1108 1626 curat,
1138 1579 1184 1619 et
1222 1590 1311 1618 non
1350 1575 1479 1618 modo
1507 1590 1584 1618 ne-

127 1643 272 1700 gotiis,
311 1644 388 1686 sed
427 1647 472 1687 et
511 1644 666 1686 alienis
706 1644 809 1687 otiis
848 1645 1013 1712 iggijer
1050 1645 1318 1702 occupatur?
1376 1644 1494 1697 Quid
1533 1658 1584 1687 eo
1601 1646 1630 1686 d

128 1712 366 1764 bestialius,
406 1713 482 1769 qui
520 1713 680 1756 omisso
718 1713 870 1764 officio,
901 1714 956 1756 de
994 1714 1140 1757 media
1177 1717 1304 1757 nocte
1343 1714 1498 1771 surgit,
1532 1716 1585 1756 ut

127 1781 367 1838 sagacitate
406 1796 577 1833 canum,
616 1786 877 1825 venatorum
917 1783 1148 1834 industria,
1187 1783 1335 1826 studio
1373 1782 1584 1826 commili-

127 1853 295 1900 tonum,
334 1850 608 1893 seruulorum
649 1850 792 1894 fretus
833 1852 1053 1908 obsequio,
1091 1852 1302 1909 temporis
1349 1855 1394 1894 et
1438 1851 1584 1893 famae

0 1919 6 1952 T*
71 1934 110 1966 ²5
127 1918 308 1968 iactura,
339 1933 486 1960 rerum
517 1919 766 1975 laborisque
797 1920 1038 1976 dispendio,
1070 1920 1124 1963 de
1158 1923 1285 1963 nocte
1320 1920 1377 1962 ad
1410 1906 1611 1982 noctem!

127 1989 297 2043 pugnet
315 1987 372 2029 ad
391 1986 585 2030 bestias}

422 2130 528 2188 Cap.
560 2144 600 2176 2.
643 2131 764 2185 Quid
791 2131 849 2174 in
876 2131 1044 2175 studiis
1072 2132 1288 2175 alienum.

185 2233 393 2276 Alienum
417 2232 614 2290 profecto
640 2235 718 2283 est,
743 2233 860 2289 quod
885 2234 999 2276 ratio
1022 2236 1207 2277 naturae
1233 2233 1305 2277 uel
1333 2233 1463 2277 officii
1491 2248 1581 2276 non

126 2302 309 2352 inducit,
343 2302 390 2344 si·
420 2305 570 2344 tamen
609 2301 833 2345 interdum
871 2305 988 2345 recte
1026 2302 1190 2346 dicitur
1227 2302 1430 2352 alienum,
1464 2303 1606 2359 quodq

69 2386 112 2419 30
127 2371 291 2414 rectius
323 2370 472 2413 fuerat
499 2385 670 2427 semper
700 2370 837 2413 fuisse
867 2371 1045 2414 nullius.
1105 2371 1227 2423 Quae
1258 2385 1364 2414 uero
1395 2374 1582 2414 naturae

29 2437 35 2442 ⁰
127 2443 244 2492 sunt,
282 2454 499 2496 peraeque
538 2443 643 2482 sunt
685 2439 907 2491 omnium;
957 2454 1069 2496 quae
1114 2439 1256 2492 officii,
1294 2440 1579 2498 singulorum.

127 2560 151 2596 6
169 2564 254 2605 post
269 2570 359 2605 ergo
376 2561 459 2595 add.
477 2570 643 2594 errorum
661 2558 737 2602 SM,
757 2570 871 2604 mary.
888 2558 922 2593 A
1096 2567 1117 2604 7
1143 2559 1246 2597 sedes
1262 2559 1296 2595 A
1312 2559 1431 2607 (seges
1447 2559 1578 2606 mary.)

128 2616 171 2652 31
192 2611 276 2652 post
291 2605 402 2642 officii
417 2608 500 2642 add.
522 2618 589 2642 sua
605 2608 692 2642 sunt
709 2618 822 2652 mar-y.
840 2605 874 2642 A

151 2714 283 2796 xpffiSt'c
306 2715 404 2750 etc.:
431 2713 478 2749 cf.
505 2712 568 2770 .P⁸·.
589 2711 707 2747 xlviii.
737 2720 792 2747 21.
952 2720 995 2747 12
1019 2712 1182 2747 uanitati
1203 2713 1335 2748 similia
1347 2714 1497 2759 sactus:
1523 2712 1580 2749 Ps.

130 2771 150 2796 c
237 2786 245 2795 .
264 2771 297 2805 4.
395 2770 450 2797 20.
476 2761 636 2796 dmnsm
650 2762 745 2796 ete:
775 2758 866 2795 Hor.
881 2758 956 2795 Sat.
974 2767 1007 2795 2.
1026 2768 1059 2804 3.
1079 2768 1130 2804 19.

1433 2839 1474 2874 ¹9
