1878 3172
203 175 276 224 481
295 174 323 214 d
669 174 928 219 IOANNIS
971 175 1482 221 SARESBERIENSIS
1615 176 1724 238 [ΜΒ.
1741 190 1803 223 111

339 289 740 346 transfiguratione,
776 292 822 333 et
860 290 999 333 totius
1039 291 1254 335 uanitatis
1293 291 1508 336 lenocinio
1548 296 1801 336 excecatum

338 359 387 400 in
411 359 560 401 sordes
583 359 795 401 uitiorum
828 359 1051 416 impellere
1082 363 1126 403 et
1155 361 1533 418 praecipitationis
1561 363 1802 419 abyssum?

340 427 458 480 Quid
485 428 693 471 odibilius
721 428 878 472 fraude
907 432 952 472 et
981 430 1093 481 dolo,
1114 444 1200 486 quo
1231 430 1314 473 sub
1342 431 1535 488 imagine
1565 432 1727 475 amoris
1756 435 1803 475 et

338 496 442 540 fidei
470 498 517 539 in
545 498 786 554 simplicem
813 501 859 541 et
885 499 1112 541 credulum
1141 502 1186 542 et
1215 500 1350 556 (quod
1382 500 1687 545 detestabilius
1716 503 1800 558 est)

339 567 529 610 amicum
575 568 784 624 perfidiae
831 571 876 611 et
918 568 1251 611 inimicitiarum
1298 570 1499 627 nequitia
1543 571 1801 615 exercetur‘l
1820 589 1838 624 5

339 635 437 679 Hoc
461 636 678 693 siquidem
702 652 841 693 genus
868 637 1097 680 hominum
1124 638 1273 680 omnia
1295 638 1571 695 loquentium
1591 640 1648 683 ad
1675 640 1800 683 uolu-

337 708 520 762 ptatem,
550 706 607 748 ad
637 707 874 749 ueritatem
902 706 1051 750 nichil.
1110 707 1258 750 Verba
1280 708 1370 751 oris
1396 709 1491 752 eius
1513 709 1728 766 iniquitas
1755 713 1801 753 et

337 774 476 825 dolus,
497 775 573 830 qui
594 775 728 817 etiam
756 776 1007 818 errantibus
1035 776 1187 819 amicis
1210 776 1268 819 ad
1292 792 1444 821 eorum
1470 778 1800 822 subuersionem

337 844 602 901 ingeminat:
636 844 770 902 Euge,
784 859 905 902 euge.
965 845 1086 898 Quos
1101 849 1153 889 ut
1164 846 1338 902 plenius
1350 848 1538 898 noueris,
1551 847 1800 891 Gnatonem
1875 864 1878 901 j

338 913 457 970 apud
477 913 690 956 comicum
710 914 824 965 uide,
845 917 891 957 et
910 915 1018 971 quid
1038 915 1092 958 de
1112 930 1158 958 se
1178 914 1376 959 fateatur
1396 917 1622 960 ausculta:
1819 932 1878 973 ¹072

193 1017 274 1064 482
291 1000 323 1055 a
456 1011 604 1068 Negat
628 1012 743 1111 quisl,1
748 1026 893 1079 'nego;
924 1012 999 1064 ait,
1020 1013 1102 1057 aio.
1163 1012 1364 1070 Denique
1391 1014 1606 1072 imperaui
1626 1018 1800 1073 egomet

626 1084 711 1112 mle
745 1085 761 1111 1

453 1127 602 1169 omnia
631 1127 858 1192 assentari.

337 1225 449 1268 Tota
470 1225 586 1267 enim
607 1225 952 1269 Gnatonicorum
973 1226 1109 1271 factio

626 1323 804 1366 comeda
835 1326 914 1367 est.
974 1324 1119 1375 Rides,
1140 1325 1305 1368 maiore
1325 1326 1539 1369 cachinno
1817 1340 1866 1376 15*

451 1377 725 1433 concutitur3
764 1382 853 1431 flet,
884 1382 921 1424 si
951 1382 1154 1425 lacrimas
1183 1383 1413 1440 conspexit
1442 1384 1582 1435 amici,

451 1453 530 1481 nec
560 1439 704 1481 dolet.
746 1439 989 1496 igniculum
1019 1440 1056 1482 si
1088 1441 1269 1483 brumae
1299 1444 1495 1498 tempore
1525 1457 1690 1498 poscas,

450 1497 609 1553 accipit
637 1497 974 1549 andromedam;
1016 1498 1054 1540 si
1084 1498 1250 1542 dixeris
1281 1499 1429 1550 Estuo,
1459 1500 1606 1544 sudat.

336 1593 461 1635 Vnde
482 1593 733 1635 Vmbricius
753 1593 840 1635 ait:

450 1689 554 1731 Non
583 1704 734 1732 sumus
764 1704 868 1746 ergo
897 1704 1047 1746 pares;
1077 1690 1232 1733 melior
1262 1691 1338 1747 qui
1368 1706 1540 1748 semper
1569 1695 1614 1735 et
1644 1693 1763 1736 omni
1813 1705 1867 1741 πο,

449 1750 576 1790 nocte
607 1747 764 1803 dieque
793 1751 938 1804 potest
968 1748 1161 1790 alienum
1190 1763 1362 1791 sumere
1392 1749 1581 1801 uultum,
1861 1765 1864 1770 ’

448 1819 474 1847 a
505 1805 616 1847 facie
646 1805 810 1847 iactare
839 1821 1007 1856 manus,
1036 1806 1217 1848 laudare
1247 1810 1429 1863 paratus

448 1863 486 1905 si
515 1863 625 1906 bene
655 1863 862 1914 ructauit,
894 1867 972 1906 aut
1002 1864 1039 1906 si
1070 1864 1177 1920 quid
1207 1863 1314 1907 fecit
1344 1865 1510 1907 amicus

450 1921 566 1976 quod
595 1920 792 1977 proferre
821 1922 968 1978 palam
998 1936 1087 1964 non
1117 1923 1257 1978 possit
1286 1922 1439 1980 lingua
1468 1923 1677 1969 modeste.

286 2026 314 2063 b
335 2018 462 2071 Quod
503 2018 680 2074 quidem
720 2033 809 2061 non
852 2018 982 2061 modo
1021 2019 1161 2061 amico
1207 2018 1284 2061 sed
1330 2034 1387 2062 ne
1432 2019 1570 2063 libero
1616 2021 1792 2064 homine
1811 2032 1828 2056 2
1849 2026 1871 2066 ε*

333 2088 517 2144 dignum
538 2090 615 2138 est,
636 2102 734 2130 cum
756 2102 863 2130 uera
886 2090 931 2130 et
958 2087 1089 2130 unica
1119 2088 1301 2131 libertas
1327 2088 1375 2130 in
1402 2089 1585 2132 uirtutis
1605 2090 1792 2147 speciem

331 2157 471 2207 cadat,
489 2159 533 2199 et
552 2156 785 2213 turpitudo
805 2171 913 2213 quos
934 2156 1075 2199 inficit
1095 2160 1340 2213 postremae
1361 2158 1549 2201 subiciat
1569 2159 1790 2204 seruituti.

331 2226 607 2268 Histrionem
643 2241 735 2268 esse
773 2226 844 2268 uel
880 2226 1064 2268 mimum
1100 2225 1332 2268 infamiam
1373 2227 1537 2283 ingerit
1568 2228 1649 2278 his,
1682 2243 1791 2284 quos
1846 2254 1875 2274 =.:

330 2309 357 2336 a
377 2298 529 2337 tantae
550 2294 806 2337 abiectionis
826 2295 1060 2351 obprobrio
1076 2297 1262 2337 naturae
1283 2295 1354 2338 uel
1369 2310 1580 2352 personae
1595 2296 1790 2353 dignitas

329 2364 509 2406 uidetur
541 2365 771 2420 excepisse.
832 2364 967 2406 Porro
1002 2364 1079 2420 qui
1113 2363 1290 2407 uultum
1329 2364 1478 2407 induit
1516 2365 1710 2408 alienum
1743 2368 1790 2409 et
1805 2359 1878 2411 3ζῖἰ

330 2508 350 2543 3
375 2498 554 2543 ymagine
572 2498 645 2533 AM
799 2507 838 2545 15
867 2498 1036 2535 comedia
1053 2499 1087 2534 A
1229 2509 1274 2547 19
1297 2499 1368 2545 ait]
1385 2499 1511 2547 inquit
1528 2499 1595 2536 SM
1741 2511 1788 2548 29

329 2545 531 2590 opprobrio
548 2546 582 2579 A

325 2707 400 2741 Sat.
418 2705 471 2741 iii.
494 2717 663 2752 100-103.
732 2718 775 2753 19
805 2708 1026 2744 Vmbricius:
1054 2707 1132 2744 Iuv.
1149 2709 1224 2744 Sat.
1243 2707 1299 2745 iii.
1314 2718 1369 2744 21.
1435 2719 1480 2744 20
1495 2711 1738 2746 Nonsumus.
1824 2756 1826 2758 Ι

324 2755 506 2806 ruptauit:
547 2754 623 2788 Iuv.
648 2756 722 2790 Sat.
750 2754 802 2790 iii.
828 2764 1010 2798 104-107;
1043 2755 1142 2799 quod
1171 2755 1342 2801 sequitur
1364 2767 1432 2802 pro
1457 2756 1580 2792 uerbis
1597 2735 1785 2794 Iuvenalis⁸

326 2799 451 2835 minus
477 2800 654 2837 modestis
678 2801 876 2847 supposuit
902 2801 981 2847 ipse
1003 2782 1178 2838 loannes.

378 2669 416 2695 11
446 2661 560 2703 Negat
575 2662 672 2696 etc.·
701 2660 783 2696 Ter.
802 2661 901 2695 Eun.
918 2659 957 2696 ii.
976 2671 1007 2696 2.
1026 2670 1084 2705 21,
1103 2670 1158 2696 22.
1355 2670 1393 2708 15
1422 2663 1564 2698 comeda
1581 2663 1679 2699 eta:
1707 2661 1786 2701 Iuv.
1816 2575 1863 2862 ἓ

438 2871 499 2913 178
1830 2855 1857 2954 ξ
