1820 3138
855 155 1204 200 REGISTRVM

295 280 420 316 LIBRI
437 279 478 317 11
525 280 709 328 Prologus
780 308 790 319 .
889 309 900 320 .
997 311 1007 321 .
1207 312 1217 323 .
1311 312 1322 322 .
1420 313 1430 325 .
1522 314 1532 324 .
1627 315 1637 326 .
1709 270 1755 336 65.

341 339 484 386 Cap.1.
511 338 649 376 Omina
664 351 765 377 uana
780 351 872 387 esse,
889 342 928 378 et
945 353 1002 379 res
1018 353 1066 379 ex
1081 342 1154 379 fide
1170 354 1237 380 sua
1252 343 1390 391 cuique
1411 345 1638 392 respondere
1708 349 1754 395 65

449 408 483 435 2.
507 396 593 434 Non
622 399 940 445 contempnendas
966 411 1045 437 esse
1073 401 1226 438 omnino
1252 413 1378 439 rerum
1405 404 1639 441 naturalium

557 455 855 503 significationes
889 484 898 493 .
992 486 1002 495 .
1309 487 1319 497 .
1411 486 1424 498 .
1520 489 1530 498 .
1707 465 1755 502 68

448 525 482 562 3.
507 513 708 562 Signorum
732 513 810 551 alia
833 525 913 553 esse
936 515 1177 563 uniuersalia‚
1197 517 1274 554 alia
1297 518 1571 565 particular-im
1595 491 1636 558 et

557 571 648 619 quid
665 571 851 638 significet
867 573 1074 620 geminatio
1091 574 1312 613 solis..
1515 605 1525 614 .
1706 590 1754 626 70

447 642 482 676 4.
508 630 565 667 De
597 630 715 677 signis
747 642 844 696 quae
876 634 1159 677 praecesserunt
1191 633 1382 671 excidium
1413 635 1636 673 Ierosolimi-

554 690 690 725 tanum
720 688 964 725 nouissimum
992 717 1002 726 .
1097 717 1107 727 .
1201 718 1212 728 .
1308 719 1318 730 .
1414 720 1424 730 .
1519 720 1529 730 .
1623 722 1633 732 .
1707 705 1749 742 71

446 756 478 794 5.
503 746 654 791 Quanta
690 746 809 784 fuerit
841 747 1039 784 calamitas
1071 748 1316 794 obsessorum,
1350 752 1390 788 et
1420 751 1634 791 obstinatae

554 804 726 842 malitiae
743 805 828 851 quis
844 805 959 842 fuerit
974 804 1070 850 finis,
1089 808 1127 843 et
1144 818 1239 853 quae
1255 807 1377 854 pietas
1393 809 1472 846 Titi
1518 837 1527 847 .
1623 838 1633 847 .
1705 821 1751 858 74

443 865 478 901 6.
504 863 558 900 De
574 862 697 899 Maria
713 874 808 909 quae
825 863 926 900 fame
943 865 1102 911 urgente
1120 865 1284 903 comedit
1299 866 1422 903 filium
1516 895 1526 906 .
1621 897 1631 908 .
1705 881 1752 917 79

444 931 477 967 7.
502 921 558 958 De
574 932 728 958 numero
745 921 982 968 captiuorum
1003 924 1043 959 et
1058 923 1267 960 occisorum
1288 926 1328 962 et
1349 928 1634 973 peremptorum

445 1041 477 1076 8.
502 979 892 1084 Dgaggiegrinaztione
916 1007 1103 1084 fidelium·
1125 1009 1217 1087 quos
1241 1041 1310 1078 sub
1334 1053 1380 1079 ea
1403 1012 1632 1090 tempestate
1705 990 1748 1026 81

550 1095 717 1132 seruauit
733 1095 903 1134 Christus
920 1098 1022 1144 apud
1039 1097 1314 1137 Pellam..
1515 1129 1524 1138 .
1620 1130 1631 1141 .
1702 1106 1748 1141 82

442 1165 476 1201 9.
499 1153 773 1191 Testimonium
790 1155 889 1200 quod
906 1155 1080 1202 perhibet
1097 1156 1279 1203 Iosephus
1296 1157 1444 1195 Christo
1513 1187 1523 1197 .
1619 1188 1628 1198 .
1702 1165 1748 1209 83

421 1224 478 1252 ιο.
500 1213 556 1250 De
572 1212 811 1259 Vespasiano,
831 1213 896 1259 qui
914 1213 1087 1250 claudum
1103 1217 1142 1251 et
1159 1227 1292 1252 cecum
1314 1228 1462 1254 curasse
1486 1217 1632 1266 legitur
1702 1223 1747 1267 83

422 1282 476 1309 11.
501 1270 620 1318 Signa
635 1281 712 1307 esse
729 1282 825 1316 quae
842 1272 977 1307 contra
992 1274 1169 1308 naturam
1185 1273 1281 1310 fiunt
1297 1300 1307 1310 .
1403 1302 1414 1311 .
1509 1303 1519 1313 .
1615 1304 1625 1313 .
1700 1282 1747 1324 84

420 1341 476 1368 12.
499 1328 628 1366 Nichil
643 1330 777 1365 contra
798 1330 986 1375 naturam,
1003 1331 1157 1368 auctore
1179 1330 1348 1377 Platone,
1372 1332 1438 1379 qui
1453 1336 1630 1372 naturam

550 1386 646 1424 dicit
659 1386 730 1423 Dei
746 1387 985 1425 uoluntatem
1084 1415 1093 1424 .
1190 1417 1200 1427 .
1295 1417 1306 1427 .
1401 1418 1412 1428 .
1612 1419 1623 1430 .
1699 1397 1743 1442 85

419 1457 473 1493 13.
497 1445 593 1490 Quia
608 1444 708 1481 Deus
725 1444 844 1491 signis
859 1456 963 1481 suam
975 1445 1213 1492 praemunire
1227 1447 1408 1495 dignatur
1418 1419 1628 1488 creaturam
1700 1456 1746 1499 87
1807 1499 1814 1504 ,

421 1515 476 1549 14.
501 1503 598 1548 Quid
615 1502 775 1550 signum,
794 1505 834 1540 et
849 1503 895 1540 de
913 1515 1206 1550 sompno..
1303 1534 1312 1543 .
1617 1537 1627 1547 .
1698 1513 1745 1557 87

419 1574 432 1599 ι
441 1572 472 1610 5.
496 1562 553 1599 De
568 1561 761 1607 speciebus
776 1561 1016 1606 somniorum,
1032 1564 1071 1599 et
1087 1561 1217 1607 causis,
1232 1562 1372 1610 figuris,
1386 1566 1425 1602 et
1441 1565 1630 1613 significa·

547 1618 717 1656 tionibus
774 1646 783 1655 .
878 1647 888 1656 .
985 1646 994 1655 .
1194 1647 1204 1656 .
1405 1650 1416 1660 .
1508 1651 1519 1661 .
1616 1653 1626 1664 .
1699 1630 1745 1666 88

418 1690 432 1718 1
439 1680 473 1716 6.
495 1677 695 1715 Gener-alia
705 1678 889 1723 quaedam
899 1677 945 1714 de
955 1677 1297 1725 significationibus
1305 1682 1386 1718 tam
1396 1683 1627 1721 somniorum

548 1748 662 1782 quam
677 1735 839 1773 aliorum
855 1735 1200 1783 figuralium..
1296 1765 1306 1775 .
1403 1767 1413 1776 .
1510 1770 1518 1780 .
1613 1771 1623 1782 .
1695 1756 1742 1792 94

416 1805 469 1841 17.
495 1793 770 1831 Conieetoriam
786 1805 863 1831 non
880 1806 958 1832 esse
975 1795 1204 1841 sequendam
1296 1824 1306 1834 .
1402 1824 1411 1834 .
1507 1827 1518 1838 .
1613 1829 1623 1839 .
1696 1813 1742 1850 97

417 1856 471 1892 18.
497 1853 552 1890 De
575 1852 823 1888 fundamento
848 1853 1152 1897 mathematicae,
1174 1856 1212 1892 et
1236 1855 1417 1893 exercitio
1436 1868 1623 1905 sensuum,

546 1912 587 1947 et
610 1909 754 1946 uiribus
775 1909 935 1955 animae,
955 1912 994 1948 et
1015 1912 1188 1958 profectu
1212 1913 1382 1959 rationis,
1399 1918 1438 1953 et
1459 1916 1626 1955 efficacia

544 1967 762 2005 liberalium
777 1968 1198 2016 disciplinarum..
1617 2003 1627 2014 .
1675 1988 1739 2015 101

417 2038 471 2075 19.
496 2026 552 2064 De
577 2025 795 2063 differentia
818 2027 1111 2065 mathematicae
1136 2028 1357 2067 doctrinalis
1382 2034 1422 2069 et
1445 2033 1624 2071 mathesis

545 2084 780 2131 reprobatae,
799 2086 839 2122 et
853 2085 1062 2124 traditione
1086 2088 1444 2127 mathematicorum
1466 2093 1505 2128 et
1529 2103 1624 2130 erro-

544 2141 648 2179 ribus
663 2153 792 2179 eorum
871 2171 881 2180 .
979 2170 989 2179 .
1084 2172 1093 2182 .
1188 2172 1198 2182 .
1294 2174 1304 2183 .
1399 2175 1409 2185 .
1503 2177 1513 2186 .
1608 2179 1618 2188 .
1673 2162 1739 2198 107

413 2212 470 2239 20.
496 2199 602 2245 Quod
618 2199 863 2247 prouidentia
880 2213 1006 2239 rerum
1022 2205 1198 2240 naturam
1214 2216 1293 2242 non
1309 2205 1476 2253 perimit,
1496 2219 1620 2255 neque

542 2257 655 2296 series
666 2269 792 2295 rerum
803 2258 983 2296 immutat
993 2260 1284 2309 prouidentiam,
1294 2265 1334 2301 et
1346 2265 1446 2311 quod
1457 2264 1621 2302 liberum

545 2316 747 2354 arbitrium
762 2319 893 2355 manet
909 2330 995 2354 eum
1011 2319 1254 2365 prouidentia
1293 2348 1302 2358 .
1399 2350 1409 2360 .
1505 2350 1515 2360 .
1671 2335 1686 2362 1
1696 2337 1737 2373 13

412 2385 469 2412 21.
493 2375 553 2411 An
579 2373 724 2421 possint
752 2386 775 2410 a
802 2375 881 2412 Deo
906 2375 993 2412 sciri
1013 2388 1109 2424 quae
1130 2389 1206 2415 non
1229 2378 1419 2423 sciuntur3
1451 2382 1491 2418 et
1521 2351 1620 2428 quod

544 2443 669 2469 rerum
685 2432 922 2470 mutabilitas
938 2433 974 2471 ei
990 2446 1227 2482 nequaquam
1243 2439 1298 2473 est
1313 2437 1545 2484 infligenda3
1579 2442 1619 2478 et

543 2491 640 2536 quod
673 2490 775 2528 idem
815 2493 870 2528 est
911 2492 1082 2537 scientia,
1114 2494 1376 2541 praescientia,
1408 2495 1617 2544 dispositio,

541 2548 795 2595 prouidentia,
823 2551 1142 2596 praedestinatio;
1166 2554 1206 2589 et
1230 2553 1328 2599 quod
1352 2565 1444 2591 uera
1465 2554 1619 2594 infinita

540 2609 641 2651 sunt,
675 2609 718 2644 ut
747 2620 925 2645 numerus
963 2620 1090 2646 eorum
1130 2622 1207 2647 non
1242 2613 1357 2657 queat
1393 2614 1523 2660 augeri
1554 2615 1618 2653 uel

542 2664 691 2711 minui;
727 2667 766 2702 et
790 2667 889 2712 quod
912 2667 1157 2713 prouidentia
1181 2669 1328 2706 nullam
1352 2672 1614 2710 necessitatem

543 2723 654 2760 rebus
669 2723 818 2762 inducit
867 2752 876 2762 .
972 2753 981 2763 .
1184 2754 1193 2764 .
1393 2757 1403 2767 .
1499 2758 1508 2767 .
1605 2760 1614 2768 .
1667 2745 1731 2782 115

409 2790 465 2818 22.
490 2779 595 2826 Quod
611 2793 659 2819 ex
674 2782 846 2829 possibili
861 2795 939 2821 non
955 2783 1127 2832 sequitur
1141 2756 1385 2832 impossibile,
1403 2790 1442 2825 et
1458 2789 1550 2835 quid
1567 2802 1614 2828 ex

390 2838 438 2881 iV
