1878 3172
104 167 204 202 ou.
217 155 288 216 VI]
621 157 1053 203 POLICRATICVS
1576 170 1655 209 401
1673 170 1705 198 a

225 282 330 340 Cap.
363 285 403 328 6.
451 283 515 327 De
544 284 720 328 musica
749 289 787 328 et
818 284 1138 328 instrumentis
1167 288 1207 328 et
1236 284 1384 328 modis
1411 287 1451 328 et
1578 302 1609 331 a

649 353 815 410 fructu
843 367 1011 397 comm.

163 443 267 487 Non
282 447 430 488 tamen
447 445 678 488 curialium
692 445 824 502 nugis
838 445 1049 488 musicam
1064 445 1389 502 calumpnietur
1403 444 1564 501 aliquis

39 561 44 566 ,
106 513 328 565 sociatam,
338 513 442 557 licet
461 529 507 557 se
526 514 735 557 beneficio
755 514 849 557 eius
867 518 1082 557 conentur
1100 518 1367 572 nugatorum
1382 514 1562 571 plurimi

69 599 89 633 5
106 583 421 626 commendare.
490 583 736 640 Disciplina
774 583 990 639 siquidem
1029 583 1223 626 liberalis
1266 587 1346 636 est,
1378 586 1424 626 et
1469 583 1563 626 siue

108 650 396 708 Picfflgom,
416 651 511 694 siue
538 652 734 708 Moysen,
761 652 855 695 siue
875 651 1016 695 Tubal
1042 655 1214 709 patrem
1238 652 1491 696 canentium
1515 652 1562 693 in

105 720 305 776 cythara,
332 720 538 763 editionis
569 735 674 764 suae
708 721 862 764 laudat
893 724 1130 774 auctorem,
1157 722 1399 779 ingenuum
1428 721 1564 763 habet

109 792 268 840 ortum,
288 792 334 832 et
362 790 544 832 uirtutis
569 804 673 833 suae
698 790 899 847 potentia
927 790 1255 847 specierumque
1281 790 1499 833 uarietate
1518 794 1564 833 et

106 858 191 901 sibi
221 857 543 901 famulantibus
566 859 761 901 numeris
790 859 999 902 uniuersa
1027 859 1344 916 complectitur,
1365 859 1562 902 omnium

51 945 91 968 10
108 941 220 983 quae
239 930 345 970 sunt
364 931 410 969 et
430 942 542 983 quae
562 927 782 980 dicuntur,
802 928 1086 970 dissidentem
1107 932 1152 971 et
1171 929 1393 971 dissonam
1413 928 1563 970 multi-

107 995 308 1038 tudinem
340 996 673 1053 proportionum
705 1011 897 1049 suarum‚
927 997 974 1039 id
1005 1001 1084 1050 est,
1116 997 1337 1054 inaequali
1372 997 1563 1054 quadam

108 1064 345 1120 aequitatis
371 1064 467 1121 lege
490 1065 738 1109 concilians.
797 1065 894 1108 Hac
924 1066 1087 1108 etenim
1114 1066 1291 1109 celestia
1316 1069 1563 1123 temperan-

108 1136 196 1185 tur,
234 1133 459 1176 mundana
497 1133 591 1176 siue
634 1134 828 1177 humana
866 1138 1104 1192 reguntur:
1148 1135 1231 1178 hac
1268 1135 1564 1178 instrumenta

108 1216 251 1245 mores
279 1202 508 1244 instruunt
538 1205 583 1244 et
611 1202 867 1255 informant,
897 1203 1121 1260 ipsiusque
1150 1204 1270 1247 uocis
1304 1204 1564 1246 articulatae
1582 1205 1611 1243 b

52 1287 92 1320 15
108 1271 181 1314 uel
200 1270 507 1314 inarticulatae
527 1271 821 1314 substantiam
841 1272 953 1315 miro
974 1272 1162 1329 quodam
1182 1276 1369 1316 naturae
1389 1273 1562 1330 opificio

109 1339 274 1382 melicis
297 1339 481 1396 picturis
501 1339 765 1382 rithmorum
785 1345 1111 1397 metrorumque
1132 1341 1348 1384 coloribus
1367 1342 1567 1384 uestiunt

110 1411 156 1451 et
174 1408 364 1465 quadam
383 1408 529 1451 cultus
548 1412 782 1452 uenustate
809 1413 1060 1466 perornant.
1120 1410 1260 1463 Hanc,
1280 1414 1333 1453 ut
1356 1411 1568 1467 suffragio

110 1477 499 1520 commendationis
538 1480 714 1520 nostrae
753 1493 842 1521 non
881 1483 1020 1536 egeat,
1051 1480 1193 1522 sancti
1232 1483 1380 1536 patres
1414 1480 1568 1522 multis

109 1545 292 1588 laudum
329 1546 573 1602 praeconiis
611 1546 879 1591 extulerunt.
950 1548 1150 1605 Denique
1189 1548 1237 1590 in
1271 1548 1365 1591 eius
1398 1548 1568 1591 uirtute

53 1631 97 1656 ιο
112 1614 295 1672 maligni
335 1615 518 1671 spiritus
556 1615 770 1658 uiolentia
808 1617 1050 1669 cohibetur,
1091 1620 1136 1660 et
1177 1617 1297 1659 illius
1341 1617 1476 1659 etiam
1519 1618 1567 1658 in

111 1684 301 1727 subditis
320 1684 412 1726 suis
430 1684 593 1727 minuit
612 1685 803 1728 musicae
822 1686 969 1742 gratia
987 1689 1262 1743 potestatem.
1321 1685 1435 1729 Cum
1451 1685 1568 1728 enim

111 1799 133 1834 3
158 1787 412 1833 calumnietur
428 1787 453 1824 S
566 1797 583 1834 5
610 1787 642 1823 si
658 1800 725 1824 om.
743 1787 783 1822 M
893 1789 917 1824 6
940 1788 1155 1835 pitagoram
1172 1789 1268 1824 BM:
1292 1790 1516 1835 pytagoram
1532 1788 1566 1824 A

111 1844 133 1880 7
157 1835 306 1872 cithara
320 1835 379 1870 AS
521 1844 567 1870 20
591 1835 789 1871 choibetur
805 1834 913 1871 ΟΒΑι

158 1929 182 1964 6
203 1930 450 1972 Piaaqoram:
478 1927 503 1961 i.
515 1938 546 1963 e.
571 1925 846 1973 Pythagoram3
875 1939 906 1961 v.
932 1926 1100 1962 Chalcid.
1129 1928 1260 1963 Comm.
1286 1928 1327 1962 in
1350 1928 1445 1962 Plat.
1474 1928 1565 1962 Tim.

111 1985 169 2019 44.
331 1975 468 2009 Tubal:
509 1986 541 2008 v.
568 1973 662 2009 Gen.
688 1973 735 2008 iv.
761 1984 818 2008 21.
876 1973 1017 2009 ‘Tubal
1042 1986 1118 2009 war
1146 1974 1206 2009 die
1235 1973 1564 2010 mittelalterliche

112 2020 375 2058 Schreibweise
406 2021 467 2056 fiir
494 2020 630 2055 Jubal!
702 2020 744 2055 R.
772 2019 962 2066 Strassing
990 2020 1099 2066 (Jorg
1128 2020 1226 2057 Breu
1254 2033 1327 2057 von
1353 2021 1562 2067 Augsburg‚

111 2070 364 2113 Zeitschr.s12r
378 2068 579 2103 christliche
595 2068 727 2107 Kana,
745 2066 806 2102 vii.
828 2078 887 2102 101
905 2079 1005 2111 seqq.
1027 2068 1146 2111 1894),
1159 2067 1224 2112 qui
1245 2069 1359 2103 Tubal
1375 2070 1414 2102 et
1431 2067 1567 2113 Pytha-

112 2126 225 2162 gorae
249 2114 444 2160 imagines,
466 2113 606 2149 litteris
637 2115 680 2148 Ut
704 2115 756 2148 Re
779 2115 837 2148 Mi
863 2115 920 2148 Fa
946 2116 1007 2149 Sol
1034 2116 1090 2148 La
1115 2114 1263 2159 utrique
1288 2114 1497 2160 adscriptis,
1522 2114 1564 2149 in

114 2162 260 2208 capella
297 2162 552 2207 Fuggerorum
591 2161 692 2205 apud
723 2160 930 2205 Augustam
961 2160 1245 2196 Vindelicorum
1279 2161 1449 2206 depictas
1486 2172 1565 2197 esse

114 2211 258 2245 narrat.
307 2209 352 2243 In
379 2207 526 2253 capella
550 2206 757 2252 Hispanica
781 2206 890 2242 iuxta
917 2207 1115 2243 ecclesiam
1149 2207 1182 2243 S.
1217 2207 1362 2243 Mariae
1387 2206 1564 2243 Novellae

113 2257 215 2302 apud
240 2255 475 2291 Florentinos
503 2254 652 2289 fabrum
677 2254 745 2289 sub
772 2253 938 2299 imagine
967 2254 1130 2289 Musicae
1160 2266 1183 2290 a
1210 2254 1410 2291 Thaddaeo
1442 2254 1565 2290 Gaddi

114 2303 262 2349 pictum
290 2303 487 2337 Tubalcain
512 2300 684 2347 plerique
713 2302 859 2340 vocant,
890 2300 1006 2345 quasi,
1032 2303 1076 2336 ut
1103 2301 1150 2337 ab
1179 2301 1384 2336 Iamblicho
1411 2301 1452 2336 in
1482 2303 1566 2337 Vita

114 2352 302 2395 Pythaqor.
336 2349 432 2384 xxvi.
467 2351 508 2391 ξς
535 2358 596 2393 115
623 2359 724 2395 seqq.
756 2348 802 2383 de
832 2347 1046 2393 Pythagora
1074 2351 1261 2390 narratur,
1294 2359 1318 2383 a
1350 2359 1440 2384 sono
1469 2348 1565 2384 mal-

114 2396 256 2433 leorum
275 2396 457 2442 diapason
474 2397 512 2431 et
529 2394 709 2440 diapente
727 2396 766 2430 et
783 2394 1015 2431 diatessaron
1033 2398 1259 2430 concentum
1280 2394 1484 2431 invenisset
1500 2395 1566 2431 ille

163 2447 179 2478 i
190 2445 271 2489 fuit
294 2445 483 2478 malleator
502 2447 535 2477 et
543 2443 655 2486 faber
674 2444 714 2476 in
736 2447 863 2476 cuncta
884 2453 992 2486 opera
1014 2443 1108 2477 aeris
1130 2447 1162 2476 et
1175 2443 1275 2486 ferri
1295 2441 1402 2481 (Gen.
1423 2442 1472 2478 iv·
1494 2444 1565 2482 22).

148 2491 327 2527 otandum
346 2492 477 2526 tamen
493 2491 550 2524 est
570 2488 612 2523 in
639 2488 845 2524 Franchini
868 2487 1018 2524 Gafurii
1045 2489 1216 2524 Theorica
1239 2490 1381 2524 Musica
1400 2489 1567 2535 (Mediol.

118 2538 224 2620 «¹533
249 2538 459 2620 {¹324ssssssssss
472 2534 1566 2620 1)ζῖὴὲιῆοᾶᾭηῖἒέἳῗαὲἶνὲ“ῗῖ’““ἐὲωἶῗῖῗῗὲἶῗὲοἰῗὲ

117 2595 249 2667 Iuball'
267 2633 356 2667 ante
385 2611 570 2665 dilu'vium
598 2629 792 2674 ascripsit.'
823 2609 990 2674 'Iosephi
1018 2594 1141 2665 111)οῇ
1171 2596 1348 2676 Antiqui}
1377 2632 1461 2667 Iud.
1487 2643 1517 2666 v.
1544 2641 1565 2666 2

117 2677 221 2720 citat,
255 2677 319 2723 qui
354 2680 485 2714 tamen
518 2688 587 2713 nec
622 2677 668 2712 de
705 2675 950 2721 inquisitione
984 2676 1222 2722 Pythagorea
1253 2689 1322 2713 nec
1355 2677 1401 2714 de
1435 2677 1566 2714 Iubale

116 2724 322 2769 quidquam
339 2725 480 2760 asserit.
649 2725 689 2758 18
711 2730 856 2768 patres:
882 2735 913 2759 e.
926 2734 962 2768 g.
981 2724 1074 2769 Aug.
1092 2726 1135 2759 de
1154 2726 1248 2768 Oriy.
1264 2725 1338 2759 An.
1355 2726 1465 2759 Hum.
1484 2727 1502 2768 §
1526 2734 1567 2769 13

121 2770 264 2818 (Migne
279 2773 321 2808 P.
338 2773 381 2808 L.
398 2770 527 2806 xxxiii.
546 2771 641 2816 726).
747 2780 788 2805 21
811 2772 901 2806 Cum
919 2772 1014 2805 enim
1030 2775 1124 2807 etc.:
1154 2783 1186 2807 v.
1209 2781 1222 2806 1
1243 2770 1333 2818 Reg.
1348 2771 1421 2808 xvi.
1438 2771 1487 2807 ad
1504 2771 1567 2807 fin.

1420 2850 1462 2886 39
