1878 3172
217 569 449 616 INCIPIT
487 571 667 615 LIBER
705 571 1029 617 SECUNDUS
1068 571 1453 616 POLICRATICI
1582 578 1657 618 415
1674 579 1706 608 a

715 698 965 742 Pnonoous.

170 799 335 843 Omna
368 800 531 843 cedunt
561 799 608 842 in
640 814 769 843 usum
802 800 1027 857 sapientis,
1055 800 1306 857 habentque
1337 799 1570 843 materiam

111 868 296 912 uirtutis
315 869 593 921 exercendae,
614 883 912 926 quaecumque
933 869 1140 912 dicuntur
1164 872 1244 912 aut
1265 870 1391 912 fiunt.
1450 867 1569 911 Nam

74 956 95 990 5
113 940 160 980 et
187 938 280 981 otia
306 938 400 981 eius
426 938 605 996 negotia
631 942 747 989 sunt,
767 942 813 981 et
839 938 945 981 dum
965 938 1150 981 rationis
1169 937 1402 981 libramine
1421 952 1568 980 rerum

111 1006 309 1050 omnium
342 1007 460 1050 uires
493 1010 662 1064 pensat,
694 1007 882 1064 prouida
912 1007 1237 1064 dispensatione
1268 1006 1477 1064 quicquid
1511 1006 1569 1049 ad
1585 1003 1615 1042 b

110 1074 431 1118 beatitudinem
460 1075 633 1132 proficit
662 1076 852 1132 quadam
882 1076 1007 1133 quasi
1037 1090 1172 1119 manu
1201 1076 1385 1119 uirtutis
1414 1090 1568 1132 appre-

110 1143 277 1187 hendit
354 1144 477 1187 Tunc
517 1159 621 1201 ergo
659 1144 838 1187 diuinae
879 1145 1122 1202 sapientiae
1165 1148 1269 1188 tuae
1308 1147 1571 1202 argumento

110 1212 382 1256 ualidissimo
412 1213 648 1270 dupliciter
679 1213 811 1256 fidem
842 1213 963 1264 facis,
992 1213 1097 1256 dum
1128 1217 1173 1256 et
1201 1213 1248 1255 in
1278 1213 1369 1256 tuis
1397 1213 1570 1256 actibus

54 1302 96 1326 ιο
112 1286 257 1325 rectus
287 1282 452 1325 incedis
486 1285 532 1325 et
565 1282 888 1339 philosopharis
922 1283 970 1325 in
1003 1283 1134 1340 nugis
1164 1282 1331 1325 alienis.
1389 1282 1570 1325 Alacres

110 1349 262 1407 itaque
296 1354 457 1394 exeant
494 1366 639 1408 nugae
670 1354 858 1406 nostrae,
890 1366 999 1408 quas
1034 1352 1247 1394 serenitas
1280 1354 1360 1394 tua
1393 1351 1570 1408 prodire

111 1419 235 1462 iubet
263 1419 311 1462 in
339 1420 577 1477 publicum,
606 1423 660 1462 ut
689 1420 953 1463 coniectores
982 1420 1318 1463 mathematicos
1344 1433 1444 1463 cum
1471 1419 1569 1475 qui-

111 1487 297 1531 busdam
323 1488 424 1532 aliis
449 1489 740 1546 nugatoribus
764 1490 1071 1542 introducant3
1101 1489 1205 1546 quia
1225 1488 1387 1545 quibus
1407 1487 1569 1531 dedisti

113 1557 364 1615 egrediendi
379 1558 621 1611 audaciam,
636 1558 886 1601 securitatis
906 1573 1078 1615 quoque
1092 1558 1298 1601 fiduciam
1313 1556 1569 1635 praestabis.

55 1644 95 1679 1⁵
113 1624 444 1670 connectantur
482 1641 587 1684 ergo
621 1626 833 1670 inferiora
874 1627 1185 1684 superioribus,
1220 1629 1265 1669 et
1303 1626 1341 1669 si
1380 1626 1488 1682 quid
1522 1626 1570 1668 in

113 1694 339 1738 alterutris
376 1695 587 1739 uitiosum
626 1700 706 1739 aut
744 1695 940 1739 deforme
979 1695 1245 1753 apparuerit,
1280 1694 1570 1796 benignitatis

113 1767 216 1806 tuae
244 1764 482 1821 prudentia
510 1765 769 1822 corrigatur.

170 1899 277 1956 Cap.
299 1914 337 1944 1.
396 1900 568 1943 Omina
596 1915 729 1944 ua‘na
758 1916 852 1953 esse,
882 1905 921 1944 et
950 1915 1017 1943 res
1046 1899 1209 1956 eaefide
1236 1914 1323 1944 sua
1352 1899 1513 1956 cuique

705 1970 974 2025 respomdere.

54 2088 97 2111 ιο
170 2064 460 2107 Rusticanum
481 2067 526 2106 et
545 2063 661 2106 forte
677 2064 823 2107 offelli
837 2064 1119 2121 prouerbium
1136 2067 1224 2106 est:
1255 2064 1343 2116 Qui
1357 2063 1569 2119 sompniis
1585 2074 1610 2103 c

114 2136 160 2176 et
179 2133 376 2190 auguriis
396 2133 548 2187 credit,
562 2147 804 2189 numquam
824 2133 919 2175 fore
938 2147 1151 2175 securum.
1195 2132 1289 2188 Ego
1304 2132 1568 2174 sententiam

113 2205 159 2244 et
187 2201 462 2244 uerissimam
492 2204 537 2243 et
565 2201 864 2243 fidelissimam
893 2204 1012 2257 puto.
1072 2200 1191 2252 Quid
1214 2200 1331 2242 enim
1355 2199 1493 2242 refert
1512 2200 1569 2242 ad

113 2270 469 2326 consequentiam
504 2284 663 2320 rerum,
693 2270 730 2312 si
766 2270 864 2325 quis
898 2269 1031 2312 semel
1061 2272 1140 2311 aut
1174 2269 1363 2325 amplius
1396 2271 1568 2311 sternu-

117 2402 132 2427 1
160 2390 354 2436 Incipiunt
371 2388 541 2434 capitula
557 2387 711 2424 secundi
726 2386 815 2422 libri
831 2393 864 2422 et
876 2392 958 2432 post
973 2388 1133 2432 capitula
1154 2385 1374 2432 Expliciunt
1391 2386 1565 2432 capitula

112 2438 202 2474 libri
230 2436 384 2474 secundi
410 2435 535 2471 CBM:
568 2434 710 2480 Incipit
733 2434 910 2480 prologus
934 2433 972 2470 ii„
997 2433 1087 2468 libri
1112 2433 1195 2469 CB:
1224 2433 1365 2479 Incipit
1389 2433 1567 2480 prologus

112 2484 202 2521 libri
219 2483 374 2521 secundi
393 2483 456 2518 M.
481 2482 624 2528 Incipit
640 2481 818 2528 prologus
834 2480 987 2517 secundi
1001 2480 1089 2516 libri
1106 2480 1160 2516 A:
1188 2480 1383 2526 Incipiunt
1398 2481 1569 2527 capitula

111 2531 271 2568 secundi
301 2529 391 2566 libri
417 2535 450 2564 et
474 2535 557 2575 post
589 2530 748 2574 capitula
774 2527 994 2593 Expliciunt
1020 2527 1188 2573 capitula
1220 2527 1359 2573 Incipit
1389 2528 1568 2575 prologus

114 2578 204 2615 libri
219 2577 374 2615 secundi
390 2577 415 2612 S
560 2578 601 2612 18
626 2575 763 2611 Omnia
778 2574 822 2610 A¹
966 2584 1012 2610 20
1035 2574 1189 2611 somniis
1206 2574 1266 2610 CB
1236 2573 1294 2609 BS

162 2670 471 2724 20'Rusticanum
501 2691 535 2721 et
556 2687 656 2731 forte
693 2685 830 2728 Offelli:
864 2694 896 2718 ν.
925 2683 1016 2720 Hor.
1044 2685 1117 2719 Sat.
1142 2683 1182 2719 ii.
1207 2693 1240 2718 2.
1267 2693 1299 2725 2,
1327 2693 1357 2728 3.
1521 2693 1567 2729 23

114 2736 392 2772 sternutauerit:
430 2733 485 2769 De
517 2731 707 2768 ominibus
739 2743 762 2766 a
792 2729 1068 2767 sternutatione
1102 2733 1142 2767 et
1170 2731 1216 2766 de
1244 2742 1315 2766 usu
1340 2729 1502 2777 symboli
1527 2733 1566 2767 et

116 2781 298 2819 orationis
322 2780 542 2816 Dominicae
570 2779 658 2826 (vid.
682 2778 797 2823 infra)
824 2780 863 2814 et
887 2777 986 2824 signi
1010 2777 1131 2814 crucis
1150 2777 1254 2815 inter
1275 2777 1566 2815 sternutandum

172 2853 253 2871 wass
816 2844 847 2870 K
1410 2836 1454 2879 65
