1878 3172
119 114 214 197 '403
233 146 263 187 d
611 145 869 190 IOANNIS
900 144 1412 189 SARESBERIENSIS
1600 146 1743 203 [mm

279 266 379 310 uelo
408 265 657 316 uerborum,
687 280 874 322 quorum
908 265 1060 308 eadem
1100 265 1352 308 substantia
1381 267 1461 317 est,
1491 265 1615 308 nulla
1647 280 1743 323 pro-

279 336 397 378 fecto
417 335 666 377 differentia
695 338 773 377 est.
834 334 957 387 Quae
987 334 1106 391 apud
1127 334 1316 377 Graecos
1336 334 1652 391 coepulationis
1671 334 1744 378 uel

279 404 618 461 compotationis
644 407 879 447 censentur
904 404 1092 454 nomine,
1113 418 1140 445 a
1159 403 1287 446 nobis
1306 404 1548 446 honestiori
1567 403 1745 447 nomine

281 474 487 517 conuiuia
507 474 806 516 nominantur.
863 472 1000 516 Cetus
1020 472 1238 529 siquidem
1258 473 1591 516 conuiuentium
1612 488 1745 530 quam

281 542 609 599 coepulantium
625 546 704 585 aut
719 542 1067 598 compotantium
1083 541 1378 584 uenerabilior
1392 545 1469 585 est.
1527 541 1747 586 Conuiuia
1765 560 1784 593 5

282 627 388 654 uero
415 626 561 654 nonne
580 626 659 668 per
678 626 724 654 se
745 611 852 654 satis
879 611 1122 662 insaniunt,
1142 610 1229 653 nisi
1256 611 1526 654 carminibus
1554 611 1746 654 exciten-

282 682 390 724 tur-2
450 680 610 723 Nonne
640 681 761 723 istud
791 680 942 737 arguit
971 680 1201 732 Dominus,
1231 680 1404 723 dicens:
1445 680 1510 722 Ve
1541 680 1618 737 qui
1647 695 1748 723 con-

133 765 218 804 404
236 764 267 793 a
284 750 468 807 surgitis
486 765 615 792 mane
636 750 692 792 ad
714 749 972 792 ebrietatem
994 749 1260 799 sectandam,
1281 752 1326 792 et
1345 749 1590 806 potandum
1610 763 1750 806 usque

284 819 342 862 ad
376 833 617 876 uesperam,
648 821 700 861 ut
733 818 840 860 uino
876 818 1072 862 estuetis.
1132 817 1318 862 Cithara
1352 822 1397 861 et
1431 818 1517 861 lira
1551 821 1596 861 et
1630 821 1748 876 tym-

284 902 450 944 panum
482 891 528 930 et
562 888 674 930 tibia
706 891 751 930 et
786 887 942 929 uinum
982 887 1030 929 in
1071 887 1289 930 conuiuiis
1323 887 1509 940 uestris;
1554 890 1599 930 et
1638 902 1748 945 opus
1769 902 1811 925 10

285 957 465 1000 Domini
485 972 575 1000 non
596 957 825 1014 respicitis,
847 959 893 1000 et
918 971 1051 1014 opera
1075 972 1289 1000 manuum
1314 957 1408 1000 eius
1435 972 1525 1000 non
1553 957 1751 1000 conside-

285 1027 408 1069 ratis.
469 1027 587 1079 Quid
616 1026 733 1082 quod
759 1041 839 1068 rex
860 1026 1104 1083 Babylonis
1124 1041 1214 1069 non
1233 1026 1320 1069 nisi
1341 1026 1388 1068 in
1408 1026 1614 1070 conuiuio
1634 1026 1752 1069 uidit

285 1111 467 1138 manum
502 1095 734 1138 scribentis
768 1096 815 1137 in
848 1096 1017 1152 pariete
1044 1108 1189 1146 MANE,
1221 1107 1416 1146 TEOHEL,
1447 1107 1639 1146 PHARES,
1664 1110 1752 1152 quo

286 1180 474 1222 regnum
501 1165 832 1207 dinumeratum
862 1179 1106 1221 appensum
1134 1165 1426 1208 denuntiatur
1457 1168 1503 1207 et
1537 1165 1751 1208 scissum?

276 1234 454 1276 ‘Diuino
474 1234 690 1290 siquidem
717 1233 879 1276 iudicio
908 1234 1162 1290 principatu
1186 1234 1408 1277 iudicatur
1431 1234 1652 1292 indignus,
1672 1234 1749 1291 qui
1770 1251 1810 1285 15

287 1318 396 1346 uasa
415 1303 607 1355 Domini,
628 1303 824 1344 humana
848 1302 1055 1345 uidelicet
1084 1318 1279 1359 corpora,
1300 1303 1347 1345 in
1374 1318 1516 1346 uanae
1546 1303 1751 1360 uolupta-

287 1372 347 1415 tis
366 1371 530 1429 gaudia
550 1371 745 1428 exponit,
762 1374 806 1414 et
826 1371 974 1428 sponsi
995 1371 1241 1414 thalamum
1262 1371 1446 1429 maligni
1467 1372 1650 1429 spiritus
1670 1372 1751 1414 im-

290 1440 523 1483 munditiis
553 1440 707 1497 aperit.

408 1520 598 1564 Centum
628 1520 870 1562 luminibus
899 1521 1092 1563 cinctum
1121 1524 1255 1578 caput
1285 1521 1433 1578 Argus
1462 1521 1666 1572 habebat,

291 1618 403 1660 quae
413 1603 561 1645 omnia
567 1603 699 1645 unius
705 1603 879 1645 fistulae
892 1603 1122 1660 uoluptate
1134 1618 1223 1646 non
1236 1606 1329 1646 tam
1343 1605 1487 1661 sopita
1499 1607 1605 1647 sunt
1618 1619 1751 1661 quam
1772 1621 1815 1645 πο

244 1675 273 1715 b
291 1672 499 1715 extincta.
559 1672 626 1714 Tu
647 1672 746 1728 quis
766 1687 822 1722 es,
836 1672 912 1728 qui
929 1675 972 1714 te
988 1673 1414 1730 circumspectiorem
1435 1688 1528 1717 esse
1544 1673 1753 1717 confidis?
1798 1707 1801 1710 ⁴

407 1801 513 1858 Cap.
537 1813 571 1856 7.
621 1801 686 1845 De
713 1802 1098 1847 dissimilitudine
1128 1804 1330 1861 Auyusti
1358 1808 1396 1848 et
1426 1804 1633 1848 Neronis.

350 1877 554 1933 Augusto
584 1877 918 1941 tympanizante
948 1878 996 1919 in
1026 1893 1133 1921 cena
1160 1894 1186 1921 a
1214 1879 1404 1936 quodam
1431 1879 1626 1922 militum
1655 1894 1755 1937 pro-

291 1947 417 1989 brose
433 1946 599 1988 dictum
613 1948 701 1988 est:
726 1946 912 1989 Videsne
927 1950 980 1989 ut
994 1947 1174 1990 cinedus
1188 1949 1338 1991 orbem
1354 1948 1495 2006 digito
1509 1949 1756 2006 temperet?

294 2015 432 2059 Cuius
461 2015 535 2057 ille
565 2014 690 2057 uerbi
720 2029 950 2071 percussus
977 2017 1273 2060 amaritudine
1302 2032 1362 2068 os,
1389 2032 1558 2068 manus,
1584 2022 1630 2061 et
1659 2018 1753 2060 ani·
1773 2034 1815 2068 25

292 2099 414 2126 mum
442 2084 489 2125 in
516 2098 648 2126 euum
676 2084 733 2126 ab
757 2084 1010 2128 huiusmodi
1035 2086 1218 2129 leuitate
1245 2087 1487 2144 suspendit,
1510 2087 1755 2144 habuitque

292 2168 463 2210 semper
491 2153 682 2209 gratiam
713 2155 1011 2210 exprobranti.
1072 2155 1159 2198 Sed
1189 2156 1318 2214 longe
1347 2171 1470 2200 secus
1505 2156 1638 2209 Nero,
1665 2171 1757 2200 non

295 2269 315 2294 2
341 2258 421 2303 uel]
439 2261 506 2295 aut
520 2258 561 2294 M
656 2269 679 2304 9
703 2259 869 2305 Cythara
882 2258 922 2293 M
985 2259 1201 2306 timpanum
1213 2258 1315 2295 ASM
1409 2269 1454 2296 10
1475 2259 1583 2306 tybia
1597 2258 1625 2295 C
1714 2270 1756 2306 13

295 2306 422 2342 cethel
440 2306 500 2342 M:
526 2306 652 2343 tethel
670 2305 693 2341 S
785 2317 826 2350 14
851 2306 987 2342 cissum
1005 2306 1029 2342 S
1114 2317 1156 2352 19
1181 2307 1302 2353 capud
1318 2306 1352 2342 A
1435 2317 1478 2342 22
1505 2306 1757 2343 similitudine

295 2352 426 2389 OBA¹:
450 2353 749 2390 dissimulatione
767 2353 854 2388 Pin
871 2356 1000 2390 indice.
1050 2353 1090 2400 (S
1112 2356 1152 2390 in
1176 2356 1293 2390 indice
1314 2356 1462 2390 titulum
1479 2366 1557 2400 cap.
1580 2356 1631 2390 vii
1654 2355 1758 2389 habet

294 2402 436 2446 qualem
465 2403 650 2446 dedimam
681 2407 720 2436 at
746 2403 820 2446 ipsi
851 2403 1010 2446 capitulo
1028 2405 1201 2447 praefixa
1225 2403 1395 2446 leyuntur
1423 2414 1514 2448 quae
1537 2406 1758 2447 sequuntur.-

295 2448 342 2483 de
377 2447 493 2483 oculis
526 2447 610 2494 argi
643 2448 858 2494 exemplum
890 2448 1059 2484 fabulam
1093 2448 1204 2495 ponit
1229 2448 1374 2485 ovidius
1404 2448 1755 2494 metamorphoseos,

295 2506 394 2540 quae,
414 2507 493 2529 cum
509 2497 550 2529 in
566 2497 729 2540 maryine
745 2498 942 2541 superioris
958 2508 1035 2542 cap.
1053 2498 1207 2542 reperiri
1222 2497 1389 2541 debeant„
1392 2507 1464 2542 pro
1485 2496 1588 2531 titulo
1607 2507 1684 2542 cap.
1708 2497 1760 2531 vii

295 2543 451 2587 scriptor
464 2542 610 2587 accepit)
754 2553 797 2588 23
823 2543 1099 2589 timpanizante
1117 2543 1184 2579 MS

346 2645 367 2670 2
395 2636 491 2678 Quae
507 2637 607 2680 apud
623 2636 716 2671 etc.:
743 2635 818 2671 Cic.
836 2637 878 2670 de
895 2637 1026 2671 Senect.
1048 2634 1065 2681 §
1084 2643 1140 2681 45.
1251 2643 1271 2679 7
1302 2635 1349 2670 Ve
1366 2636 1438 2670 etc.
1455 2646 1463 2668 :
1482 2633 1553 2670 Isa.
1572 2645 1604 2669 v.
1627 2643 1681 2678 11,
1703 2643 1756 2669 12.

300 2692 342 2718 12
369 2694 434 2717 rex
446 2683 666 2726 Babylonis:
695 2682 780 2718 vide
795 2682 890 2717 Dan.
908 2695 940 2717 v.
1091 2693 1133 2728 19
1160 2683 1309 2718 Centum
1326 2683 1398 2717 etc.
1413 2694 1422 2716 :
1447 2680 1514 2717 Ov.
1531 2682 1615 2716 Met.
1632 2680 1657 2716 i.
1675 2681 1756 2726 625.

298 2739 343 2773 23
370 2730 531 2773 Anqusto
554 2730 624 2764 etc.
643 2742 650 2764 :
677 2742 706 2764 v.
728 2728 828 2765 Suet.
849 2730 942 2774 Auy.
960 2731 1030 2774 68;
1055 2731 1139 2765 Ner.
1159 2739 1216 2774 20,
1233 2739 1289 2774 23,
1307 2738 1350 2775 25
1369 2728 1445 2771 fin„
1468 2739 1516 2774 30
1535 2728 1631 2764 med.
1685 2726 1756 2775 (cf.

298 2775 482 2812 Welfflini
502 2777 680 2812 Caecilius
697 2778 844 2821 Balbus,
861 2789 897 2822 p.
916 2777 969 2823 4.)

405 2850 452 2883 44
