1878 3172
198 180 283 231 566
302 190 333 220 a

301 306 332 336 a

303 1139 333 1178 b

677 177 938 222 IOANNIS
978 177 1490 223 SARESBERIENSIS
1656 161 1765 239 [ms.
1779 189 1811 223 v

348 298 475 342 Inter
501 298 611 342 alios
637 301 787 342 tamen
812 298 1090 356 benigniores
1119 301 1225 342 sunt
1252 299 1328 356 qui
1357 299 1589 342 minimum
1614 302 1811 357 possunt,

347 361 451 412 licet
471 367 564 411 fere
585 383 735 412 omnes
755 369 882 425 proni
903 368 993 411 sint
1013 368 1070 411 ad
1097 368 1341 412 nocendum
1368 368 1486 426 quod
1512 369 1655 412 cuiuis
1681 369 1811 426 longe

348 437 524 481 facilius
545 440 612 481 est
632 452 765 494 quam
785 438 1002 495 prodesse.
1061 437 1308 481 Exerceant
1328 452 1432 496 ergo
1455 438 1677 481 nundinas
1696 453 1810 488 suas,

347 506 512 549 loculos
542 506 708 549 alienos
738 506 1016 556 exhauriant,
1037 505 1229 549 farciant
1257 520 1370 557 suos,
1389 506 1645 563 possideant
1674 522 1810 564 quan-

348 579 446 618 tum
487 576 740 626 Paccuuius‚
779 575 1004 618 montibus
1043 590 1202 618 aurum
1241 578 1499 633 exaequent,
1537 591 1617 620 nec
1662 580 1813 619 ament

348 644 540 701 aliquem
560 659 639 687 nec
665 647 871 687 amentur
890 645 947 687 ab
973 644 1075 694 ullo,
1095 644 1187 687 sint
1212 644 1495 688 admirationi
1521 645 1686 702 ignotis
1706 645 1812 688 dum

348 714 598 757 domesticis
610 714 701 756 sint
715 714 816 756 odio
832 713 905 756 uel
919 713 1204 771 contemptui.
1244 714 1349 757 Tale
1364 714 1533 771 aliquid
1547 714 1595 756 in
1610 717 1813 757 ueterum

348 782 648 825 Romanorum
679 782 855 839 scriptis
886 782 1097 826 inuenies.
1159 781 1273 826 Cum
1300 782 1483 826 Publius
1513 781 1676 826 Gineus
1705 782 1811 826 Gre-

347 852 472 896 cinus
504 851 602 910 <aut
636 852 673 894 si
713 852 800 894 alio
841 852 990 909 potius
1027 851 1191 895 dicitur
1223 852 1417 907 nomine)
1457 854 1718 909 argueretur
1755 852 1813 895 ab

347 922 499 964 amicis
513 921 630 978 quod
644 935 827 964 uxorem
843 921 1081 964 formosam
1093 924 1260 964 castam
1279 924 1325 964 et
1341 921 1533 964 nobilem
1548 921 1812 979 repudiaret,

348 991 598 1048 respondit:
629 991 700 1033 Et'
717 991 789 1034 hic
818 1005 979 1042 soccus,
1009 1004 1139 1047 quem
1168 990 1359 1041 cernitis,
1388 1005 1531 1034 nouus
1561 991 1737 1048 elegans
1767 994 1813 1034 et

349 1061 669 1118 inspectoribus
698 1060 902 1103 omnibus
930 1060 1107 1117 placens
1141 1063 1220 1112 est,
1251 1060 1328 1103 sed
1361 1075 1490 1104 nemo
1522 1060 1605 1104 scit
1638 1063 1814 1118 praeter

351 1145 420 1173 me
450 1130 592 1173 solum
627 1130 704 1173 ubi
734 1145 804 1173 me
833 1132 1016 1187 premat.
1081 1129 1266 1187 Legitur
1294 1130 1342 1172 in
1373 1130 1486 1173 libro
1515 1130 1813 1173 Numerorum

350 1199 468 1256 quod
488 1214 588 1242 cum
601 1199 858 1243 Madianitis
874 1199 1096 1242 fornicans
1111 1199 1249 1242 Israel
1269 1198 1617 1257 indignationem
1633 1199 1812 1243 Domini

349 1268 668 1325 prouocauerit,
684 1268 821 1312 donec
842 1268 997 1311 Finees
1017 1268 1193 1310 Zambri
1212 1267 1355 1310 filium
1376 1267 1485 1310 Salu
1503 1282 1603 1311 cum
1623 1268 1824 1312 succuba·

350 1337 642 1380 Madianitide
686 1337 843 1380 educto
891 1352 994 1380 ense
1042 1337 1422 1380 transuerberauit
1469 1339 1515 1380 et
1561 1337 1610 1380 in
1657 1352 1813 1398 occasu

351 1410 585 1450 nocentum
614 1406 785 1463 quieuit
811 1407 879 1449 ira
904 1406 1001 1450 Dei.
1062 1407 1223 1450 Factus
1247 1409 1314 1449 est
1335 1421 1438 1464 ergo
1465 1421 1607 1450 sermo
1632 1406 1812 1450 Domini

352 1476 409 1517 ad
454 1476 638 1531 Moysen
687 1475 866 1518 dicens:
924 1475 1046 1518 Tolle
1090 1478 1270 1518 cunctos
1314 1475 1533 1532 principes
1572 1475 1723 1532 populi
1766 1478 1814 1518 et

349 1543 567 1600 suspende
587 1558 659 1586 eos
679 1546 833 1586 contra
853 1543 988 1586 solem
1007 1543 1055 1585 in
1074 1543 1297 1600 patibulis.
1351 1543 1613 1587 Peccauerat
1633 1544 1811 1601 quidem

349 1605 538 1668 populus
578 1614 623 1654 et
668 1611 903 1654 fornicatio
950 1612 1199 1669 principum
1247 1626 1337 1654 non
1389 1612 1665 1669 exprimitur,
1711 1613 1808 1670 rapi

349 1685 500 1724 tamen
533 1680 866 1737 praecipiuntur
899 1680 1119 1737 principes
1152 1680 1209 1723 ad
1248 1680 1497 1737 patibulum
1537 1683 1583 1723 et
1616 1681 1664 1723 in
1697 1695 1813 1738 pena

351 1764 502 1792 eorum
542 1749 666 1805 quies
705 1749 978 1806 delinquenti
1019 1749 1182 1807 populo
1221 1752 1463 1806 reparatur,
1503 1764 1554 1792 eo
1597 1750 1715 1806 quod
1756 1765 1812 1794 ex

349 1819 621 1876 negligentia
665 1818 1010 1876 praesidentium
1059 1818 1311 1875 saepissime
1357 1819 1564 1876 prouenit
1611 1834 1813 1863 excessus

350 1888 640 1932 subditorum.
719 1888 874 1931 Refert
922 1888 1073 1945 itaque
1115 1889 1348 1945 potestatis
1386 1887 1574 1931 istorum
1611 1889 1813 1932 cohibere
1876 1893 1878 1916 ³

349 1957 567 2000 malitiam
588 1959 633 2000 et
652 1957 815 2001 eisdem
835 1958 889 2000 de
909 1958 1085 2015 publico
1103 1957 1335 2014 prouidere
1351 1960 1403 2000 ut
1422 1957 1564 2000 omnis
1583 1958 1812 2016 grassandi

310 2037 335 2067 c
352 2027 518 2070 occasio
548 2027 849 2070 subtrahatur.
915 2027 1043 2080 Quod
1070 2029 1115 2069 et
1141 2026 1189 2068 in
1215 2026 1312 2070 iure
1340 2027 1538 2070 Romano
1564 2028 1812 2084 antiquitus

351 2099 531 2140 cautum
552 2098 630 2146 est,
650 2095 848 2152 alioquin
873 2098 1028 2138 auctor
1053 2095 1279 2138 uidebitur
1307 2095 1510 2139 maleficii
1541 2096 1658 2152 quod
1687 2110 1813 2152 prae-

351 2165 554 2208 termisso
584 2164 725 2208 officio
755 2165 986 2207 emendare
1021 2164 1305 2220 contempnit.
1365 2164 1450 2207 His
1481 2165 1597 2230 enim
1626 2165 1813 2222 flagellis

350 2234 591 2284 hominum,
631 2234 1001 2289 innocentumque
1039 2233 1293 2285 tortoribus,
1332 2248 1420 2291 quo
1462 2233 1726 2291 praeclarior
1767 2237 1814 2278 et

352 2332 371 2373 5
397 2325 581 2372 pacuuius
597 2325 631 2360 A
754 2334 794 2361 12
819 2324 861 2360 in
876 2323 1090 2371 pectoribus
1107 2322 1256 2360 c²BAM
1375 2327 1415 2371 '13
1443 2324 1584 2362 Salomi
1601 2323 1641 2360 M
1767 2326 1812 2362 16

350 2373 609 2409 madianidide
627 2372 651 2408 S
796 2374 837 2408 18
860 2376 940 2418 post
956 2371 1091 2418 populi
1109 2373 1195 2409 add.
1213 2370 1326 2408 israel
1341 2370 1375 2406 A

355 2450 769 2549 cassasset&
782 2447 1318 2530 02·ἑ.“ἕ1·1ἕο2020·02020200221800020-ῑ;ῑ·00
1331 2493 1361 2550 ,0.
1377 2494 1422 2539 00
1438 2447 1812 2548 <Mamm

353 2543 687 2625 {lffss‘ssusssffifn
701 2542 1549 2633 fflfflssmafflstfffflgssi”13’3252‘322¹⁵23&
1564 2543 1813 2625 ssffissshssss

357 2636 506 2680 Coniuq.
525 2638 647 2671 Praec.
675 2646 719 2671 22
746 2636 827 2682 (141
855 2645 896 2679 Α,
914 2635 956 2681 Β)
983 2635 1135 2681 legitur.
1280 2645 1334 2680 11,
1355 2645 1396 2670 12
1421 2647 1540 2671 nouus
1555 2637 1695 2681 eleyans
1711 2641 1744 2672 et
1758 2638 1814 2672 in-

351 2684 567 2728 spectoribus
582 2685 746 2718 omnibus
759 2685 908 2728 placem
923 2687 973 2718 est
988 2695 997 2719 :
1020 2684 1169 2718 uidetur
1181 2683 1283 2718 uobis
1298 2693 1415 2718 nouus
1430 2687 1463 2717 et
1478 2684 1620 2727 eleyans
1636 2682 1788 2719 Hieron.
1801 2695 1814 2725 ς»

351 2731 454 2764 καλὸς
471 2729 553 2764 ἰδεῖν
570 2731 623 2764 καὶ
641 2733 752 2766 καινός
769 2729 869 2765 Plut.
1039 2739 1080 2774 13
1104 2731 1256 2775 Leyitur
1270 2731 1342 2765 eto.
1357 2741 1365 2764 :
1390 2740 1422 2764 v·
1439 2727 1548 2765 Num.
1566 2742 1650 2765 xxv.
1666 2730 1689 2766 6
1706 2741 1810 2776 seqq.

355 2778 397 2812 18
426 2777 521 2811 Tolle
546 2782 687 2812 cunctos
712 2779 803 2813 etc.:
829 2775 940 2812 Num.
964 2787 1048 2813 xxv.
1066 2786 1099 2820 4.
1241 2777 1287 2813 26
1313 2777 1414 2820 Quod
1437 2781 1470 2812 et
1493 2778 1534 2812 in
1558 2779 1638 2812 iure
1661 2777 1752 2814 etc.:
1777 2787 1811 2814 v.

351 2824 558 2860 Anthemio.
576 2823 661 2859 coll.
681 2823 722 2861 ii.
738 2823 800 2860 tit.
818 2834 839 2860 2
859 2824 1006 2870 (=Nov.
1025 2822 1119 2870 viii.)
1138 2834 1168 2859 c.
1186 2831 1220 2867 7.

461 2878 526 2919 328

1831 593 1850 627 5

1833 936 1874 961 10

1832 1285 1875 1321 15

1831 1631 1876 1656 20
