1878 3172
189 138 270 189 478
289 147 320 178 a
663 131 922 176 IOANNIS
962 130 1470 176 SARESBERIENSIS
1602 131 1709 193 [ms.
1726 144 1787 178 111
1853 180 1855 186 A

334 250 384 292 in
413 248 561 292 anima
583 247 796 306 angulum
819 247 892 291 uel
917 248 1089 304 partem
1114 246 1245 290 dico?
1302 246 1502 290 Partium
1529 261 1685 305 expers
1711 250 1789 299 est,

334 318 631 376 simplicisque
654 320 851 368 naturae,
872 319 918 360 et
946 316 1085 359 totius
1110 315 1383 373 duplicitatis
1409 316 1576 374 ignara.
1638 317 1791 360 Partes

335 391 486 431 tamen
506 400 616 444 quas
634 386 792 443 potuit,
812 385 897 428 sibi
924 400 951 428 a
976 385 1263 428 distributore
1290 385 1504 429 bonorum
1526 386 1790 430 uendicauit.
1858 391 1860 396 ’

334 457 488 510 Ὶ(4211382
526 455 686 512 inquis.
745 455 946 498 Virtutes
975 454 1141 512 utique,
1170 454 1330 511 quibus
1359 454 1483 512 uiget
1511 457 1557 498 et
1585 457 1792 512 operatur

338 529 383 570 et
421 525 490 569 sui
530 524 880 582 experimentum
919 523 1038 567 facit.
1111 523 1160 567 Si
1194 538 1284 566 non
1323 538 1426 582 ergo
1464 523 1793 581 multiplicitate
1811 540 1830 576 5
1860 565 1862 567 ,

337 595 533 653 partium
563 597 608 637 et
632 593 897 650 quantitatis
923 592 1114 650 quadam
1144 592 1412 636 distensione
1438 593 1604 645 crescit,
1623 593 1794 637 ratione

338 667 488 708 tamen
513 666 559 706 et
585 663 813 706 intellectu
832 662 1036 719 appetitu
1066 661 1170 714 boni
1200 662 1428 706 auersione
1453 662 1570 714 mali,
1589 665 1795 706 manente

339 732 636 791 simplicitatis
678 734 851 783 natura,
891 731 1119 776 dilatatur.
1189 730 1303 776 Cum
1348 746 1455 775 uero
1496 734 1645 789 partes
1687 732 1796 775 istas

293 806 323 846 b
341 803 524 860 spiritus
551 801 707 858 implet
727 801 864 859 (Deus
893 801 1011 844 enim
1040 800 1224 858 spiritus
1251 799 1350 859 est),
1370 801 1511 844 solida
1533 804 1579 844 et
1601 800 1797 858 perfecta
1870 855 1872 857 ,

340 875 408 915 est
427 871 524 914 uita
549 870 734 914 animae.
794 869 908 914 Cum
934 870 1052 913 enim
1079 870 1328 914 intellectus
1347 870 1502 922 Deum,
1522 870 1598 927 qui
1627 884 1796 913 summe
1817 886 1858 912 10

338 941 481 984 bonus
500 942 579 991 est,
598 939 721 982 uisus
742 939 810 982 sui
831 939 1031 983 acumine
1052 942 1267 996 quantum
1296 938 1418 983 ualet
1443 942 1489 983 et
1514 939 1617 983 licet
1642 953 1796 996 appre·
1866 949 1878 998 1

339 1009 507 1060 hendit,
546 1011 592 1052 et
631 1008 796 1051 bonum
835 1008 953 1065 quod
1000 1008 1075 1052 ille
1113 1009 1249 1060 uidet,
1287 1009 1543 1066 incorrupta
1590 1008 1798 1051 uoluntas
1870 995 1878 1067 ’ξ

341 1079 524 1137 appetit,
545 1080 590 1121 et
616 1077 731 1120 ratio
757 1092 813 1121 ne
837 1077 1026 1122 declinet
1052 1078 1110 1121 ad
1139 1078 1367 1122 dexteram
1393 1078 1465 1121 uel
1490 1077 1547 1121 ad
1574 1077 1798 1120 sinistram
1876 1078 1878 1103 ²

342 1148 418 1205 qui
439 1161 546 1191 sano
565 1146 725 1190 affectu
745 1146 802 1189 ad
821 1146 987 1190 bonum
1011 1148 1218 1199 trahitur,
1238 1147 1359 1190 uiam
1379 1147 1533 1204 aperit,
1551 1146 1641 1189 iam
1661 1161 1798 1203 quan·
1871 1136 1878 1164 '³

342 1217 445 1261 dam
468 1215 816 1259 immortalitatis
843 1219 1043 1260 assecuta
1062 1219 1130 1260 est
1148 1217 1346 1274 gloriam.
1407 1216 1535 1270 Quod
1564 1215 1679 1259 forte
1709 1215 1799 1258 iam
1818 1214 1878 1302 151Ι

343 1285 573 1336 sentiebat,
601 1284 677 1341 qui
701 1285 749 1327 in
776 1285 998 1328 suauitate
1025 1285 1314 1329 conscientiae
1341 1299 1446 1328 suae
1475 1284 1671 1329 dicebat:
1713 1283 1801 1328 Cor
1875 1306 1878 1331 ἕ

343 1369 491 1398 meum
511 1356 557 1397 et
582 1368 683 1397 caro
709 1368 807 1397 mea
831 1353 1147 1398 exultauerunt
1177 1354 1224 1396 in
1244 1353 1388 1397 Deum
1411 1354 1579 1397 uiuum.
1637 1353 1803 1410 Vtique
1838 1373 1844 1378 ·
1874 1334 1878 1396 1

345 1424 423 1481 qui
446 1424 528 1466 hac
554 1422 630 1465 uia
652 1422 818 1467 incedit
844 1437 934 1465 non
961 1425 1110 1479 sperat
1138 1425 1219 1466 aut
1245 1423 1503 1475 extimescit,
1523 1438 1613 1467 non
1641 1422 1803 1466 contri·
1875 1419 1878 1466 1

345 1495 493 1535 statur
519 1494 599 1534 aut
628 1491 830 1535 condolet
858 1491 990 1535 alicui
1020 1506 1182 1543 eorum,
1207 1506 1318 1549 quae
1354 1506 1382 1535 a
1411 1506 1584 1535 summo
1619 1494 1664 1535 et
1697 1505 1804 1534 uero
1873 1480 1878 1536 1

346 1561 462 1605 bono
481 1560 720 1604 recedendo
750 1560 974 1605 deficiunt.
1033 1561 1098 1604 Eo
1122 1560 1238 1605 forte
1264 1561 1415 1605 fideles
1443 1561 1613 1605 animas
1638 1561 1804 1604 inuitat
1822 1554 1878 1602 20³

307 1644 333 1674 c
348 1644 490 1675 sermo
523 1629 805 1687 propheticus
839 1629 1013 1674 dicens:
1055 1629 1379 1675 Oonuertimini
1418 1630 1476 1674 ad
1514 1645 1584 1674 me
1622 1631 1671 1673 in
1709 1633 1805 1675 toto
1874 1645 1878 1652 ¹

349 1699 477 1744 corde
497 1701 670 1751 uestr03
698 1701 751 1742 ut
771 1698 935 1742 scilicet
954 1699 1143 1757 angulus
1158 1699 1310 1757 gaudii
1330 1702 1410 1743 aut
1425 1700 1618 1752 meroriS,
1634 1699 1806 1743 timoris
1876 1695 1878 1698 ’

349 1771 430 1812 aut
461 1768 565 1825 spei,
584 1782 674 1811 non
708 1770 939 1811 auertatur
969 1783 996 1812 a
1030 1768 1143 1812 facie
1166 1783 1276 1822 mea,
1302 1783 1425 1813 meae
1455 1783 1544 1812 non
1578 1769 1807 1826 displiceat
1875 1783 1878 1815 1

349 1837 583 1881 uoluntati.
641 1836 804 1894 Implet
821 1839 972 1880 autem
990 1838 1098 1881 haec
1116 1838 1213 1881 uita
1232 1852 1405 1881 omnem
1423 1840 1683 1891 creaturam,
1703 1837 1807 1895 quia
1875 1868 1878 1870 -

352 1907 446 1950 sine
476 1921 528 1949 ea
555 1905 680 1948 nulla
709 1908 776 1948 est
805 1906 1055 1950 substantia
1083 1910 1321 1951 creaturae.
1379 1906 1520 1950 Omne
1543 1907 1661 1950 enim
1690 1906 1807 1963 quod
1826 1911 1878 1956 25¹

353 1978 432 2027 est,
444 1975 537 2018 eius
549 1974 886 2032 participatione
906 1978 974 2018 est
993 1975 1039 2019 id
1059 1976 1176 2033 quod
1189 1978 1268 2020 est.
1309 1975 1397 2019 Sed
1415 1990 1515 2020 cum
1528 1975 1587 2018 sit
1606 1975 1654 2018 in
1669 1975 1807 2019 omni·
1876 1983 1878 1989 ’

352 2045 436 2088 bus
465 2059 544 2102 per
572 2046 790 2095 naturam,
814 2043 907 2087 sola
932 2044 1156 2088 inhabitat
1183 2044 1464 2088 rationabilia
1494 2059 1573 2102 per
1605 2044 1809 2102 gratiam.
1876 2057 1878 2060 ·

354 2114 472 2158 Sunt
491 2127 607 2171 ergo,
626 2113 730 2170 quia
754 2112 802 2155 in
828 2113 891 2156 eis
920 2113 1086 2157 ueritas
1106 2116 1198 2167 est;
1228 2114 1521 2164 illustrantur,
1540 2113 1645 2170 quia
1669 2113 1717 2155 in
1746 2113 1809 2156 eis

354 2182 572 2240 sapientia
591 2184 685 2234 est;
713 2182 878 2225 bonum
899 2182 1103 2240 diligunt,
1123 2183 1227 2240 quia
1252 2183 1300 2226 in
1324 2182 1387 2226 eis
1410 2182 1510 2226 fons
1533 2182 1745 2226 bonitatis
1764 2185 1810 2226 et

355 2250 555 2295 caritatis
574 2253 653 2294 est.
712 2250 867 2294 Omnis
887 2251 1050 2294 etenim
1069 2251 1214 2294 uirtus
1239 2251 1437 2309 angelica
1455 2250 1527 2294 uel
1551 2253 1596 2294 et
1615 2251 1809 2294 humana
1826 2267 1870 2304 30

356 2319 577 2377 quoddam
628 2319 879 2363 diuinitatis
932 2320 1170 2377 uestigium
1217 2322 1284 2364 est
1333 2319 1538 2362 rationali
1583 2322 1810 2362 creaturae
1864 2372 1866 2376 y

357 2387 677 2445 quodammodo
701 2387 974 2444 impressum.
1033 2388 1227 2445 Spiritus
1253 2390 1429 2431 sanctus
1452 2387 1707 2430 inhabitans
1729 2387 1810 2429 im-

357 2457 513 2515 primit
532 2457 704 2500 animae
724 2457 1017 2510 sanctitatem,
1037 2457 1316 2514 eiusdemque
1336 2456 1502 2500 riuulos
1521 2456 1813 2499 multifariam

360 2602 382 2630 2
406 2592 668 2639 dupplicitatis
683 2592 717 2629 A
859 2603 901 2640 13
920 2599 1003 2640 poet
1017 2593 1080 2632 uel
1096 2606 1164 2631 om.
1181 2593 1229 2631 ad
1246 2593 1286 2630 M
1427 2601 1472 2637 27
1497 2591 1699 2628 rationalia
1715 2591 1782 2629 SM

409 2723 431 2759 9
457 2714 555 2749 Deus
570 2714 724 2760 spiritus
740 2719 811 2749 est:
838 2712 942 2751 Ioan.
959 2712 1007 2749 iv.
1027 2723 1082 2758 24.
1268 2714 1323 2757 16,
1344 2721 1386 2757 17
1414 2714 1486 2749 Cor
1500 2723 1617 2749 meum
1634 2714 1728 2750 eta:
1754 2712 1813 2750 Ps.

361 2758 507 2796 lxxxiii.
524 2770 558 2805 3.
700 2770 742 2798 21
773 2762 1039 2797 Conuertimini
1055 2762 1146 2798 etc.:
1171 2758 1250 2797 Ioel
1266 2759 1304 2797 ii.
1325 2770 1379 2797 12.

474 2835 535 2873 172
