1878 3172
130 165 229 201 car.
243 156 315 218 lv]
652 160 1088 208 POLICRATICVS
1603 177 1687 219 39⁵
1704 180 1735 209 ⁸·

128 279 291 322 natura
319 280 670 338 praescripserat,
689 281 855 339 inspice
883 283 1169 340 patriarchas,
1190 285 1296 329 data
1324 286 1421 344 lege
1443 288 1585 332 transi

127 345 186 388 ad
204 346 347 400 duces,
366 350 550 405 procede
575 351 634 393 ad
658 351 834 404 iudices,
853 352 911 394 ad
938 367 1062 409 reges
1087 355 1360 411 progredere,
1379 370 1584 413 percurre
1601 361 1630 400 b

127 415 283 458 seriem
303 418 630 474 prophetarum,
650 419 792 462 fidelis
814 421 966 477 populi
985 421 1127 464 officia
1146 425 1191 465 et
1210 424 1359 467 studia
1386 439 1583 482 perscru-

126 485 235 535 tare,
274 499 383 541 quos
428 487 476 529 in
515 488 627 530 serie
664 489 828 532 ueteris
866 489 1151 534 instrumenti
1191 492 1300 549 legis
1339 495 1583 539 exercuisse

38 541 43 546 ¹
89 569 109 602 5
126 554 404 599 uenaticam‘l
459 556 631 614 Nempe
650 557 882 601 Idumaeos
902 561 948 601 et
967 559 1214 604 Ismaeh’tas
1234 565 1280 604 et
1297 566 1451 619 gentes
1471 579 1583 620 quae

125 619 366 666 Dominum
397 625 662 670 nesciebant.
720 626 807 669 Vbi
838 631 956 679 sunt,
989 628 1136 685 inquit
1169 631 1398 688 propheta,
1431 637 1511 676 aut
1544 635 1583 677 si

124 690 279 742 mauis,
309 691 415 734 dum
446 696 595 737 tamen
626 695 675 738 in
703 695 887 752 Spiritu,
917 698 1116 741 notarius
1145 701 1397 756 prophetae,
1427 703 1503 759 qui
1534 703 1582 745 in

124 759 282 803 auibus
315 761 397 804 celi
431 762 623 807 ludunt?
680 764 746 808 Ac
777 765 816 808 si
850 766 987 809 tacita
1021 767 1290 812 subiectione
1323 772 1583 827 pronuntiet

125 841 210 880 eos,
245 843 432 886 quorum
470 832 567 875 uita
605 833 726 876 iocus
764 837 844 886 est,
877 835 969 878 suis
1003 837 1234 880 euanuisse
1272 852 1373 882 cum
1411 841 1581 892 auibus,

67 909 105 935 ιο
123 910 281 954 eosque
300 899 498 942 subiecta
516 903 876 957 pronuntiatione
899 904 956 946 ad
986 904 1151 948 inferos
1174 906 1446 952 descendisse
1465 924 1580 953 com-

122 970 347 1011 memorat.
426 968 659 1028 Interroga
696 975 844 1028 patres
883 976 994 1024 tuos,
1028 977 1074 1017 et
1112 977 1443 1021 annuntiabunt
1481 979 1580 1032 tibi,

121 1034 308 1078 maiores
335 1039 448 1089 tuos,
469 1041 514 1080 et
542 1039 691 1082 dicent
718 1055 764 1084 se
793 1056 1011 1098 nusquam
1035 1047 1236 1087 sanctum
1260 1045 1417 1103 legisse
1446 1062 1579 1091 uena-

121 1105 274 1147 torem.
314 1104 442 1157 Quod
455 1107 492 1149 si
504 1108 673 1151 nomini
685 1112 946 1153 uenatorum
959 1111 1013 1154 de
1025 1113 1282 1169 prophetica
1292 1116 1579 1171 promissione

121 1171 372 1224 blandiaris,
393 1189 481 1231 qua
506 1190 553 1220 se
572 1180 805 1221 uenatores
830 1179 1068 1223 missurum
1098 1181 1315 1226 Dominus
1334 1184 1577 1240 pollicetur,
1596 1195 1620 1224 c

65 1251 103 1285 15
122 1241 199 1297 qui
228 1241 283 1284 de
310 1243 527 1287 umbrosis
556 1248 602 1288 et
631 1247 812 1290 excelsis
841 1252 1060 1291 uenentur
1089 1264 1302 1304 erroneos,
1326 1252 1578 1297 bestialium

121 1308 262 1352 uitam
280 1313 457 1356 noueris
485 1314 715 1371 increpari,
734 1330 824 1358 non
843 1318 1139 1361 commendari
1168 1321 1428 1365 uenantium
1452 1324 1577 1365 uani-

118 1380 270 1423 tatem.
328 1380 422 1424 Nec
459 1385 506 1425 te
545 1383 748 1427 Placidus
786 1385 858 1427 uel
898 1385 1162 1430 Eustachius
1192 1392 1366 1446 martyr
1400 1391 1577 1447 quidem

119 1446 317 1505 insignis,
338 1464 467 1506 quem
490 1451 545 1494 de
564 1452 639 1509 pia
664 1468 754 1496 non
773 1457 922 1497 tamen
941 1456 1150 1499 canonica
1169 1458 1387 1514 scriptura
1412 1474 1577 1503 uenan-

119 1517 211 1558 tem
231 1519 387 1562 asseris
406 1534 434 1562 a
452 1519 642 1564 Domino
662 1522 906 1576 uisitatum‚
927 1524 1059 1567 nimis
1081 1525 1336 1578 demulceat,
1354 1528 1440 1571 nisi
1461 1528 1577 1572 forte

60 1599 103 1624 πο
118 1589 445 1642 persecutorum
485 1590 687 1634 eeclesiae
726 1592 893 1635 rabiem
932 1594 1097 1645 laudas,
1132 1609 1183 1638 eo
1222 1597 1340 1653 quod
1377 1597 1480 1641 inde
1519 1599 1576 1641 ad

118 1655 413 1711 apostolatum
428 1662 611 1703 uocatus
626 1663 693 1704 est
709 1660 883 1714 Paulus,
896 1665 942 1705 et
956 1662 1074 1706 inter
1092 1663 1202 1707 alios
1216 1664 1362 1708 factus
1374 1668 1577 1725 egregius

118 1723 336 1781 euangelii
354 1727 639 1782 praedicator.
698 1729 786 1773 Sed
806 1730 976 1773 fuerint
994 1731 1082 1774 uiri
1106 1732 1312 1787 illustres,
1332 1734 1576 1779 Alexandri

121 1788 237 1835 forte
276 1793 348 1836 uel
387 1794 579 1849 Cesares,
614 1798 797 1841 uenatui
844 1799 1006 1852 dediti3
1059 1802 1275 1858 numquid
1313 1803 1576 1861 philosophi,

106 1862 198 1902 aut
217 1859 354 1917 aliqui
378 1864 597 1920 sapientes
623 1866 670 1907 in
694 1867 886 1923 populo?
943 1868 1174 1926 Numquid
1201 1870 1415 1924 Socrates,
1436 1872 1575 1926 Plato,

57 1941 101 1974 25
117 1926 382 1982 Aristotiles,
412 1931 588 1984 Seneca,
617 1933 824 1986 Soranus,
847 1938 926 1978 aut
955 1937 1032 1992 qui
1061 1938 1199 1981 totius
1227 1954 1317 1982 non
1346 1941 1469 1983 urbis
1498 1942 1575 1984 sed

116 1997 236 2040 orbis
279 2001 512 2044 euacuauit
556 2002 779 2056 miracula,
818 2005 1015 2048 omnium
1058 2007 1106 2049 in
1151 2022 1197 2051 se
1236 2009 1571 2052 admirationem

116 2066 334 2122 sapientia
363 2071 408 2111 et
439 2069 608 2113 uirtute
642 2075 913 2123 conuertens,
942 2073 1128 2118 Archita
1157 2076 1451 2122 Tarentinusl
1509 2078 1571 2120 Vt
1587 2082 1615 2121 d

117 2172 137 2210 5
162 2164 340 2210 ydumeos
358 2164 383 2200 S
550 2176 594 2211 14
615 2166 799 2204 blandiris
815 2167 855 2204 M
1021 2179 1065 2206 22
1091 2171 1308 2217 euuangelii
1322 2171 1356 2208 A
1525 2185 1570 2220 23

114 2211 343 2258 phylosophi
361 2212 421 2248 CB

164 2308 182 2344 5
207 2299 417 2335 Idumaeos:
445 2311 475 2336 v.
494 2299 630 2336 Ezech.
646 2299 762 2346 xxxii.
780 2310 835 2346 29,
854 2311 910 2345 30.
1061 2303 1084 2338 6
1114 2303 1183 2338 Vbi
1197 2308 1283 2339 sunt
1300 2306 1395 2341 etc.:
1422 2305 1571 2343 Baruch

113 2344 168 2381 iii.
196 2354 250 2390 17.
364 2357 401 2382 11
430 2348 618 2392 Imm-oya
644 2349 738 2385 etc.:
765 2359 797 2382 v.
823 2347 980 2384 Hieron.
1003 2349 1045 2383 in
1069 2351 1178 2385 Mich.
1203 2362 1237 2386 v.
1262 2352 1305 2392 6;
1330 2351 1378 2387 cf.
1402 2352 1570 2389 Ambros.

113 2393 156 2427 in
179 2393 311 2429 Psazm.
337 2393 458 2429 cxviii.
483 2395 540 2430 61.
656 2405 695 2430 12
721 2406 898 2440 nusquam
920 2401 1105 2431 sanctum:
1129 2409 1162 2432 v.
1190 2397 1344 2434 Hieron.
1370 2400 1411 2434 in
1434 2401 1567 2437 Psalm.

113 2449 171 2484 xc,
196 2439 357 2475 citatum
381 2442 516 2477 Decret.
541 2441 570 2477 Ι.
595 2440 761 2477 distinct.
788 2441 926 2478 lxxxvi.
953 2454 985 2478 c.
1014 2453 1050 2478 11
1081 2443 1154 2488 (ed.
1175 2444 1392 2491 Friedberg,
1409 2445 1434 2481 i.
1457 2448 1566 2492 300);

113 2485 216 2522 Ivon.
241 2485 390 2523 Carnot.
416 2488 552 2523 Decret.
577 2488 655 2524 xiii.
680 2499 736 2533 33.
882 2499 929 2545 14·
948 2495 1133 2526 uenatores
1157 2493 1351 2527 missurum
1374 2495 1468 2529 etc.:
1495 2494 1565 2530 Ier.

112 2534 1568 2640 aaa.gaggssssfflwsmffiffi§1³etz-cis:

112 2635 156 2672 25
183 2628 363 2663 Soranus:
389 2629 435 2663 cf.
463 2628 558 2675 Aug.
590 2641 664 2665 con.
688 2630 759 2664 Iul.
784 2641 816 2664 ν.
844 2637 900 2674 51,
924 2631 1078 2667 Retract.
1104 2643 1144 2667 u.
1169 2633 1226 2669 62.
1282 2633 1377 2669 V1de
1405 2636 1501 2670 Dice.
1530 2637 1576 2680 of

110 2673 410 2719 Bioyraphffiav.
425 2674 627 2712 ‘Soranus'
699 2685 743 2720 27
767 2677 920 2712 Archita
935 2678 1174 2715 Tarentinus:
1205 2679 1325 2716 Huius
1337 2681 1567 2717 mentionem

113 2730 223 2803 zaefie
241 2720 336 2757 facit
343 2721 611 2813 §Hieronymum
661 2723 715 2759 De
731 2722 915 2760 miraculo
933 2724 1094 2770 quodam
1110 2725 1158 2762 ab
1174 2737 1217 2763 eo
1239 2726 1342 2764 facto
1360 2727 1434 2765 vid.
1452 2728 1567 2764 etiam

132 2768 168 2803 ‘e
226 2779 262 2804 x.
282 2777 324 2814 13
381 2778 414 2815 9.

1417 2855 1459 2890 ²9
