1820 3138
819 134 1267 178 PROLEGOMENA

369 253 554 296 GALENI
584 252 751 295 dictum
780 252 828 294 in
856 251 1019 295 Polior.
1041 252 1132 295 viii.
1155 253 1182 294 6
1210 251 1364 294 laudat
1393 251 1510 308 quod
1539 251 1586 294 in
1615 252 1765 308 spurio

311 335 440 378 opere
479 322 533 365 de
569 321 866 378 Dynamidiis
904 321 1112 364 inuenies.
1194 321 1249 363 In
1288 321 1439 363 eodem
1478 321 1671 378 capitulo
1708 336 1765 364 ex

311 391 585 447 Hieronymo
618 390 750 433 aliam
785 390 904 432 illius
939 390 1203 432 sententiam
1235 389 1384 432 refert.
1443 389 1511 432 De
1540 389 1764 433 doctrinae

310 459 466 502 Galeni
487 459 605 516 apud
628 459 826 502 homines
845 474 951 502 saec.
977 459 1041 501 xii
1067 459 1355 502 occidentales
1380 459 1564 502 scientia
1581 459 1764 502 uideant

303 529 397 576 ,uiri
417 529 534 572 docti
555 529 631 585 qui
651 528 916 571 medicorum
936 528 1219 584 antiquorum
1239 528 1424 571 studiosi
1445 530 1563 575 sunt,

337 630 341 636 .
369 595 623 638 DIOGENEM
639 594 889 637 LAERTIVM
910 595 1228 651 interpretatus
1247 596 1326 644 est,
1341 594 1378 637 si
1399 594 1635 637 Valentino
1651 594 1763 638 Rose

309 665 442 707 fidem
469 664 769 716 adhibeamus,
793 664 864 706 uir
893 664 1050 706 Ioanni
1080 665 1231 706 nostro
1258 666 1529 716 coaetaneus,
1555 663 1764 707 Euericus

309 733 474 776 scilicet
494 733 760 790 Aristippus,
785 733 1116 775 archidiaconus
1138 732 1438 785 Cataniensis;
1469 733 1544 775 sed
1570 748 1681 789 quae
1708 748 1763 776 ex

309 802 505 859 Diogene
544 802 591 844 in
635 801 963 844 Policraticu‘m
1005 804 1389 858 permanauerunt‚
1428 816 1507 858 per
1546 802 1763 845 dictorum

308 871 658 914 memorabilium
697 871 971 914 collectiones
1019 871 1282 914 recentiores
1330 871 1518 914 deducta
1566 885 1658 914 esse
1697 872 1762 913 ui-

309 940 495 992 dentur;
548 940 650 983 uide
699 940 819 983 infra
867 940 920 983 de
964 940 1219 991 Fmvmno,
1268 939 1518 984 ‘CAECILIO
1567 940 1724 983 BALBO
1741 941 1762 991 '‚

309 1008 498 1053 CATVLO
523 1010 779 1053 PARMENSI.

367 1078 598 1121 ORIGENIS
623 1078 856 1122 Homilias
880 1079 937 1121 iu
963 1079 1068 1129 Leu,
1088 1079 1242 1130 Num„
1262 1078 1360 1129 Ios„
1380 1078 1529 1122 Iudic.
1552 1093 1607 1121 ex
1627 1079 1761 1121 inter-

307 1147 554 1204 pretatione
568 1162 680 1204 quae
692 1162 795 1190 uere
809 1147 985 1204 quidem
998 1151 1065 1190 est
1077 1148 1240 1199 Rufini,
1248 1148 1330 1189 sub
1339 1147 1601 1204 Hieronymi
1614 1150 1762 1190 autem

308 1216 483 1274 nomine
504 1216 551 1258 in
571 1216 715 1259 medio
730 1231 839 1259 aeuo
854 1216 1254 1267 circumferebatur,
1270 1216 1323 1258 H
1321 1216 1499 1259 miliae
1517 1216 1571 1258 iu
1590 1216 1762 1259 Lucam

308 1300 363 1327 ex
375 1285 513 1341 ipsius
527 1285 790 1341 Hieronymi
803 1285 1001 1327 uersione
1013 1285 1200 1327 Ioannes
1211 1285 1333 1327 citat.
1379 1284 1616 1341 Oriyeuem
1627 1299 1761 1341 super

307 1354 340 1395 Ι
338 1369 439 1397 osue
459 1354 663 1397 ecclesiae
680 1353 940 1397 Carnotensi
961 1356 1225 1396 testamento
1244 1354 1422 1410 legauit.
1462 1353 1687 1406 Quaedam
1707 1354 1762 1414 de

309 1422 499 1478 Origene
525 1437 581 1465 ex
608 1422 785 1464 Eusebii
813 1422 929 1465 Hist.
949 1423 1104 1466 Eooles.
1131 1425 1175 1465 et
1202 1437 1258 1465 ex
1285 1422 1465 1466 Hieron.
1490 1422 1621 1479 Apol.
1651 1422 1760 1466 adu.
1786 1477 1793 1482 ·

310 1490 540 1546 Rufinum
560 1490 709 1533 refert.

366 1559 696 1603 PHYSIOLOGVM
722 1560 798 1616 qui
823 1562 1005 1603 uocatur
1031 1560 1205 1611 librum,
1228 1560 1396 1617 origine
1423 1561 1600 1617 quidem
1627 1560 1761 1603 Grae-

307 1644 418 1680 cum,
464 1629 621 1671 Latine
666 1631 815 1671 tamen
858 1643 967 1672 saec.
1009 1630 1093 1671 xii0
1132 1629 1353 1672 exstitisse
1392 1632 1577 1673 constat.
1648 1630 1761 1673 Vide

306 1698 349 1741 J.
372 1698 417 1740 P.
441 1698 497 1742 N.
519 1698 644 1740 Land
664 1698 710 1739 in
730 1699 908 1754 Eucycl.
930 1699 1147 1741 Britauu.
1170 1698 1235 1742 ed.
1256 1706 1311 1754 9³,
1332 1701 1365 1741 t.
1386 1699 1478 1750 xiX‚
1499 1713 1572 1755 pp.
1595 1701 1622 1741 6
1641 1714 1759 1755 seqq.

307 1767 402 1809 Aut
434 1767 578 1823 ipsum
608 1767 771 1809 librum
800 1770 879 1809 aut
909 1767 1045 1809 alium
1076 1767 1262 1809 materia
1292 1767 1394 1810 inde
1426 1770 1603 1824 sumpta
1631 1782 1760 1810 usum

306 1850 395 1879 non
417 1836 549 1878 semel
571 1838 793 1878 auctorem
814 1836 972 1878 habuit
991 1836 1190 1880 Ioannes.

364 1905 613 1948 PLOTINVM
637 1909 753 1948 certe
776 1919 865 1948 non
888 1905 1056 1949 habuit.
1117 1906 1186 1947 Ex
1211 1905 1463 1963 Augustino
1485 1905 1539 1948 de
1566 1905 1761 1949 Ciuitate

306 1974 390 2017 Dei
429 1978 474 2016 et
513 1974 734 2017 Macrobio
773 1974 827 2016 de
865 1974 1050 2017 Somnio
1089 1974 1313 2030 Scipiom's
1347 1975 1561 2031 quaedam
1591 1975 1646 2017 de
1684 1974 1760 2017 illo

306 2043 456 2086 refert.
517 2043 584 2086 De
611 2043 848 2100 astrologia
872 2043 1034 2086 Plotini
1065 2043 1329 2086 sententiam
1358 2044 1406 2086 in
1434 2043 1597 2087 Polior.
1628 2043 1672 2086 ii.
1706 2057 1758 2099 19

305 2113 499 2162 citatam,
520 2112 597 2155 ubi
617 2112 760 2169 legere
780 2113 985 2169 potuerit,
1006 2113 1206 2169 equidem
1226 2113 1382 2156 nescio.

365 2181 626 2224 POBPHYRII
665 2181 1057 2224 Introductianem
1082 2182 1161 2224 iu
1211 2181 1462 2238 Oateyorias
1500 2181 1759 2236 Aristotelis,

307 2265 418 2306 quae
441 2250 584 2292 locum
611 2250 658 2292 in
680 2250 861 2306 Oryano
887 2251 1003 2307 quod
1023 2254 1184 2294 uocant
1212 2250 1403 2307 primum
1427 2254 1757 2306 occupauerant,

306 2319 353 2360 in
368 2320 567 2363 uersione
584 2320 759 2363 Boethii
775 2321 943 2364 habuit.
990 2321 1138 2364 Huius
1157 2320 1423 2362 mentionem
1438 2319 1495 2362 ab
1507 2319 1758 2376 Augustino

306 2387 359 2429 de
381 2388 578 2431 Ciuitate
597 2390 681 2432 Dei
700 2389 864 2433 factam
884 2390 1067 2443 inuenit,
1089 2393 1134 2432 et
1153 2389 1339 2432 eundem
1359 2388 1460 2430 fidei
1479 2387 1757 2432 Christianae

306 2457 565 2499 acerrimum
586 2457 722 2501 fuisse
743 2459 1093 2516 impugnatorem
1113 2458 1278 2500 didicit.

364 2524 554 2568 Evsmm
575 2526 803 2570 Historiae
823 2527 1146 2571 Ecclesiastiaeae
1168 2525 1529 2582 interpretatione
1550 2540 1577 2568 a
1596 2526 1757 2569 Rufino

306 2592 426 2635 facta
445 2608 550 2636 usus
570 2597 649 2637 est.

365 2661 594 2704 GREGORII
621 2661 914 2706 ΝΑΖΙΑΝΖΕΝΙ
941 2663 1164 2720 Epistolas
1191 2666 1235 2706 et
1262 2662 1492 2705 Orationes
1518 2663 1564 2704 in
1590 2663 1756 2706 Polior.

307 2730 383 2782 vii,
410 2731 575 2788 prolog.
600 2745 658 2774 cc.
686 2732 751 2783 18,
783 2745 833 2788 19
869 2733 978 2775 citat
1017 2747 1073 2775 ex
1111 2732 1310 2774 uersione
1349 2745 1460 2788 quae
1499 2732 1627 2774 hodie
1665 2746 1755 2774 non

306 2801 463 2842 exstat.
537 2799 727 2842 Videant
765 2801 925 2856 quibus
964 2803 1030 2844 est
1060 2814 1189 2844 curae
1223 2800 1586 2844 bibliothecarum
1619 2799 1759 2843 medii

420 2882 565 2910 xxvm

1797 2859 1820 2870 ,ῃ

1814 2919 1820 2927 ι.

1812 2930 1814 2939 ι

1806 2946 1811 2953 1
