1878 3172
25 126 28 129 ’
97 161 195 194 m.
209 150 279 207 v1]
602 148 1036 194 PomcRAncvs
1403 175 1408 180 -
1556 159 1637 200 ⁵24
1654 148 1683 189 d

95 267 321 313 Assistant
345 282 450 325 ergo
477 267 518 310 ei
547 266 730 310 Nathan
757 266 973 324 propheta
1000 269 1046 310 et
1071 265 1244 310 Sadoch
1269 266 1470 310 sacerdos
1495 270 1541 310 et

96 335 246 380 fideles
270 337 353 379 filii
375 336 699 394 prophetarum,
718 335 795 392 qui
819 350 919 378 eum
945 350 973 378 a
994 335 1090 393 lege
1116 335 1295 378 Domini
1322 336 1541 379 diuertere

95 419 186 448 non
218 405 459 462 patiantur,
492 408 538 448 et
571 418 703 461 quam
736 404 829 461 ipse
862 404 999 446 oculis
1032 404 1180 446 animo
1213 418 1302 447 non
1333 405 1540 458 ostendit,

71 474 260 532 linguis
292 474 384 517 suis
416 473 709 524 introducant,
738 472 862 529 quasi
894 472 1083 528 quodam
1112 473 1286 515 aurium
1315 474 1439 524 ostio,
1467 474 1540 516 lit-
1556 486 1633 526 525
1652 487 1682 515 a

57 553 79 588 6
96 543 240 586 terati.
298 542 438 600 Legat
469 542 618 599 itaque
646 556 769 584 mens
797 541 1007 598 principis
1035 541 1083 583 in
1111 541 1264 599 lingua
1292 542 1541 593 sacerdotis,

97 614 143 654 et
190 612 398 668 quicquid
446 610 669 668 egregium
716 610 840 654 uidet
883 610 931 652 in
974 610 1180 660 moribus,
1225 611 1351 667 quasi
1398 610 1540 668 legem

96 679 276 723 Domini
294 683 539 723 ueneretur.
597 679 713 722 Nam
738 679 835 722 uita
864 681 909 722 et
933 678 1087 735 lingua
1112 679 1386 722 sacerdotum
1413 679 1540 736 quasi

96 749 277 805 quidam
314 748 434 791 uitae
471 748 583 791 liber
626 751 694 791 est
740 747 788 790 in
826 747 938 791 facie
975 747 1250 804 populorum.
1323 747 1388 791 Eo
1426 747 1542 791 forte

96 820 267 878 spectat
285 817 401 874 quod
420 816 620 873 exempla
640 816 750 874 legis
777 831 804 859 a
828 816 1124 859 sacerdotibus
1150 816 1372 860 Leuiticae
1398 817 1542 860 tribus

38 904 83 929 10
97 885 275 928 iubetur
306 885 469 934 assumi
476 899 493 938 3
529 885 634 941 quia
662 884 983 942 praedicatione
1011 899 1162 928 eorum
1190 885 1321 928 debet
1347 888 1542 942 potestas
1562 890 1571 900 “

96 953 314 998 commissi
342 953 627 1010 magistratus
654 953 949 1010 gubernacula
974 953 1202 996 moderari.
1262 953 1355 996 Nec
1385 968 1541 1010 expers

95 1022 274 1065 omnino
295 1022 494 1065 lectionis
517 1025 584 1064 est
610 1022 699 1078 qui,
717 1021 799 1064 etsi
823 1021 917 1078 ipse
942 1036 1031 1065 non
1056 1022 1176 1079 legit,
1197 1036 1310 1078 quae
1331 1022 1542 1079 leguntur

94 1090 158 1134 ab'
177 1090 277 1134 aliis
303 1090 492 1134 fideliter
517 1090 653 1133 audit.
712 1090 799 1143 Qui
822 1104 927 1134 uero
952 1094 1159 1133 neutrum
1186 1090 1306 1142 facit,
1326 1091 1542 1147 quomodo

94 1158 144 1201 in
176 1161 429 1215 contemptu
461 1159 682 1215 praecepti
721 1158 838 1215 quod
875 1159 1144 1215 praecipitur
1176 1159 1366 1202 fideliter
1402 1159 1541 1202 adim-

37 1244 80 1280 15
95 1226 264 1284 plebit?
320 1226 567 1271 Concursus
585 1242 773 1284 namque
793 1227 1146 1270 desiderabilium
1161 1228 1355 1271 omnium
1370 1227 1540 1284 sapien-

7 1307 30 1346 &
93 1295 185 1340 tiae
221 1296 406 1339 8„oeer
445 1299 522 1339 est.
593 1296 854 1339 Tholomeus
897 1295 955 1339 ad
992 1296 1216 1340 cumulum
1254 1297 1542 1340 beatitudinis

0 1356 13 1420 s
94 1377 240 1407 nonne
258 1364 342 1407 sibi
361 1363 528 1421 aliquid
547 1364 694 1407 deesse
713 1364 900 1408 credidit
923 1365 1071 1416 donec,
1089 1365 1240 1409 accitis
1259 1365 1540 1422 septuaginta
1556 1369 1587 1408 b

0 1430 2 1487 ξ
94 1431 420 1489 interpretibus,
458 1432 560 1475 licet
597 1433 776 1490 gentilis
815 1436 940 1484 esset,
979 1434 1119 1491 legem
1166 1433 1346 1476 Domini
1391 1433 1541 1477 Grecis

0 1489 7 1562 l
95 1501 463 1545 communicauit?
511 1502 661 1545 Nichil
675 1502 792 1545 enim
811 1502 949 1546 refert
968 1517 1026 1545 an
1040 1503 1302 1560 interpretes
1322 1502 1370 1544 in
1390 1502 1541 1545 eadem

36 1587 83 1614 ae
97 1569 253 1614 cellula
268 1570 404 1614 clausi
423 1571 689 1614 contulerint
708 1586 766 1614 an
785 1572 1147 1629 prophetauerint
1160 1571 1208 1614 in
1222 1571 1421 1630 diuersis,
1435 1571 1541 1613 dum

96 1641 266 1682 constet
295 1653 442 1697 regem
480 1639 528 1682 in
565 1640 769 1683 ueritatis
806 1640 1088 1697 inquisitione
1126 1640 1362 1683 sollicitum
1399 1640 1541 1697 legem

95 1705 274 1750 Domini
293 1707 341 1750 in
360 1707 559 1751 Greciam
578 1709 810 1752 traiecisse.
870 1709 925 1751 In
948 1709 1122 1752 Athicis
1145 1705 1367 1752 Noctibus
1384 1709 1542 1765 legisse

12 1816 13 1819 ,
94 1789 166 1819 me
186 1776 365 1819 memini
384 1776 512 1832 quod,
534 1791 634 1819 cum
654 1777 847 1834 Philippi
870 1777 1119 1821 Macedonis
1145 1792 1316 1820 morum
1336 1775 1543 1834 legantur

95 1843 298 1901 insignia,
335 1844 452 1887 inter
489 1847 634 1888 cetera
679 1845 976 1888 litteratorum
1022 1846 1230 1896 studium,
1270 1846 1394 1902 quasi
1438 1845 1541 1888 belli

36 1926 81 1963 25
96 1913 273 1970 negotia
310 1915 356 1956 et
393 1912 677 1956 uictoriarum
715 1914 974 1970 triumphos,
1007 1914 1317 1957 liberalitatem
1355 1928 1542 1966 mensae,

95 1981 386 2025 humanitatis
399 1980 599 2032 officium,
613 1984 658 2024 et
672 1997 968 2039 quaecumque
987 1983 1130 2039 lepide
1142 1983 1408 2039 comiterque
1423 1984 1542 2026 dicta

95 2049 169 2094 uel
197 2049 316 2093 facta
343 2052 460 2100 sunt,
483 2050 707 2094 colorauit.
763 2050 928 2093 Verum
957 2054 1003 2094 et
1030 2051 1112 2095 hoc
1141 2051 1285 2108 ipsum
1311 2051 1360 2093 in
1386 2066 1473 2108 quo
1496 2066 1542 2095 se

99 2162 115 2189 1
142 2151 311 2188 Asistant
328 2151 353 2188 S
521 2162 544 2196 4
568 2150 691 2188 hostio
707 2150 779 2187 A¹s
962 2160 981 2197 5
1004 2150 1154 2197 itaque]
1170 2163 1260 2197 ergo
1277 2151 1318 2187 M
1498 2162 1543 2189 22

95 2198 223 2236 atticis
238 2199 272 2234 A
412 2208 457 2243 24
480 2197 750 2235 litteratorium
765 2197 866 2234 ASM

146 2301 162 2327 1
189 2291 338 2327 Nathan
357 2291 532 2336 propheta
556 2294 588 2325 et
612 2291 749 2326 Sadoch
763 2291 941 2326 sacerdos:
966 2301 999 2325 v.
1018 2299 1038 2335 3
1058 2289 1149 2335 Reg.
1168 2287 1192 2325 i.
1213 2289 1258 2325 26
1276 2300 1377 2335 seqq.
1518 2300 1539 2336 3

95 2348 223 2392 guam:
249 2350 298 2374 sc.
315 2339 431 2391 {egena
599 2346 631 2382 7,
648 2338 669 2372 8
694 2338 819 2382 linquo
835 2338 1054 2372 sacerdotum
1070 2363 1079 2372 .
1098 2362 1107 2370 .
1127 2362 1135 2370 .
1153 2337 1374 2389 liber-picae:
1398 2348 1432 2373 v,
1448 2336 1538 2373 Mal.

94 2396 136 2420 n.
154 2394 197 2429 7;
222 2383 337 2421 Ecch.
353 2395 449 2420 xxiv.
468 2393 524 2428 32.
667 2392 706 2428 15
737 2383 937 2419 Concursus
949 2385 1042 2419 etc.:
1066 2395 1097 2419 v.
1116 2382 1203 2428 Sap.
1217 2395 1277 2419 vu.
1298 2394 1351 2419 11.
1498 2386 1540 2421 16

98 2432 306 2468 notamus
322 2432 416 2467 etc.:
438 2443 468 2466 v.
486 2430 581 2476 Aug.
600 2431 642 2464 de
662 2432 732 2466 Cio.
747 2431 828 2473 Dei,
848 2429 950 2466 xviii.
967 2440 1034 2474 4²3
1063 2432 1106 2465 de
1125 2431 1297 2465 Doctrina
1318 2431 1526 2466 Christiana

95 2476 135 2514 ii.
158 2487 197 2524 15
218 2477 360 2523 (Migne
384 2479 425 2513 P.
437 2479 481 2513 L.
499 2476 621 2512 xxxiv.
647 2477 733 2520 46);
762 2476 914 2513 Hieron.
940 2478 1077 2521 Proloy.
1095 2478 1135 2511 in
1160 2478 1333 2518 Genesim,
1351 2477 1416 2512 ubi
1441 2459 1541 2513 LXI(

94 2523 346 2571 interpretum
371 2523 608 2560 concordiam
633 2523 828 2560 collationi
860 2535 935 2559 non
970 2524 1026 2569 (ut
1057 2523 1288 2569 Augustinus
1320 2524 1423 2561 inter
1445 2524 1540 2561 alios

97 2571 320 2617 crediderat)
340 2570 579 2616 inspirationi
603 2569 752 2606 divinae
775 2570 1030 2607 ascribendam
1055 2582 1133 2606 esse
1158 2570 1301 2607 asserit.
1494 2581 1539 2608 22

94 2618 145 2654 In
167 2619 306 2654 Athiois
326 2619 495 2654 Noctibus
518 2619 610 2653 etc.:
635 2629 667 2652 v.
684 2616 780 2653 Gell.
804 2617 854 2652 ix.
873 2627 906 2662 3.
1045 2626 1088 2662 25
1115 2629 1277 2653 mensae:
1302 2617 1397 2663 legit
1421 2617 1542 2664 igitur

68 2666 70 2669 ’
97 2663 254 2701 Ioannes
277 2676 362 2701 cum
386 2663 602 2700 melioribus
625 2662 812 2700 codicibus
836 2662 1021 2707 omnibus,
1036 2666 1080 2699 ut
1106 2666 1270 2700 testatur
1293 2663 1468 2701 Hertzius
1493 2666 1541 2701 ad

96 2710 178 2755 loc„
209 2713 351 2747 liberali
381 2723 526 2755 mensa3
567 2710 648 2757 ipse
679 2713 811 2753 tamen
835 2710 1010 2747 Hertzius
1035 2712 1174 2746 liberali
1196 2723 1310 2747 musa.
1496 2723 1540 2757 27

99 2759 292 2794 colorauit:
317 2770 367 2796 sc.
386 2757 539 2795 Gellius.

1371 2836 1437 2872 ²55
