1878 3172
207 171 282 211 501
301 171 331 201 a
541 124 547 131 ’
675 157 935 204 IOANNIS
974 158 1486 204 SARESBERIENSIS
1618 157 1726 220 [un.
1741 157 1803 203 111

347 280 454 323 haec
484 279 647 322 etenim
673 279 757 322 sibi
788 279 978 323 inuicem
1006 280 1198 323 maxime
1227 280 1532 324 aduersantur.
1591 279 1726 324 Porro
1754 281 1807 322 ut

300 351 330 390 b
349 349 414 392 ait
443 349 646 405 quidam:
679 348 834 392 Omnis
861 348 986 391 diues
1015 349 1194 406 iniquus
1225 351 1292 392 est
1318 352 1398 392 aut
1424 349 1567 406 iniqui
1590 349 1735 401 heres;
1761 351 1807 391 et

346 418 620 460 rarissimum
660 420 727 460 est
766 420 819 460 ut
855 417 1040 461 diuitiae
1074 433 1162 461 non
1197 418 1404 469 defluant,
1442 419 1528 461 nisi
1567 419 1729 462 amoris
1762 419 1808 460 et

345 487 603 544 cupiditatis
642 486 816 544 glutino
864 487 1118 531 solidentur.
1197 487 1283 530 Eas
1332 487 1622 531 desiderantis
1670 486 1807 530 animi

345 557 582 615 uigilantia
612 560 657 599 et
690 557 815 599 labor
843 557 1040 613 adquirit
1073 557 1150 600 sed
1184 558 1329 615 egrior
1362 557 1611 602 sollicitudo
1645 557 1808 601 retinet
1825 572 1844 607 ⁵

347 630 392 670 et
411 628 656 670 conseruat.
714 625 869 682 Inquit
889 626 1081 669 ethicus:

434 706 538 749 Non
567 706 712 748 minor
741 709 808 749 est
837 706 983 749 uirtus
1012 721 1145 763 quam
1175 721 1384 763 quaerere
1413 709 1543 765 parta
1570 707 1710 760 tueri3

490 789 617 819 casus
646 775 763 818 inest
792 775 893 826 illic,
922 775 994 819 hic
1025 776 1110 818 erit
1140 776 1250 819 artis
1280 790 1402 833 opus.

348 856 462 901 Cum
483 870 587 913 ergo
614 855 735 898 istud
759 869 842 906 ars,
861 855 973 897 illud
1002 870 1128 899 casus
1156 856 1332 899 nomine
1355 859 1596 908 censeatur,
1617 856 1715 914 quis
1735 870 1808 900 eas

346 926 441 970 sine
480 924 772 982 applicatione
810 925 972 967 mentis
1011 925 1185 968 intensa
1225 926 1393 969 diutius
1431 928 1613 970 seruat?
1676 924 1808 969 Certe
1826 944 1867 969 ιο

345 998 476 1038 uetus
509 993 793 1051 prouerbium
827 995 894 1036 cst
928 993 1033 1050 quia
1063 994 1140 1036 ubi
1175 1009 1308 1046 amor,
1342 995 1405 1038 ibi
1436 996 1613 1048 oculus3
1651 998 1697 1038 et
1730 995 1807 1038 ubi

347 1064 459 1120 uigil
479 1063 640 1106 mentis
660 1062 861 1113 intentio,
885 1062 948 1104 ibi
967 1063 1059 1105 fixa
1078 1063 1220 1106 cordis
1240 1064 1400 1120 positio
1420 1066 1498 1107 est.
1556 1063 1684 1107 Vnde
1706 1063 1810 1107 licet
1876 1108 1878 1110 ,

307 1148 333 1178 c
349 1133 492 1176 inuito
520 1134 565 1175 et
591 1132 858 1188 repugnanti
883 1132 1030 1175 animo
1059 1132 1317 1190 plerumque
1344 1133 1540 1187 affluant,
1560 1147 1634 1177 cor
1660 1135 1810 1176 tamen

349 1216 568 1259 apponere
602 1201 744 1244 fidelis
779 1201 1065 1258 philosophus
1098 1202 1315 1259 prohibet,
1345 1206 1391 1246 et
1424 1203 1576 1246 doctor
1608 1202 1809 1260 gentium

348 1286 432 1322 eos,
473 1271 549 1327 qui
589 1270 752 1313 diuites
790 1270 886 1312 fieri
925 1270 1122 1327 cupiunt,
1160 1271 1208 1313 in
1247 1271 1453 1328 laqueum
1491 1272 1655 1315 diaboli
1701 1271 1810 1315 dicit
1828 1292 1868 1327 15

348 1340 551 1384 incidere.
611 1339 671 1382 Et
691 1339 767 1396 qui
793 1342 982 1395 utroque
1007 1340 1148 1382 maior
1172 1343 1250 1391 est,
1276 1341 1596 1398 primogenitus
1615 1343 1809 1384 mortuo·
1858 1396 1865 1401 .

349 1424 450 1453 rum
484 1411 529 1451 et
558 1408 760 1465 princeps
790 1422 944 1465 regum
974 1411 1129 1459 terrae,
1149 1410 1307 1452 asserit
1335 1409 1429 1453 Deo
1459 1412 1505 1453 et
1533 1410 1810 1453 Mammonae

349 1478 481 1521 simul
506 1477 663 1520 seruiri
683 1491 772 1519 non
791 1491 930 1533 posse.
991 1476 1210 1529 Quoniam

521 1552 711 1608 imperat
740 1554 820 1594 aut
848 1551 987 1593 seruit
1015 1551 1196 1595 collecta
1224 1552 1410 1609 pecunia
1438 1553 1618 1609 cuique;

349 1632 426 1675 sed
445 1632 577 1674 diuiti
604 1646 846 1688 numquam
872 1632 1011 1674 seruit
1040 1635 1120 1675 aut
1146 1647 1256 1676 raro.
1328 1633 1455 1676 Vnde
1482 1633 1624 1690 liquet
1648 1633 1810 1677 diuites
1829 1653 1871 1679 κο

348 1699 626 1757 frequentius
655 1701 829 1756 iniquos
859 1714 951 1742 esse
980 1715 1113 1756 quam
1146 1701 1327 1744 heredes
1360 1701 1624 1758 iniquorum.
1693 1702 1810 1756 Quo·

350 1770 480 1812 modo
500 1784 603 1826 ergo
624 1772 781 1827 regnat
800 1769 973 1820 caritas,
993 1769 1070 1812 ubi
1090 1770 1306 1826 iniquitas
1326 1770 1609 1815 dominatur?
1647 1771 1812 1828 Vtique

351 1838 476 1881 diues
511 1838 745 1881 familiaris
785 1852 877 1880 esse
917 1838 1055 1889 nouit,
1090 1839 1257 1882 amicus
1296 1854 1539 1896 numquam
1582 1843 1662 1882 aut
1700 1855 1811 1884 raro.

351 1907 438 1951 Hic
458 1910 607 1950 tamen
627 1922 717 1950 non
741 1907 794 1949 de
825 1921 875 1949 eo
902 1907 978 1963 qui
1002 1907 1137 1950 habet
1161 1908 1343 1951 diuitias
1370 1923 1511 1952 sermo
1540 1911 1618 1960 est,
1638 1909 1715 1952 sed
1734 1910 1811 1966 qui

351 1978 483 2020 amat.
544 1976 614 2018 Ex
648 1976 807 2033 quibus
838 1976 978 2032 liquet
1010 1977 1114 2033 quia
1148 1972 1501 2034 quantacumque
1535 1993 1591 2021 ex
1620 1978 1810 2022 familia-
1830 1998 1870 2033 ²5

351 2045 486 2088 ritate
534 2045 795 2102 potentioris
837 2045 983 2102 gratia
1031 2045 1248 2097 uideatur,
1289 2046 1547 2104 diligentem
1595 2048 1811 2090 cautelam

308 2121 337 2161 d
353 2114 494 2171 exigit
514 2114 804 2158 subditorum.
862 2114 1046 2170 Aliquin
1070 2115 1211 2158 omnis
1237 2115 1330 2158 eius
1355 2115 1558 2159 illecebra
1576 2116 1676 2173 plus
1695 2117 1812 2160 aloes

353 2197 486 2239 quam
506 2183 647 2226 mellis
678 2183 726 2225 in
756 2183 881 2226 exitu
907 2183 1116 2226 habitura
1142 2187 1220 2228 est.
1278 2184 1342 2227 At
1367 2184 1546 2241 expedit
1571 2185 1812 2241 plurimum

351 2291 373 2327 3
399 2281 556 2317 affluant
572 2281 612 2316 M
751 2291 773 2326 9
797 2279 915 2325 istud]
932 2279 1028 2317 illud
1044 2280 1141 2316 CBA
1282 2291 1326 2318 10
1349 2281 1579 2336 aplicatione
1599 2280 1623 2317 S
1768 2290 1808 2329 15

348 2334 431 2374 post
447 2328 591 2364 diaboli
608 2330 692 2364 add.
711 2329 749 2365 et
766 2327 1039 2374 temptationes
1054 2327 1150 2364 A²Sz
1177 2329 1216 2365 et
1231 2328 1493 2375 temptationis
1509 2329 1549 2364 M

400 2425 421 2450 2
451 2417 575 2450 Omnis
600 2416 702 2450 diues
730 2416 827 2451 etc.:
857 2413 967 2450 huius
992 2414 1203 2451 sententiae
1228 2414 1372 2452 fontem
1397 2414 1564 2452 invenire
1590 2426 1665 2451 non
1689 2414 1812 2461 potui.

354 2470 374 2506 7
400 2463 482 2497 Non
500 2464 621 2497 minor
636 2464 705 2498 etc.
721 2474 729 2497 ε
756 2462 821 2498 Ov.
838 2466 912 2497 Ars
928 2464 1047 2498 Amat.
1066 2461 1106 2497 ii.
1127 2471 1181 2506 13,
1206 2472 1258 2506 14.
1449 2473 1487 2498 11
1515 2464 1578 2498 ubi
1592 2474 1695 2498 amor
1711 2464 1784 2499 etc.
1801 2475 1809 2500 :

354 2508 593 2544 notissimum
619 2510 676 2545 est
702 2509 952 2554 proverbium,
978 2509 1042 2545 sed
1073 2509 1172 2545 unde
1204 2507 1420 2554 provenerit
1443 2509 1591 2554 nesci03
1621 2509 1670 2546 cf.
1699 2509 1811 2546 versi-

354 2554 481 2591 culum
506 2567 566 2600 ap.
590 2555 784 2601 Margalits
808 2557 1046 2601 Florileyium
1066 2557 1341 2601 prouerbzomm
1363 2558 1555 2592 uniuersae
1571 2557 1811 2595 Latinitatis:

351 2603 437 2637 Illic
455 2607 504 2636 est
519 2604 641 2637 oculus
656 2615 727 2648 qua
742 2615 798 2638 res
813 2608 862 2638 est
872 2615 980 2649 quam
996 2605 1218 2639 adamantus.
1364 2613 1406 2647 14
1423 2604 1549 2647 fidelis
1557 2603 1812 2649 philosophus.

355 2660 403 2684 sc.
419 2648 555 2689 David;
573 2661 604 2685 v.
624 2649 679 2684 Ps.
697 2649 762 2685 lxi.
783 2660 835 2685 11.
931 2652 1050 2686 doctor
1062 2652 1244 2696 ⁸qentium·
1270 2661 1319 2685 sc.
1330 2649 1491 2691 Paulus3
1516 2661 1549 2685 v.
1564 2660 1578 2686 1
1599 2650 1694 2686 Tim.
1711 2650 1758 2686 vi.
1776 2660 1808 2696 9.
1875 2691 1878 2693 ,

357 2697 400 2731 16
419 2697 683 2740 primoyenitus
707 2698 802 2732 etc.:
829 2696 943 2742 Apoc.
961 2696 987 2733 i.
1008 2705 1039 2742 5.
1185 2706 1225 2741 17
1251 2698 1326 2732 Deo
1352 2701 1384 2731 et
1407 2698 1635 2733 Mammonae
1660 2700 1751 2733 etc.·
1777 2709 1808 2732 v.
1872 2695 1878 2728 ἶ

354 2742 464 2778 Matt.
481 2742 527 2777 vi.
546 2753 601 2786 24.
725 2753 767 2788 19
791 2745 944 2789 imperat
959 2746 1053 2780 etc.:
1081 2743 1170 2782 Hor.
1187 2745 1257 2790 Ep.
1275 2742 1300 2779 i.
1322 2753 1374 2780 10.
1393 2753 1449 2788 47
1584 2753 1641 2790 27,
1659 2745 1703 2781 28
1722 2745 1811 2791 plus
1874 2765 1878 2777 -.

352 2791 449 2826 aloes
463 2802 571 2835 quam
588 2791 721 2826 mellis:
744 2790 822 2827 IuV.
838 2792 914 2828 Sat.
931 2789 977 2827 vi.
998 2793 1075 2828 181.
1876 2798 1878 2802 ’

464 2869 524 2892 212
