1878 3172
94 164 196 200 mr.
207 152 312 215 xiv]
601 154 1000 201 POLICRA'I'ICV
1002 155 1036 200 S
1567 156 1653 206 488
1669 166 1702 200 a

116 335 222 395 Cap.
243 350 312 395 13.
355 335 480 391 Quia
506 336 627 380 Deus
653 336 799 393 siquis
827 351 961 380 suam
983 337 1287 394 praemunire
1312 337 1542 395 difflantur

691 407 961 449 ereaturam.

154 495 252 540 Hoc
289 509 462 554 quoque
501 496 679 540 diuinae
716 497 1010 540 miserationis
1049 499 1127 547 est,
1166 497 1283 553 quod
1324 497 1551 555 signorum

38 555 43 559 ⁵
94 578 276 608 suorum
294 564 456 608 indicio
475 565 772 623 ignorantiam
790 567 987 608 nostram
1007 565 1269 622 quandoque
1287 567 1550 623 praemunit.
1566 569 1596 608 b

58 653 79 688 5
96 632 282 677 Cometa
309 634 525 690 siquidem
559 636 799 692 apparente
832 633 1073 677 creduntur
1105 634 1334 678 imminere
1362 635 1553 679 comitia.

96 700 171 744 An
190 702 367 759 ignoras

383 776 515 819 terris
542 779 790 819 mutantem
819 790 957 834 regna
984 779 1229 820 eometem?

96 877 256 922 Italiae
283 893 456 936 quoque
486 879 743 921 imminente
772 879 954 929 exmdio,
979 894 1092 936 quae
1121 879 1249 936 signa
1276 881 1555 938 contigerint,

97 961 188 990 non
207 947 347 991 nescit
365 948 563 1004 quisquis
581 947 861 1004 aliquatenus
879 963 1027 991 rerum
1052 949 1328 1005 publicarum
1347 950 1555 994 historias

41 1033 84 1057 10
99 1016 264 1073 attigit.
322 1016 644 1060 Historieorum
679 1016 917 1067 uolumina,
946 1031 1058 1074 quae
1093 1017 1147 1062 de
1181 1018 1312 1061 rebus
1343 1033 1555 1062 memora-

99 1084 262 1130 bilibus
289 1085 553 1135 scribuntur,
572 1085 785 1142 prodigiis
814 1085 944 1142 plena
967 1088 1073 1128 sunt
1096 1089 1142 1129 et
1166 1088 1362 1131 ostentis.
1421 1088 1555 1131 Deni-

99 1167 185 1210 que
223 1153 307 1196 sub
344 1153 493 1210 Helya
532 1157 577 1197 et
612 1154 789 1197 Heliseo
822 1153 965 1197 multa
998 1154 1101 1197 fidei
1136 1157 1182 1197 et
1211 1155 1394 1199 uirtutis
1427 1157 1556 1214 signa

97 1222 380 1278 praecessisse
417 1237 507 1265 non
552 1223 751 1279 ambigis.
828 1223 1060 1266 Niniuitae
1108 1238 1280 1280 quoque
1328 1225 1555 1282 signorum

97 1290 273 1334 indiciis
300 1291 591 1348 penitentiam
621 1294 807 1349 egerunt
834 1292 882 1334 in
915 1292 1240 1348 praedieatione
1276 1293 1422 1338 Ionae.
1478 1294 1554 1336 In—

42 1375 82 1410 ¹5
97 1359 288 1403 fidelitas
321 1374 510 1416 namque
549 1360 774 1417 signorum
814 1361 1087 1417 argumentis
1126 1362 1324 1419 erigitur,
1364 1365 1410 1405 et
1446 1363 1556 1406 fides

97 1430 251 1472 tenera
269 1428 431 1471 eisdem
452 1429 696 1473 roboratur.
744 1415 871 1472 V'nde
890 1430 1024 1473 illud:
1055 1430 1183 1482 Quod
1207 1431 1384 1488 signum
1410 1434 1554 1475 osten-
1573 1443 1599 1472 e

98 1496 168 1540 dis
186 1497 337 1540 nobis.
326 1499 343 1530 ²
373 1501 440 1540 et:
465 1497 592 1541 Iudei
613 1498 740 1556 signa
760 1501 990 1555 quaerunt,
1011 1499 1139 1542 Greci
1159 1499 1435 1556 sapientiam.

328 1649 435 1707 Cap.
467 1663 533 1703 14.
591 1651 716 1704 Quid
744 1651 942 1707 dynam,
970 1655 1010 1694 et
1038 1651 1092 1695 de
1119 1666 1319 1709 smnfmo.

158 1745 246 1789 Hie
267 1760 375 1789 uero
400 1747 712 1804 intelliguntur
734 1747 874 1804 signa,
894 1761 1192 1804 quaecumque
1220 1749 1377 1804 quouis
1395 1749 1558 1792 indicio

42 1826 86 1850 ²0
101 1814 299 1857 diuinam
338 1815 506 1858 homini
544 1816 739 1857 innuunt
776 1815 1064 1860 uoluntatem.
1123 1816 1311 1873 Signum
1340 1818 1556 1895 siquidem

101 1884 179 1933 est,
219 1883 337 1939 quod
375 1884 566 1939 seipsum
604 1883 763 1933 sensui,
803 1886 848 1925 et
886 1873 1062 1940 praeter
1103 1899 1150 1927 se
1196 1885 1364 1941 aliquid
1410 1886 1557 1929 animo

100 1951 305 1994 ostendit.
362 1951 589 2004 Quaedam
614 1954 764 1994 tamen
791 1952 918 2008 signa
943 1955 1059 2002 sunt,
1080 1967 1192 2008 quae
1218 1954 1330 1995 nulli
1357 1969 1556 2011 corpora-

100 2019 211 2062 lium
241 2034 447 2062 sensuum
477 2020 643 2076 aliquid
678 2020 927 2070 ostendunt,
957 2021 1033 2062 sed
1067 2022 1214 2064 animo
1248 2022 1557 2078 cuiuscumque

104 2087 168 2129 rei
203 2087 345 2144 specie
377 2088 599 2130 mediante
634 2090 713 2129 aut
750 2088 862 2130 citra
893 2088 1025 2130 medii
1061 2088 1363 2132 difficultatem
1402 2105 1557 2132 uerum

44 2167 87 2202 ²5
104 2155 323 2199 falsumne
360 2155 614 2213 frequenter
651 2156 871 2212 ingerunt.
950 2157 1088 2212 Signa
1127 2158 1289 2200 etenim
1335 2158 1558 2200 interdum

101 2240 220 2275 uera,
238 2225 462 2267 interdum
492 2224 605 2267 falsa
633 2227 748 2267 sunt.
807 2224 917 2276 Quis
946 2226 1085 2267 nescit
1114 2226 1381 2268 somniorum
1410 2226 1557 2268 uarias
1591 2244 1593 2247 ·

101 2309 194 2337 esse
234 2294 585 2350 significationes,
626 2308 734 2349 quas
773 2295 819 2335 et
856 2307 963 2335 usus
1002 2294 1219 2350 approbat
1258 2297 1303 2336 et
1341 2295 1556 2337 maiorum

101 2363 331 2406 confirmat
359 2362 622 2405 auotoritas.
612 2364 628 2394 2
695 2361 751 2403 In
771 2362 833 2404 eis
852 2362 1005 2418 utique
1026 2362 1233 2418 quoniam
1252 2378 1461 2420 sompnus
1480 2368 1558 2414 est,
1575 2370 1604 2408 (1

106 2485 122 2511 1
149 2474 331 2521 dignatur
347 2487 393 2520 pr
394 2486 521 2511 emum
525 2485 564 2510 re
580 2474 614 2509 A
793 2485 815 2518 4
841 2486 888 2520 pr
869 2477 1018 2511 remunt
1034 2474 1082 2509 Αι
1246 2487 1269 2522 9
1292 2475 1479 2522 hystorias
1495 2477 1556 2513 M:

100 2521 347 2614 ῗὲἑῗζὲῑῗὲε
487 2533 540 2605 2¹3
556 2520 905 2615 ffiffiffffiff
1042 2522 1346 2606 28¹²20fflffi⁹3¹³
1517 2527 1557 2561 ¹⁸

151 2680 173 2715 7
197 2673 306 2706 tert-⁸23
321 2673 414 2707 ete:
439 2670 576 2706 Lucan.
594 2672 722 2705 Phar-3.
738 2669 762 2706 1.
780 2671 996 2715 529.16
1024 2672 1124 2714 Quod
1138 2673 1281 2716 siquam
1298 2674 1393 2709 ete.:
1421 2674 1553 2709 Ioann.

105 2716 146 2752 ii.
167 2720 218 2754 18.
327 2728 367 2762 17
391 2719 499 2753 Iudei
514 2720 608 2753 ete:
644 2728 656 2752 1
678 2716 757 2752 Cor
776 2716 801 2751 i.
820 2727 875 2761 32.
972 2728 1019 2752 20
1042 2719 1193 2763 Seynum
1210 2721 1368 2756 estete:
1393 2720 1557 2758 Pseudo—

103 2764 199 2810 Aug.
219 2765 426 2808 Dinia-tica,
445 2776 475 2800 0.
496 2773 514 2810 5
535 2745 693 2811 (Migne,
707 2765 748 2798 P.
768 2765 809 2798 L.
827 2762 939 2800 xxxii.
962 2765 1078 2811 1410).

1408 2838 1452 2881 ⁸7
