1878 3172
117 187 197 228 537
213 188 245 218 a
588 174 849 219 IOANNIS
889 173 1402 218 SARESBERIENSIS
1546 171 1655 234 [Lm.
1671 185 1722 218 IV

261 295 359 338 aliis
388 294 711 352 praeferendos,
742 294 819 351 qui
849 294 975 351 quasi
1002 293 1197 337 naturali
1226 294 1462 351 probitatis
1488 294 1722 352 priuilegio

260 363 461 420 ampliati
485 364 700 407 maiorum
724 363 870 406 titulis
896 364 1148 406 innitantur
1173 363 1231 406 ad
1259 363 1472 406 uirtutem
1498 367 1544 406 et
1567 378 1723 407 eorun-

260 433 360 476 dem
380 433 590 477 beneficio
611 433 790 476 futurae
817 433 1031 476 bonitatis
1054 433 1154 476 aliis
1180 431 1353 476 faciunt
1378 433 1541 476 fidem?
1600 433 1723 477 Haec

259 502 344 546 ille.
404 502 463 545 Et
493 503 671 559 quidem
701 503 925 560 eleganter
951 502 1236 559 priuilegium
1261 502 1478 559 expressit
1500 502 1723 560 principis,
1842 554 1844 559 Ι

259 572 331 615 cui
370 587 427 615 ex
465 572 651 629 antiquo
684 586 866 615 munere
901 571 985 614 Dei
1017 571 1258 614 succedunt
1290 571 1372 614 filii
1405 571 1723 624 indubitanter,
1741 583 1760 618 5

259 642 345 684 nisi
366 642 580 698 iniquitas
599 641 833 684 subuertat
852 641 1162 698 principatum.

308 766 413 824 Cap.
448 780 514 812 12.
573 768 645 811 Em
664 766 829 824 quibus
847 766 997 810 causis
1017 766 1363 824 transferantur
1375 765 1675 824 principatus

879 840 918 880 et
938 850 1093 892 regma.

317 929 500 974 Celebre
539 933 607 975 est
645 931 757 974 illud
797 931 1064 988 Sapientiae,
1095 931 1200 988 quia
1235 945 1421 989 regnum
1452 946 1480 974 a
1512 934 1645 989 gente
1673 932 1721 975 in

210 1003 240 1046 b
258 1003 436 1056 gentem
465 999 762 1043 transferetur
789 1004 972 1057 propter
1000 1000 1243 1043 iniustitias
1270 1002 1316 1043 et
1339 1000 1525 1043 iniurias
1552 1003 1598 1043 et
1620 1015 1720 1044 con·
1739 1013 1783 1040 ιο

259 1068 465 1111 tumelias
503 1072 550 1111 et
593 1068 790 1112 diuersos
834 1069 969 1113 dolos.
1043 1069 1204 1112 Nonne
1253 1069 1380 1112 uides
1420 1083 1553 1126 quam
1596 1069 1722 1112 breui
1852 1078 1874 1126 ἦ·

259 1137 520 1180 subuersum
547 1137 608 1179 sit
633 1137 792 1180 solium
818 1137 951 1194 primi
975 1137 1092 1194 regis
1119 1137 1167 1179 in
1192 1137 1356 1194 populo
1375 1137 1490 1180 Dei?
1549 1137 1657 1180 Saul
1677 1141 1724 1181 et

258 1206 470 1249 Ionathas
499 1221 600 1267 cum
629 1207 786 1250 ceteris
812 1207 916 1250 filiis
943 1207 1224 1264 exigentibus
1251 1207 1392 1264 culpis
1420 1207 1468 1249 in
1498 1207 1722 1251 montibus

257 1278 518 1318 corruerunt
551 1278 607 1319 ut
637 1276 826 1319 thronus
861 1276 981 1318 illius
1011 1276 1087 1332 qui
1122 1276 1177 1318 de
1205 1278 1307 1332 post
1335 1275 1529 1319 fetantes
1558 1276 1722 1319 electus
1874 1323 1878 1335 ⁴

258 1345 337 1395 est,
366 1344 631 1388 firmaretur.
693 1335 903 1388 Omnium
933 1345 1219 1387 historiarum
1250 1359 1456 1401 percurre
1486 1345 1643 1388 seriem
1675 1348 1721 1388 et
1740 1358 1781 1392 15
1817 1375 1823 1380 -

258 1425 412 1469 regum
448 1414 739 1457 successiones
773 1414 820 1455 in
855 1414 980 1456 breui
1011 1413 1184 1456 uidebis
1219 1416 1264 1456 et
1299 1414 1424 1470 quasi
1458 1414 1506 1456 in
1540 1414 1721 1458 exordio

258 1481 372 1523 telae
402 1481 592 1524 Domino
621 1482 900 1538 praecidente
930 1482 1133 1525 succisas.
1193 1482 1252 1525 Et
1282 1497 1369 1538 quo
1398 1497 1523 1539 reges
1552 1482 1723 1527 fuerint

258 1549 475 1601 clariores,
495 1565 546 1593 eo
577 1551 719 1603 citius,
739 1551 777 1594 si
804 1551 1016 1594 aduersus
1047 1551 1192 1593 Deum
1222 1551 1528 1602 intumuerint,
1549 1553 1720 1596 concul-
1848 1578 1878 1600 ,ι

257 1621 385 1661 catur
403 1634 551 1662 semen
571 1634 733 1663 eorum.
793 1619 897 1663 Non
921 1623 989 1663 cst
1015 1620 1243 1676 sapientia,
1262 1635 1352 1663 non
1379 1622 1447 1663 est
1472 1621 1721 1678 prudentia,

259 1701 349 1730 non
383 1690 450 1730 est
484 1688 716 1731 consilium
747 1691 901 1732 contra
935 1689 1188 1740 Dominum,
1221 1692 1339 1732 certe
1378 1703 1458 1732 nec
1490 1689 1718 1733 fortitudo.
1740 1701 1783 1725 ²0
1853 1711 1858 1746 j

259 1755 309 1798 Si
326 1755 399 1799 ille
414 1757 618 1815 insurgit,
633 1758 671 1801 si
683 1758 973 1815 persequitur,
988 1758 1046 1800 ad
1061 1758 1334 1801 emendicata
1346 1762 1720 1802 sacramentorum

258 1826 469 1883 suffragia
505 1830 550 1869 et
582 1827 639 1870 ad
673 1827 894 1884 praesidia
926 1827 1226 1870 munitionum
1257 1827 1427 1871 frustra
1460 1828 1721 1880 decurritur,

217 1915 242 1943 c
259 1895 364 1951 quia
408 1910 498 1938 non
541 1899 609 1939 est
647 1896 724 1953 qui
763 1896 818 1938 de
857 1911 993 1939 manu
1036 1897 1156 1939 illius
1195 1897 1336 1954 possit
1373 1912 1537 1942 eruere.
1610 1898 1721 1951 Quis

259 1964 515 2007 Alexandro
543 1965 684 2008 maior
713 1966 760 2007 in
791 1965 975 2009 Grecia‘ss
1035 1966 1094 2008 Et
1122 1969 1272 2009 tamen
1301 1981 1391 2009 non
1419 1981 1526 2010 suus
1555 1967 1720 2025 legitur

259 2034 513 2077 successisse
552 2035 629 2077 sed
672 2035 791 2078 filius
830 2035 1078 2078 saltatricis.
1153 2035 1263 2088 Quis
1308 2035 1520 2079 Cesareae
1563 2037 1718 2080 domus
1738 2047 1780 2083 25
1852 2071 1854 2077 .

260 2103 416 2146 seriem
455 2104 625 2147 nescit?
684 2105 828 2147 Rarus
868 2119 1019 2147 eorum
1058 2107 1138 2147 aut
1176 2105 1325 2148 nullus
1359 2105 1501 2148 filium
1539 2106 1721 2163 reliquit

259 2172 478 2223 heredem,
506 2175 551 2215 et
581 2187 731 2216 omnes
760 2173 808 2216 in
837 2173 963 2216 breui
992 2175 1093 2230 post
1122 2173 1248 2216 uaria
1276 2174 1471 2230 pericula
1501 2177 1547 2217 et
1569 2175 1721 2218 caedes

261 2241 330 2283 sui
360 2244 406 2284 et
435 2256 615 2284 suorum
644 2242 857 2299 plurimas
887 2243 1074 2285 diuersis
1103 2242 1320 2285 mortibus
1343 2245 1389 2285 et
1415 2242 1509 2285 fere
1534 2243 1721 2300 ignomi-

259 2310 395 2353 niosis
431 2310 557 2367 quasi
593 2311 641 2353 in
682 2314 904 2354 momento
936 2311 1069 2354 deleti
1105 2314 1211 2354 sunt
1242 2314 1289 2354 et
1321 2311 1632 2355 descendentes
1663 2312 1720 2354 ad
1859 2289 1878 2406 ξ

260 2378 428 2422 inferos
448 2394 715 2423 successores
734 2380 988 2423 habuerunt
1007 2383 1087 2423 aut
1105 2381 1253 2423 hostes
1268 2383 1348 2423 aut
1366 2380 1551 2437 ignotos.
1601 2381 1720 2434 Quid
1739 2391 1782 2425 30
1828 2377 1830 2379 ’
1861 2401 1878 2452 3

261 2525 305 2560 14
328 2517 463 2553 tronus
477 2517 512 2552 A

307 2651 330 2686 9
353 2653 503 2686 reynum
527 2644 621 2679 etc.:
657 2643 763 2680 Eccli
791 2644 889 2680 x.8.
1074 2653 1116 2680 12
1141 2645 1233 2680 Saul
1257 2645 1354 2681 etc.:
1388 2655 1419 2679 v.
1451 2654 1465 2679 1
1494 2643 1584 2690 Reg.
1609 2644 1719 2688 xxxi;
1842 2589 1878 2759 f}

263 2698 277 2724 1
299 2687 461 2734 Paralip
478 2702 514 2725 x
615 2701 657 2735 14
673 2693 736 2737 qui
751 2693 793 2726 de
801 2697 887 2737 post
899 2693 997 2728 etc.:
1024 2702 1073 2727 sc.
1086 2690 1225 2736 David3
1252 2704 1285 2727 v.
1300 2691 1357 2727 Ps.
1374 2690 1502 2727 lxxvii.
1520 2700 1576 2735 70
1676 2702 1719 2738 19
1847 2702 1853 2713 ¹
1876 2715 1877 2722 κ

259 2737 723 2877 ἔὲἑξεξξαᾝῖῗᾏαῢθὲο7
745 2738 851 2775 prov
876 2737 956 2833 XX2i5
969 2749 1086 2831 {ilius
1100 2749 1319 2822 εέῑῗξαῗνῖηοιέ
1302 2743 1334 2774 εἰ
1346 2750 1396 2822 gg
1397 2738 1719 2829 1A‘iiiilildgetizssut
1858 2784 1875 2836 ξ

280 2841 305 2865 u
340 2841 381 2865 m
409 2841 448 2864 lx
556 2841 575 2866 2

371 2901 435 2944 ²7⁶
