1878 3172
149 177 230 217 394
251 177 276 205 c
619 161 878 207 IOANNIS
919 160 1431 206 SARESBERIENSIS
1610 161 1720 222 [ΠΒ.
1735 174 1755 206 1

292 285 499 328 robustus
528 298 674 327 coram
705 283 907 336 Domino,
938 282 1055 326 forte
1085 283 1190 339 quia
1218 285 1371 326 tantae
1401 281 1604 326 elationis
1632 283 1681 326 in
1710 297 1756 327 se

293 354 456 404 extitit,
476 355 529 395 ut
555 367 634 396 nec
655 353 843 396 recentis
869 367 984 409 pena
1011 352 1171 395 diluuii
1199 354 1348 409 posset
1375 352 1549 404 instrui,
1570 353 1678 410 quin
1707 353 1756 396 in

292 423 430 466 oculis
464 422 644 465 Domini
679 422 938 479 superbiret,
971 424 1017 464 et
1048 421 1306 478 obsequium
1338 421 1456 478 quod
1489 421 1547 464 ab
1579 422 1757 465 homine

293 492 484 535 Domino
514 492 767 541 debebatur,
792 491 876 534 sibi
900 491 1218 534 contumaciter
1241 493 1503 548 usurparet;
1531 505 1632 534 cum
1655 506 1756 535 con-

294 565 383 603 stet
429 561 546 617 quod
590 560 892 604 confusionem
938 560 1193 617 lingnamm
1242 559 1462 602 diluuium
1511 561 1757 605 antecessit.
1777 574 1795 608 5

295 631 498 687 Babylon
518 630 695 687 quidem
715 630 848 673 calice
867 644 1000 672 aureo
1020 629 1275 671 uniuersam
1298 643 1475 672 carnem
1489 629 1692 682 inebriat,
1713 633 1760 673 et

295 699 507 742 aduersus
556 699 808 751 Ierusalem,
848 713 960 755 quae
1009 713 1185 741 sursum
1231 700 1310 750 est,
1348 701 1494 742 castra
1541 699 1762 743 construit

249 773 278 813 d
295 769 581 831 prQQQio
620 769 832 826 peritura,
867 768 1028 825 quibus
1068 768 1268 824 quisquis
1302 768 1510 811 militiam
1548 770 1759 826 praestat,

293 841 508 895 perpetua
536 841 788 881 sanctorum
817 837 1124 880 maledictione
1154 837 1434 894 dampnatur.

354 907 472 950 Esau
488 921 660 963 quoque
673 907 953 949 uenationem
969 907 1178 959 exercuit,
1191 909 1237 950 et
1254 906 1560 951 benedictione
1572 909 1759 964 paterna
1778 922 1820 948 10

296 976 458 1019 meruit
474 976 740 1019 defraudari.
789 975 845 1018 In
860 976 986 1019 siluis
1001 976 1177 1034 collegit
1192 976 1392 1030 esuriem,
1404 980 1457 1019 ut
1469 976 1760 1019 immoderato

296 1049 422 1087 aestu
461 1045 715 1089 lenticulam
754 1045 1063 1102 concupiscens
1103 1046 1459 1103 praerogatiuam
1493 1045 1759 1103 primogeni-

296 1117 444 1157 torum
464 1114 625 1171 exiguo
645 1115 788 1171 pretio
809 1117 854 1157 et
873 1114 954 1157 uili
975 1114 1264 1167 distraheret3
1295 1117 1340 1158 et
1360 1115 1514 1172 iugum
1529 1114 1761 1158 seruitutis

297 1183 618 1226 haereditariae
637 1184 886 1227 transmisit
912 1184 959 1225 in
986 1186 1196 1241 posteros,
1217 1187 1269 1227 ut
1288 1184 1448 1227 ditioni
1467 1184 1662 1237 minoris,
1683 1184 1760 1241 qui

297 1252 415 1295 domi
436 1252 636 1310 degebat,
648 1253 760 1296 colla
779 1255 1089 1310 supponerent.
1139 1253 1468 1297 Fruticantibus
1487 1253 1590 1311 pilis
1609 1253 1759 1296 horre-
1780 1267 1820 1302 15

296 1321 406 1364 bant
445 1336 614 1374 manus,
650 1337 729 1365 nec
769 1322 886 1365 enim
920 1322 1032 1365 lenis
1064 1336 1157 1365 esse
1191 1325 1366 1380 poterat
1396 1325 1511 1375 actu,
1544 1322 1762 1366 siluestris

296 1391 504 1442 moribus,
536 1391 792 1447 cultumque
825 1391 963 1434 uestis
997 1391 1215 1448 pretiosae
1249 1391 1369 1434 domi
1401 1391 1651 1449 reliquerat,
1684 1392 1762 1449 qui

298 1460 474 1503 assiduo
493 1463 660 1503 uenatu
679 1461 863 1504 uirtutis
884 1461 1103 1504 abiecerat
1123 1461 1444 1505 indumentum.
1496 1461 1762 1504 Frater-num

150 1539 233 1578 395
252 1539 282 1568 a
299 1530 558 1586 sanguinem
590 1529 780 1581 sitiebat,
815 1532 860 1572 et
890 1544 935 1573 se
970 1530 1027 1573 ab
1062 1545 1123 1581 eo,
1153 1545 1283 1587 quem
1315 1530 1400 1574 sibi
1432 1531 1587 1574 diuina
1614 1531 1762 1588 gratia

299 1597 352 1644 de
381 1601 567 1654 paterna
594 1598 897 1642 benedictione
925 1599 1172 1656 praelatum
1202 1603 1399 1652 nouerat,
1427 1600 1629 1657 placatus
1658 1603 1763 1644 ante
1780 1614 1824 1640 πο

298 1666 565 1718 muneribus,
590 1682 680 1710 non
700 1671 767 1710 est
785 1668 955 1710 ueritus
976 1668 1163 1712 adorari.

357 1735 617 1779 Venationis
644 1737 788 1779 aeriae
814 1740 1038 1781 auctorem
1065 1738 1272 1782 iactitant
1299 1738 1436 1782 fuisse
1460 1738 1764 1790 Machabeum,

301 1806 377 1867 qui
392 1806 631 1849 maioribus
648 1809 896 1864 occupatus,
913 1807 1046 1850 huius
1060 1807 1317 1864 uoluptatis,
1332 1810 1386 1851 ut
1399 1808 1606 1860 creditur,
1620 1809 1764 1852 uitam

300 1875 432 1918 duxit
466 1878 676 1918 exortem.
750 1875 938 1933 Egregie
970 1876 1187 1934 siquidem
1218 1877 1334 1920 bella
1363 1877 1512 1935 gessit,
1547 1877 1765 1926 fratribus

300 1944 498 1987 restituit
546 1945 808 1996 libertatem,
848 1945 967 2002 leges
1016 1946 1170 1999 erexit,
1209 1946 1469 1990 cerimonias
1517 1947 1763 1998 innouauit,
1782 1959 1825 1994 ²5

301 2013 535 2057 mundauit
569 2016 733 2065 sancta,
767 2014 923 2071 templi
958 2014 1128 2067 faciem,
1159 2015 1276 2059 unde
1307 2016 1393 2059 sibi
1426 2016 1633 2060 credebat
1663 2029 1764 2074 pro-

301 2084 474 2126 uenisse
503 2083 748 2135 uictoriam,
767 2084 938 2128 coronis
965 2085 1110 2128 aureis
1130 2085 1370 2139 decorauit,
1387 2086 1619 2144 nullosque
1643 2086 1764 2130 illius

302 2153 349 2195 in
367 2156 493 2196 actus
514 2153 740 2210 surrepsit,

581 2241 840 2296 partemque
869 2239 976 2283 tulit
1005 2240 1090 2283 sibi
1119 2243 1227 2283 nata
1255 2240 1474 2298 uoluptas.

304 2324 528 2367 Postremo
547 2339 628 2381 pro
642 2324 785 2367 salute
800 2324 993 2368 fratrum
1009 2325 1136 2369 fusus
1150 2326 1197 2368 in
1212 2326 1316 2377 acie,
1327 2341 1558 2384 germanos
1573 2327 1762 2384 legitimi
1780 2341 1825 2376 30

303 2394 407 2435 belli
427 2394 606 2450 reliquit
630 2394 823 2438 heredes.
881 2395 953 2438 Ab
976 2398 1121 2438 aetate
1147 2396 1291 2452 prima
1314 2396 1385 2439 cui
1411 2396 1597 2439 rationis
1620 2396 1762 2453 legem

307 2518 322 2543 1
346 2513 428 2552 post
444 2508 618 2544 robustus
634 2511 717 2544 add.
734 2511 892 2546 uenator
908 2522 1011 2555 mary
1012 2509 1071 2546 ,A
1174 2511 1198 2546 6
1215 2509 1376 2547 Babilon
1391 2509 1493 2545 ASM
1588 2518 1622 2555 7,
1640 2510 1661 2546 8
1683 2521 1766 2556 pro-

306 2554 482 2590 culdubio
502 2556 690 2591 construit
707 2556 738 2591 A
895 2568 917 2602 9
942 2558 1146 2593 damnatur
1163 2556 1188 2593 S
1341 2565 1385 2601 27
1407 2562 1488 2611 post
1502 2555 1608 2592 illius
1624 2559 1708 2594 add.
1726 2559 1765 2594 et

305 2614 401 2637 man.
419 2604 593 2638 recentem·
606 2605 645 2638 in
662 2615 773 2649 mary.
789 2604 823 2639 A
839 2616 975 2641 necnon
993 2607 1046 2641 ed.
1056 2606 1182 2651 princ.
1321 2615 1368 2650 30
1391 2603 1578 2651 legittimi
1595 2603 1662 2639 SM

354 2699 376 2734 6
401 2699 562 2745 Babylon
580 2701 672 2736 ete:
701 2700 770 2736 Ier.
788 2701 828 2737 li.
846 2710 880 2746 7,
898 2702 1013 2748 Apoc.
1026 2702 1113 2738 xvii.
1126 2712 1160 2747 4,
1176 2711 1207 2748 5.
1303 2710 1323 2746 7
1348 2703 1544 2738 Imsalem
1561 2703 1655 2739 eta:
1681 2701 1765 2739 Gal.

307 2745 353 2780 iv
375 2746 642 2782 26.10
665 2749 766 2783 Esau
784 2750 880 2785 etc.:
905 2762 939 2786 v.
959 2749 1053 2787 Gen.
1070 2761 1153 2786 xxv.
1171 2758 1216 2794 27
1229 2760 1342 2795 seqq„
1359 2748 1461 2785 xxvii
1479 2748 1628 2796 passim,
1649 2749 1764 2794 xxxii,

308 2791 436 2828 xxxiii.
579 2804 624 2841 29
643 2801 851 2842 partemque
867 2798 960 2833 etc.:
979 2797 1068 2834 Luc.
1084 2798 1214 2834 Phars.
1232 2796 1272 2833 ii.
1289 2807 1370 2843 391.

419 2864 460 2896 28
