1820 3138
801 119 1253 164 PROLEGOMENA

360 236 573 280 SENECAE
607 234 743 277 libros
777 235 830 278 de
862 234 1095 292 Beneficiis
1127 249 1219 278 non
1257 234 1401 284 semel,
1435 234 1661 291 Epistolas
1696 235 1759 279 ad

295 305 532 348 Isaciliwm
562 304 811 361 saepissime
843 305 964 348 citat.
1024 304 1232 360 Dialoyos
1262 319 1320 346 an
1354 304 1511 361 legerit
1539 304 1756 348 incertum

296 377 375 417 est.
434 374 686 417 Versiculus
712 374 760 416 in
783 373 947 417 Polior.
969 373 1060 415 viii.
1084 386 1137 430 23
1158 373 1376 423 laudatus,
1396 373 1532 416 Ferro
1552 373 1757 417 rimatur

295 443 471 487 uiscera
499 443 674 495 matris,
693 443 740 485 in
769 445 961 486 mentem
991 445 1169 485 reuocat
1193 441 1382 485 Senecae
1405 442 1582 485 Medeae
1601 457 1756 486 uersus

300 526 422 565 1012,
458 526 581 569 1013,
617 527 725 568 quos
764 512 928 555 deleuit
972 511 1220 554 Fridericus
1261 511 1348 553 Leo
1387 511 1433 566 (i.
1475 513 1588 567 208),
1624 526 1754 568 quem

294 570 470 625 secutus
500 584 567 624 est
591 581 642 624 G.
669 581 850 624 Richter
878 582 926 623 in
956 580 1147 623 editione
1178 580 1494 623 Teubneriana.
1555 580 1677 623 Libri
1701 581 1755 623 de

294 651 345 693 N
341 649 598 694 aturalibus
628 650 971 703 Quaestionibue
1005 649 1229 706 exemplar
1262 648 1464 692 ecclesiae
1494 648 1754 692 Carnotensi

292 721 559 762 testamento
608 719 776 777 legauit
824 719 1023 770 Ioannes,
1065 732 1150 774 quo
1199 720 1349 760 tamen
1397 717 1444 759 in
1488 717 1755 762 Policratico

292 789 521 832 scribendo
555 803 644 831 non
675 803 780 831 usus
814 791 894 830 est.
968 787 1222 829 Sententias
1256 786 1310 829 de
1345 786 1510 830 Seneca
1548 801 1576 829 a
1614 787 1751 840 Quin-

292 857 450 900 tiliano
479 860 525 900 et
555 858 828 913 Hieronymo
858 856 972 899 latas
998 856 1045 898 in
1074 855 1237 899 Polior.
1268 855 1359 898 viii.
1389 869 1440 913 13
1471 855 1620 898 refert.
1679 856 1752 899 Ad
1816 882 1820 888 -

294 927 513 983 Epistolas
532 926 890 984 pseudographas
920 925 1109 968 Senecae
1138 925 1195 967 ad
1222 924 1266 967 S.
1287 924 1474 967 Paulum
1493 929 1539 967 et
1558 925 1602 968 S.
1625 925 1752 968 Pauli

291 995 348 1037 ad
369 995 579 1038 Senecam
599 995 750 1038 eodem
774 995 867 1037 loco
887 994 1076 1050 respicit,
1093 1008 1116 1036 6
1137 993 1296 1050 quibus
1315 996 1464 1036 tamen
1483 993 1596 1035 nihil
1616 994 1750 1052 (quod
1816 1041 1820 1047 ,

290 1064 444 1122 sciam)
464 1064 663 1121 sumpsit.
1818 1113 1820 1122 ἓ

348 1133 575 1176 chANvm
596 1136 776 1189 poetam
800 1131 1118 1184 doctissimum,
1138 1132 1179 1174 si
1202 1135 1355 1175 tamen
1377 1136 1511 1188 poeta
1534 1132 1751 1176 dicendus

288 1206 348 1245 est
368 1202 452 1258 qui
470 1216 582 1245 uera
601 1202 869 1244 narratione
899 1215 1056 1244 rerum
1086 1200 1147 1244 ad
1173 1201 1398 1245 historicos
1420 1201 1566 1257 ‘mayis
1585 1201 1749 1245 accedit

289 1270 471 1329 (Polior.
493 1271 538 1313 ii.
570 1270 650 1328 19),
676 1274 855 1326 poetam
883 1270 1216 1326 yrauissimum
1244 1274 1340 1321 aut,
1370 1269 1410 1313 si
1437 1270 1573 1313 iuaeta
1602 1271 1746 1325 Quin-

289 1341 511 1383 tilianam
539 1340 668 1394 (Inst.
692 1338 765 1381 Or.
786 1353 830 1383 x.
853 1353 871 1381 1
898 1341 921 1396 ᾧ
943 1339 1014 1394 90)
1041 1339 1205 1382 rectius
1233 1339 1375 1382 dicere
1403 1339 1621 1383 malueris
1646 1355 1747 1384 ora-
1817 1334 1820 1361 ³

286 1413 426 1452 torem
446 1409 623 1466 (Polior.
644 1408 735 1450 viii.
762 1409 843 1465 23),
863 1407 1026 1464 passim
1048 1410 1093 1450 et
1113 1408 1365 1464 saepissime
1389 1409 1510 1452 citat.
1816 1453 1820 1457 ,

345 1478 526 1531 PERSIO,
535 1492 665 1534 quem
677 1477 814 1520 tacito
826 1477 1001 1519 nomine
1014 1477 1142 1519 modo
1155 1477 1349 1521 ethicum
1362 1478 1492 1520 modo
1503 1478 1745 1522 satiricum
1785 1482 1792 1487 '
1809 1487 1820 1511 ἐ-

286 1550 430 1598 uocat,
449 1547 641 1590 multum
661 1560 768 1589 usus
788 1548 867 1590 est.

346 1616 573 1659 Pmnom
613 1629 743 1672 quem
778 1615 1021 1659 Arbitrum
1056 1619 1265 1659 ‘nostrum
1299 1616 1368 1658 bis
1397 1619 1538 1667 uocat,
1573 1617 1744 1660 Satiras

285 1685 449 1742 passim
487 1685 609 1735 citat,
648 1699 728 1728 nec
767 1685 1007 1742 exemplari
1047 1700 1134 1742 quo
1173 1699 1278 1728 usus
1322 1689 1390 1728 est
1438 1686 1584 1730 defuit
1623 1688 1742 1731 Cena
1807 1676 1820 1729 ³²]

286 1753 648 1806 Trimalchionie,
677 1767 809 1809 quam
842 1753 891 1795 in
925 1753 1069 1795 codice
1105 1753 1386 1809 Traguriensi
1415 1753 1528 1797 circa
1559 1769 1599 1798 a.
1634 1757 1742 1810 1650
1808 1743 1820 1790 ³}

284 1822 453 1878 primus
483 1822 775 1865 recentiorum
802 1822 974 1864 inuenit
1003 1822 1202 1864 Marinus
1232 1822 1448 1865 Statilius.
1508 1822 1579 1865 Ab
1609 1824 1741 1867 huius

285 1890 461 1934 codicis¹
483 1892 694 1947 scriptore
729 1890 898 1934 Genam
938 1891 1251 1947 transcriptam
1290 1905 1383 1934 esse
1418 1905 1474 1933 ex
1512 1892 1743 1948 particula
1786 1880 1803 1942 ¹,

283 1960 494 2003 Petronii
531 1974 663 2016 quam
713 1975 736 2003 6
775 1960 1008 2002 Britannia
1047 1974 1092 2002 se
1131 1960 1301 2002 misisse
1340 1959 1510 2003 fatetur
1548 1961 1740 2019 Poggius
1804 2009 1806 2011 ,

284 2028 582 2072 Bracciolinus
616 2029 663 2071 in
698 2029 840 2085 Epist.
875 2029 919 2072 ii.
956 2043 995 2085 3,
1026 2028 1151 2072 cuius
1186 2029 1379 2085 aliquam
1419 2044 1518 2073 cum
1559 2030 1740 2074 Ioannis

283 2097 624 2141 Saresberiensis
654 2098 893 2154 exemplari
923 2098 1227 2154 cognationem
1257 2098 1468 2155 suspicari
1498 2099 1611 2150 licet,
1640 2115 1738 2156 pro·
1800 2135 1801 2138 η

282 2166 489 2210 babiliter
527 2167 712 2210 coniecit
750 2166 803 2210 A.
843 2166 893 2210 O.
935 2165 1074 2210 Clark
1122 2167 1352 2222 (Classical
1390 2167 1573 2221 Review,
1614 2169 1736 2225 Sept.

285 2236 406 2291 1908,
419 2250 491 2292 pp.
508 2238 601 2290 178,
621 2235 733 2293 179).
792 2236 1020 2278 Nonnulla
1035 2236 1300 2278 Petroniana
1319 2236 1366 2278 in
1386 2236 1650 2280 Polieratico
1663 2253 1739 2281 ex-

282 2305 449 2346 stantia
468 2319 579 2361 quae
600 2320 669 2348 me
689 2305 794 2347 olim
814 2305 1051 2355 latuerant,
1067 2305 1175 2346 mihi
1196 2305 1506 2361 benignissime
1522 2306 1737 2350 indicauit

281 2373 535 2429 Stephanus
555 2374 735 2416 Gaselee
762 2389 785 2416 6
812 2373 1006 2431 Collegio
1027 2373 1180 2430 Regali
1200 2373 1318 2430 apud
1339 2373 1737 2431 Cantabrigienses.

339 2442 462 2484 StLII
492 2442 675 2485 ITALIOI
705 2443 942 2486 uersiculos
973 2443 1183 2499 quosdam
1214 2442 1289 2497 (iv.
1311 2453 1407 2498 352,
1428 2444 1529 2501 353)
1559 2447 1737 2487 reuocat
1782 2482 1787 2486 ⁴

279 2510 328 2552 in
348 2512 540 2553 mentem
560 2510 723 2554 Polior.
741 2512 798 2554 vi.
819 2514 844 2553 6
865 2511 967 2569 (598
981 2512 1037 2562 D,
1051 2511 1183 2553 huius
1204 2510 1270 2553 ed.
1291 2513 1395 2553 tom.
1418 2511 1463 2554 ii.
1492 2525 1555 2566 19,
1577 2513 1661 2570 20),
1680 2513 1735 2556 de
1792 2558 1794 2560 ,

280 2579 441 2636 quibus
455 2579 558 2621 uide
569 2580 930 2622 commentarium
951 2582 1150 2623 nostrum
1164 2579 1220 2621 ad
1240 2579 1318 2622 loc.
1377 2579 1495 2622 Hinc
1509 2583 1626 2623 certe
1645 2596 1734 2624 non

278 2648 481 2705 colligere
510 2662 740 2704 possumus
775 2648 985 2691 Ioannem
1014 2649 1061 2690 in
1093 2648 1295 2690 manibus
1326 2648 1530 2691 habuisse
1558 2653 1733 2706 poetam
1798 2649 1818 2665 ²

279 2731 408 2772 quem
424 2716 578 2758 laudat
596 2718 696 2772 post
720 2715 950 2758 Sidonium
966 2716 1264 2772 Apollinarem
1284 2730 1422 2772 usque
1441 2717 1498 2759 ad
1518 2718 1732 2775 Poggium

279 2784 598 2828 Bracciolinum
619 2798 746 2827 nemo
761 2784 1022 2841 scriptorum
1035 2798 1220 2841 quorum
1241 2785 1369 2827 hodie
1390 2788 1568 2829 exstant
1587 2801 1730 2843 opera.
1751 2808 1753 2810 ¹
1787 2777 1791 2779 ”

391 2868 521 2896 xxxii
