1878 3172
77 172 177 206 ou.
190 159 263 221 xl]
599 159 1031 205 POLICRATICVS
1542 159 1629 208 569
1648 167 1681 199 a

80 281 235 325 Omnis
257 280 419 324 etenim
444 279 731 338 magistratus
752 278 949 322 iustitiae
974 277 1168 321 famulus
1193 281 1271 322 est.
1340 277 1528 322 Constat

79 353 228 393 autem
247 349 352 406 quia
365 349 563 405 aequitas
577 348 795 391 alienatur
806 362 833 390 a
844 347 1085 400 uenditore,
1100 347 1203 390 licet
1218 347 1275 390 ad
1286 349 1527 403 emptorem

79 432 169 461 non
187 420 406 470 transeat3
435 420 482 460 et
509 419 657 473 empta
684 416 895 472 iniquitas
923 416 985 460 sic
1014 416 1071 458 ad
1100 419 1340 473 emptorem
1366 415 1528 458 transit

79 489 133 530 ut
160 500 436 542 nequaquam
464 500 492 528 a
519 485 747 528 uenditore
771 484 957 528 recedat.
1015 484 1074 527 Et
1099 485 1216 541 quod
1242 485 1289 527 in
1309 484 1408 527 aliis
1426 498 1527 527 con-

42 570 64 605 5
80 554 295 598 tractibus
318 569 407 597 non
431 554 659 610 reperitur,
678 553 795 596 solus
818 553 892 596 ille
917 553 1135 596 iustitiam
1158 554 1314 596 uendit
1332 553 1408 610 qui
1437 567 1526 596 non
1543 557 1572 595 b

78 623 224 666 habet.
301 622 527 680 Siquidem
564 626 668 665 ante
713 622 1019 665 commercium
1055 622 1266 679 relinquit
1302 622 1528 665 sordidum

79 691 365 734 uenditorem.
423 691 582 734 Nonne
596 691 797 734 sordidus
812 694 879 733 est
892 691 968 747 qui
983 690 1040 733 ad
1054 694 1253 748 acceptas
1272 691 1343 734 uel
1359 691 1529 734 oblatas

80 760 229 803 sordes
247 760 556 803 conscientiam
585 760 746 817 polluit
771 762 816 802 et
844 774 933 802 non
960 762 1052 802 tam
1081 760 1299 802 iustitiam
1327 759 1529 802 uenalem

80 827 215 871 habet
253 842 385 884 quam
426 828 619 870 animam
660 828 817 872 81181111
894 827 1058 871 Doctor
1101 828 1302 885 gentium
1346 828 1529 871 diuitias

22 913 66 941 ιο
81 897 266 940 honores
285 900 330 940 et
348 897 486 940 totius
511 897 666 939 mundi
692 897 862 939 uariam
888 897 1230 953 suppellectilem
1256 897 1529 954 contempnit

80 968 134 1009 ut
165 968 367 1016 stercora,
399 969 452 1008 ut
485 965 625 1009 solum
658 964 906 1008 lucrifaciat
940 964 1178 1018 Christum,
1213 969 1337 1009 ratus
1370 966 1530 1016 omnia,

81 1048 194 1091 quae
241 1033 518 1091 dispendium
566 1034 722 1077 salutis
760 1034 961 1084 afferunt,
998 1034 1200 1077 sordibus
1238 1034 1530 1092 aggreganda.

82 1101 216 1145 Recte
246 1101 422 1158 quidem
456 1105 502 1145 et
529 1102 729 1153 fideliter,
749 1116 801 1144 eo
832 1102 949 1158 quod
978 1102 1113 1144 nichil
1142 1103 1368 1153 mundum,
1393 1102 1529 1145 nichil

81 1170 325 1220 honestum,
339 1170 475 1213 nichil
495 1170 651 1213 decens
670 1170 856 1213 salutem
875 1170 1070 1227 impedit,
1083 1171 1159 1213 sed
1178 1171 1271 1213 sola
1285 1171 1529 1228 turpitudo,

25 1259 66 1293 15
82 1252 206 1295 quae,
219 1238 335 1282 sicut
353 1238 543 1291 dedecet,
556 1239 618 1282 sic
637 1242 683 1282 et
701 1239 930 1281 immunda
947 1242 1014 1283 est
1029 1242 1075 1282 et
1088 1243 1205 1283 certe
1224 1240 1408 1292 inutilis,
1420 1240 1530 1283 adeo

82 1306 323 1364 dampnosa
340 1310 389 1350 ut
402 1307 524 1350 nullo
535 1308 766 1364 temporali
781 1308 1073 1351 emolumento
1087 1308 1235 1351 ualeat
1247 1309 1530 1365 compensari.

83 1374 200 1428 Quid
219 1375 336 1418 enim
354 1376 532 1432 prodest
550 1376 729 1429 homini,
749 1377 788 1419 si
813 1376 1068 1419 uniuersum
1095 1377 1308 1420 mundum
1334 1378 1530 1421 lucretur

81 1442 247 1487 faciens
265 1443 577 1487 detrimentum
596 1445 768 1487 animae
787 1446 920 1489 suae?
978 1445 1037 1487 Et
1056 1446 1159 1488 uide
1178 1446 1283 1502 quia
1303 1460 1392 1489 non
1411 1446 1529 1490 dixit
1546 1465 1571 1494 e

81 1511 296 1555 mundum
314 1512 516 1556 inutilem
534 1514 612 1556 ubi
631 1514 748 1556 salus
762 1513 973 1570 perditur,
985 1514 1060 1557 sed
1076 1515 1209 1557 etiam
1223 1515 1300 1557 ubi
1312 1515 1530 1558 minuitur

25 1601 70 1627 ,ο
82 1580 236 1638 gloria.
295 1580 591 1634 Quantumuis
616 1583 801 1625 rutilent
823 1597 1031 1640 gemmae,
1051 1598 1207 1626 aurum
1236 1583 1464 1640 splendeat
1484 1589 1529 1627 et

82 1649 285 1692 omnibus
316 1649 541 1693 lenociniis
571 1651 662 1694 suis
699 1652 892 1694 arrideat
929 1652 1130 1702 mundus,
1164 1653 1371 1709 quicquid
1402 1668 1527 1695 mun-

82 1716 239 1760 ditiam
269 1718 459 1762 hominis
488 1719 677 1775 perimit,
708 1721 955 1772 sordidum;
985 1721 1101 1777 quod
1130 1721 1327 1764 decorem
1356 1723 1528 1765 animae

83 1785 316 1842 extinguit,
334 1789 487 1843 turpe3
515 1788 632 1844 quod
651 1788 924 1831 honestatem
944 1790 1174 1840 subuertit,
1189 1790 1528 1847 ignominiosum

0 1864 1 1881 ³
83 1856 163 1897 est.
230 1853 357 1897 Vnde
390 1858 436 1897 et
472 1856 594 1912 apud
627 1857 831 1913 antiquos
862 1858 996 1900 etiam
1034 1858 1289 1902 salutiferae
1326 1860 1530 1903 ueritatis

27 1940 68 1974 ²5
85 1921 261 1978 ignaros
285 1937 413 1965 omne
437 1924 554 1979 quod
573 1938 630 1966 ex
648 1924 797 1967 debito
821 1924 950 1967 officii
970 1926 1214 1981 gratuitum
1235 1941 1327 1969 esse
1346 1931 1530 1983 oportet,

83 1989 123 2033 si
141 1990 220 2033 fiat
239 1990 295 2032 ad
314 1991 516 2047 pretium,
535 1991 583 2033 in
611 1991 811 2034 sordibus
836 1996 1126 2048 computatur.
1183 1994 1329 2050 Ipsius
1358 2010 1530 2051 quoque

83 2058 216 2115 pretii
235 2058 297 2101 sic
316 2059 507 2101 dilatant
524 2059 942 2115 interpretationem,
960 2063 1013 2102 ut
1032 2075 1120 2102 non
1146 2062 1274 2103 modo
1299 2063 1529 2118 pecuniam

84 2126 326 2183 speciemue
367 2127 600 2177 contineat,
638 2127 715 2170 sed
752 2127 1007 2183 obsequium
1045 2143 1303 2185 omnemque
1341 2145 1530 2186 operam,

84 2197 301 2250 quatenus
329 2194 438 2237 alias
467 2209 556 2237 non
584 2195 780 2238 debetur.
837 2195 964 2248 Quod
992 2197 1108 2238 enim
1138 2211 1194 2238 ex
1222 2198 1423 2242 sordibus
1452 2203 1529 2251 est,

26 2281 70 2314 30
85 2262 194 2319 quid
223 2263 308 2305 erit
340 2262 426 2305 nisi
457 2263 709 2306 sordidum?
783 2263 886 2306 Non
919 2264 1036 2306 enim
1074 2267 1219 2320 potest
1251 2266 1382 2308 arbor
1413 2268 1530 2311 mala
1545 2273 1575 2313 d

86 2329 258 2374 fructus
286 2331 422 2373 bonos
448 2329 603 2382 facere,
631 2345 731 2374 cum
761 2331 808 2373 in
837 2346 887 2374 eo
916 2332 985 2374 uis
1013 2335 1197 2375 naturae
1226 2335 1448 2387 consistat,
1478 2341 1530 2379 ut

88 2440 106 2469 1
134 2431 294 2476 etenim]
320 2432 420 2468 enim
438 2431 503 2467 SM
661 2442 682 2468 2
706 2432 850 2479 autem]
869 2432 970 2470 enim
986 2434 1026 2470 M
1224 2447 1264 2471 re
1294 2437 1439 2482 peritur
1454 2438 1529 2475 AM

90 2488 134 2516 10
155 2478 430 2525 supellectilem
446 2478 471 2514 S
566 2479 775 2516 contemnit
792 2480 820 2516 C
963 2491 1005 2517 12
1029 2482 1244 2528 agreganda
1196 2448 1292 2518 dag

133 2585 167 2620 9.
191 2577 511 2621 Boccor-aenium
535 2575 873 2621 v.Philipp.iii..8
990 2586 1032 2621 17
1060 2579 1528 2625 Quidenimpmdestetca

88 2633 121 2658 v.
132 2622 242 2659 Ῑ,110.’
231 2634 282 2658 ιι.
295 2631 351 2668 25.
400 2622 446 2658 In
461 2622 563 2668 Vulg
564 2622 766 2658 ‚hodierna
781 2625 923 2668 preficit
933 2623 1096 2670 legitun
1113 2625 1178 2662 sed
1187 2629 1333 2671 prodest
1349 2630 1501 2665 exstat
1490 2642 1530 2666 111

88 2668 216 2705 codice
233 2668 434 2711 Brixianm
459 2669 761 2705 wWordsworth
776 2671 809 2704 ἃ
826 2668 956 2707 White
971 2682 1008 2716 p.
1026 2672 1105 2716 369.
1245 2684 1290 2718 24
1315 2678 1416 2720 apud
1431 2679 1528 2711 anti-

87 2714 726 2799 fflhgucssssoeoffu⁶ss²¹
743 2725 800 2752 22.
983 2726 1028 2762 30
1051 2719 1525 2765 Mmpotestawretc

1355 2848 1420 2881 333
