1878 3172
96 143 268 213 022an
603 153 1036 199 Pomanrlovs

99 275 267 318 cultare
277 274 469 317 nitentes
484 274 520 316 si
534 273 640 330 quid
653 271 768 315 forte
780 271 1098 328 deprehensum
1110 270 1269 313 fuisset
1280 270 1327 312 in
1339 270 1459 313 mani
1464 270 1554 313 bus.

97 342 238 385 Nulla
275 343 453 386 senibus
491 341 749 390 reuerentia,
779 339 902 382 nulla
935 354 1040 396 erga
1073 339 1281 396 paruulos
1319 339 1555 389 miseratio,

99 410 176 452 sed
206 411 254 453 in
283 411 444 468 exiguo
473 411 601 468 panis
629 409 879 466 fragmento
908 408 1116 465 paruulos
1146 408 1397 450 inherentes
1424 410 1470 451 et
1498 423 1554 451 ex

99 479 195 536 ipso
234 481 305 523 cui
344 481 598 522 inheserant
636 492 866 534 suspensos
905 477 1128 520 elidebant
1166 477 1212 518 in
1247 479 1423 519 terram.
1498 477 1553 519 In
1570 481 1599 520 b

37 553 42 558 ’
62 567 81 601 5
100 561 200 590 eum
220 563 336 599 uero,
353 548 428 604 qui
441 550 638 605 raptores
649 546 746 589 cibo
761 545 1060 602 praeuenisset
1075 545 1319 601 absumpto,
1334 545 1554 588 crudelius

99 617 339 667 seuiebant,
374 619 419 659 et
457 615 767 672 excogitabant
800 613 899 655 dira
932 613 1158 669 supplicia,
1191 613 1449 656 obturantes
1487 613 1553 654 in-

97 683 301 728 felicibus
338 685 562 727 naturales
600 683 894 740 digestionum
933 685 1115 732 meatus,
1149 681 1248 724 aliis
1286 696 1392 724 uero
1430 696 1555 738 prae-

97 756 250 796 acutas
269 753 398 796 sudes
418 768 497 810 per
515 752 667 795 eadem
686 750 879 793 uerenda
897 750 1135 806 adigentes.
1195 750 1411 792 Horresco
1441 764 1554 806 quae

98 824 224 878 gesta
265 825 370 864 sunt
409 821 613 864 referens.
675 820 746 863 Ad
784 818 1100 862 confectionem
1138 821 1239 875 post
1276 819 1383 862 haec
1421 819 1554 862 unius

39 912 84 938 ιο
98 891 226 946 panis
254 894 334 933 aut
363 891 499 933 eiathi
530 890 700 932 farinae
729 888 910 930 miseros
943 887 1250 944 perurgebant.
1315 887 1433 930 Nam
1468 888 1553 944 ipsi

97 962 286 1002 tortores
305 974 394 1002 non
413 959 698 1015 patiebantur
717 956 892 999 famem.
951 956 1077 997 Esset
1097 956 1213 998 enim
1234 956 1554 1012 quodammodo

96 1027 369 1070 tolerabilius
388 1028 425 1070 si
446 1028 552 1070 haec
572 1026 783 1082 compulsi
804 1025 951 1067 inedia
970 1024 1113 1067 facere
1133 1024 1402 1067 uiderentur.
1465 1024 1553 1066 Sed

96 1099 149 1139 ut
167 1097 239 1139 uel
258 1098 572 1153 praepararent
590 1095 675 1138 sibi
695 1095 742 1136 in
761 1096 985 1150 posterum
1005 1093 1134 1143 cibos,
1153 1093 1225 1135 uel
1246 1095 1299 1135 ut
1317 1093 1554 1135 crudelitas

96 1165 306 1208 exercitio
325 1165 656 1214 conualesceret,
675 1163 723 1205 in
743 1163 813 1205 his
833 1163 966 1204 etiam
987 1162 1024 1204 si
1053 1163 1127 1218 qui
1156 1161 1271 1204 forte
1298 1161 1454 1204 furtim
1474 1175 1554 1218 per

38 1253 79 1289 ¹5
97 1234 308 1276 stationes
337 1234 530 1276 hostium
557 1248 637 1290 pro
666 1231 920 1288 colligendis
949 1231 1096 1273 herbis
1123 1231 1379 1287 erupissent,
1403 1243 1552 1272 oecur-

96 1306 243 1346 rentes
290 1303 354 1346 eis
394 1303 470 1359 qui
518 1317 564 1345 se
613 1301 807 1344 hostium
854 1315 1011 1342 manus
1052 1300 1254 1357 effugisse
1296 1299 1552 1356 gauderent,

96 1371 365 1428 diripiebant
393 1370 601 1427 quicquid
628 1369 882 1412 attulerant.
943 1368 1304 1425 Supplicantibus
1333 1370 1482 1409 autem
1506 1369 1551 1408 et
1567 1383 1594 1414 c

95 1440 292 1484 terribile
331 1440 415 1482 sibi
455 1439 675 1495 quoddam
714 1451 874 1480 nomen
913 1436 997 1478 Dei
1036 1436 1344 1479 inuocantibus
1389 1438 1442 1477 ut
1479 1434 1552 1477 uel

96 1511 268 1565 partem
296 1508 490 1564 aliquam
520 1522 576 1550 ex
605 1507 686 1558 his,
710 1520 822 1562 quae
852 1520 997 1547 seeum
1024 1504 1179 1547 mortis
1202 1503 1395 1560 periculo
1422 1517 1552 1559 quae-

38 1593 81 1618 20
97 1577 305 1628 siuerant‚
334 1577 626 1634 indulgerent,
655 1574 792 1617 nichil
821 1588 999 1630 prorsus
1028 1573 1323 1630 praebebant;
1365 1572 1441 1614 sed
1470 1572 1552 1614 hoe

96 1646 294 1689 beneficii
333 1646 427 1689 loco
465 1648 665 1694 cesserat,
697 1643 734 1686 si
768 1643 1130 1699 comprehensum
1168 1642 1324 1684 uiuum
1358 1641 1553 1684 licuisset

94 1713 290 1756 euadere.
368 1714 454 1756 His
501 1716 650 1755 autem
698 1714 799 1768 post
846 1711 1075 1766 aliquanta
1124 1710 1340 1766 adiungit,
1378 1709 1551 1752 dicens:

95 1781 245 1827 Iudeis
274 1796 380 1824 uero
407 1796 508 1824 cum
534 1795 711 1838 egressu
736 1779 859 1821 urbis
878 1779 1021 1821 omnis
1043 1773 1210 1834 pariter
1232 1793 1330 1835 spes
1350 1779 1550 1821 exclude-

94 1850 228 1893 batur
256 1851 423 1902 salutis,
452 1853 498 1892 et
526 1849 796 1892 inualescens
825 1847 1040 1890 acerbitas
1070 1847 1213 1897 famis,
1243 1848 1393 1890 domos
1420 1848 1551 1890 simul

37 1935 78 1970 25
96 1922 141 1962 et
179 1918 371 1961 familias
408 1921 671 1976 gentemque
709 1916 941 1967 uastabat;
982 1916 1047 1958 ita
1077 1919 1130 1958 ut
1167 1916 1215 1957 in
1253 1917 1551 1972 penetralibus

94 1989 238 2030 strata
275 1988 468 2029 iacerent
511 1986 746 2028 mulierum
788 1984 1159 2040 paruulorumque
1208 1985 1434 2036 cadauera,
1472 1999 1551 2041 per

93 2056 263 2112 plateas
291 2070 397 2098 uero
425 2054 668 2098 infelicium
698 2068 851 2096 senum
881 2067 1062 2108 corpora
1095 2052 1212 2094 fame
1242 2053 1384 2109 magis
1417 2067 1550 2109 quam

94 2127 213 2166 etate
256 2126 526 2180 consumpta.
600 2123 788 2164 quenes
831 2135 936 2163 uero
979 2124 1113 2176 atque
1158 2122 1299 2163 omnis
1344 2125 1437 2163 etas
1480 2136 1548 2164 ro-

93 2191 266 2234 bustior
299 2192 424 2234 uelut
454 2191 718 2233 simulachra
757 2189 971 2245 quaedam
1009 2188 1057 2229 in
1095 2189 1182 2230 uiis
1221 2192 1267 2231 et
1305 2191 1549 2246 egressibus

35 2285 79 2318 30
93 2260 368 2310 oberrabant,
389 2262 640 2303 corruentes
660 2272 932 2315 quocumque
951 2257 1034 2299 loci
1053 2272 1251 2314 gressum
1266 2259 1550 2315 surripuisset

93 2329 250 2372 inedia.
311 2328 504 2384 Sepelire
527 2330 676 2370 autem
695 2326 910 2369 cadauera
928 2325 1229 2381 proximorum
1248 2341 1327 2368 nec
1347 2326 1548 2370 defunct·
1566 2336 1596 2377 d

93 2412 220 2440 orum
251 2397 492 2440 multitudo
525 2411 605 2439 nec
635 2395 800 2437 uirium
830 2393 1035 2435 debilitas
1067 2394 1378 2450 permittebat3
1418 2395 1548 2437 simul

93 2469 140 2509 et
158 2481 239 2523 pro
258 2481 363 2509 suae
387 2467 508 2508 uitae
528 2465 695 2507 incerto
721 2462 1021 2518 unusquisque
1043 2462 1288 2505 uerebatur.
1348 2463 1549 2521 Denique

93 2535 310 2591 aliquanti
356 2549 488 2591 super
536 2547 620 2583 eos,
663 2546 771 2588 quos
815 2530 1094 2587 sepeliebant,
1134 2530 1303 2573 animas
1342 2532 1549 2585 emisere;

33 2625 75 2659 35
93 2603 224 2645 multi
272 2604 406 2646 etiam
455 2602 561 2644 dum
604 2602 930 2657 prosequuntur
978 2597 1146 2650 funera,
1185 2600 1442 2656 priusquam
1491 2602 1547 2644 ad

98 2759 139 2794 18
163 2757 350 2803 quoddam
365 2756 438 2793 sibi
455 2756 480 2792 S
622 2766 668 2803 29
692 2753 893 2791 simulacra
908 2754 942 2788 A
1082 2765 1130 2800 30
1152 2754 1396 2801 subripuisset
1412 2755 1437 2792 S

1396 2834 1414 2872 7
1419 2836 1437 2873 7

1569 161 1702 201 4228
