1820 3138
602 190 984 238 ENTHETIGVS
1067 193 1072 198 '

72 308 274 361 Accedes,
302 310 477 354 uultum
506 311 710 363 mutabis,
737 311 932 355 mantica
957 324 1099 369 nugas

131 377 367 432 Excutiat3
404 394 586 438 peregre
613 383 721 425 tunc
748 380 1005 438 peregrinus
1033 383 1118 423 eat.

73 478 178 522 Non
205 483 356 542 tamen
382 481 599 532 ostendas,
626 481 773 525 oculos
801 481 918 539 quod
946 480 1158 539 principis
1185 483 1299 531 urat,

130 547 173 590 A
201 563 289 606 quo
317 552 413 593 tota.
441 550 525 593 tibi
554 550 651 593 uita
678 549 882 607 salusque
910 549 1056 594 datur.

36 622 60 667 5'
74 615 125 659 Si
154 616 288 661 facies
316 618 382 661 illi
409 621 490 662 tua
517 619 730 676 displicet,
757 618 875 661 unde
902 618 1124 676 placebit?

132 685 239 729 Eius
267 687 315 728 in
343 687 528 730 arbitrio
558 687 712 744 iusque
741 686 955 744 fauorque
988 689 1182 730 manent.

73 753 203 807 Quod
230 755 435 812 prohibet
462 755 571 807 fieri,
601 756 740 799 scelus
769 759 862 808 est;
900 755 1017 812 quod
1046 755 1270 813 praecipit,
1299 768 1511 812 aequum:

131 823 322 881 luraque
350 839 431 881 pro
459 824 622 882 placito
650 827 857 881 stantque
886 824 1139 881 caduntque
1168 839 1260 868 suo.

74 891 192 935 Huic
223 892 327 949 quia
355 893 449 936 sola
475 893 630 950 placet,
659 892 752 936 sola
779 893 949 936 uirtute
979 892 1181 950 placebis,

14 971 58 998 10
132 960 255 1014 Quae
283 961 368 1004 tibi
397 962 434 1004 si
464 962 591 1014 desit,
620 965 765 1005 cetera
794 964 953 1004 cuncta
981 965 1152 1005 nocent.
1173 961 1180 968 ‘

72 1028 180 1072 Iura
207 1029 325 1082 colit,
354 1044 505 1087 pacem
534 1031 705 1081 statuit,
735 1030 981 1087 fundatque
1010 1030 1214 1087 quietem,

130 1097 189 1141 Et
216 1099 410 1142 tumidos
438 1099 585 1142 hostes
614 1102 761 1142 mente
790 1114 1009 1157 manuque
1038 1099 1199 1142 domat.

1 1170 8 1177 ’
72 1165 160 1210 Sed
189 1181 268 1210 seu
295 1168 394 1210 iura.
421 1172 582 1211 nocent
608 1183 686 1211 seu
715 1167 924 1211 fulminet
952 1169 1068 1211 ensis
1100 1168 1148 1210 in
1176 1169 1336 1218 hostes,

130 1235 233 1279 Non
261 1236 347 1279 nisi
376 1240 529 1280 sancta
556 1237 684 1294 gerit,
714 1252 804 1280 non
831 1237 918 1279 nisi
946 1240 1099 1280 sancta
1127 1237 1299 1294 probat.

14 1313 57 1348 ¹5
72 1301 238 1347 Confer
264 1305 305 1348 ei
334 1320 628 1363 quoscumque
656 1306 799 1356 duces,
828 1320 1123 1362 quoscumque
1150 1309 1375 1365 potentem

130 1372 258 1417 Plebs
286 1374 372 1417 erit
398 1375 481 1418 hoc
509 1375 605 1418 uiso
634 1375 828 1418 maxima
856 1375 989 1418 turba
1016 1375 1189 1417 ducum.

0 1447 30 1503 ξ.
71 1440 122 1484 Si
151 1455 276 1499 reges
303 1442 469 1494 uideas,
493 1443 601 1500 quid
628 1444 687 1486 ad
714 1444 831 1487 hunc
860 1444 947 1486 nisi
976 1444 1142 1486 rustica
1168 1443 1333 1486 turba?

4 1546 7 1550 .
130 1509 190 1553 Et
217 1510 339 1562 bene,
367 1511 406 1555 si
435 1512 522 1555 dici
551 1513 716 1556 rustica
744 1513 877 1555 turba
906 1516 1087 1590 queunt:

0 1605 19 1641 ,3
73 1577 424 1637 Particulamque
452 1582 521 1624 tui
549 1585 906 1639 praemonstrans
934 1582 1159 1638 experiere

0 1647 60 1712 ξξΟ
131 1648 254 1702 Quae
282 1653 459 1694 maneat
486 1653 632 1694 totum
659 1652 806 1708 gratia
834 1651 906 1694 uel
936 1652 1034 1708 quis
1063 1652 1215 1694 honor.

0 1687 15 1748 Ι
72 1716 123 1760 Si
150 1717 295 1774 placet
322 1719 440 1769 haec,
468 1722 590 1763 totus
617 1721 782 1777 poteris
811 1720 999 1763 forta-sse
1027 1723 1201 1777 patere;

6 1779 7 1782 ¹
128 1785 216 1829 Sed
245 1787 284 1830 si
312 1787 552 1845 displiceat,
581 1792 725 1832 cetera
753 1790 907 1833 claude
937 1792 1055 1848 toga

70 1890 223 1937 Verba
245 1895 481 1939 salutantis
509 1897 601 1940 sint
628 1898 795 1954 prima3
833 1898 1018 1941 subinde
1053 1898 1236 1950 facetus,

130 1962 191 2006 Te
219 1963 345 2007 dabis
372 1965 603 2021 obsequiis,
633 1966 958 2023 hospitiumque
987 1970 1121 2023 petes.

11 2035 56 2073 ²5
74 2030 178 2075 Non
205 2033 356 2089 grauis
383 2033 540 2090 hospes
568 2034 654 2076 eris
682 2038 877 2091 potuque
904 2035 1087 2091 ciboque
1115 2034 1356 2085 uerendus3

130 2100 327 2144 Sufficiet
349 2102 487 2144 uestis
514 2116 604 2144 non
631 2103 824 2158 pretiosa
852 2104 948 2147 tibi.

70 2168 117 2212 N
117 2183 176 2212 on
203 2169 398 2212 oneraris
427 2170 561 2226 equis,
591 2169 752 2213 faleras
781 2186 861 2214 nec
884 2172 1024 2228 poscis
1053 2185 1276 2227 equorum,

18 2295 19 2298 Ἴ
128 2237 223 2280 Nec
250 2240 300 2281 te
327 2252 554 2281 seruorum
583 2239 708 2295 copia
736 2254 898 2297 magna
926 2240 1100 2297 premit.

15 2313 23 2344 ἒ
73 2305 270 2349 Sufficiet
297 2306 370 2349 uel
398 2307 491 2349 sola
519 2307 674 2350 domus
703 2308 911 2364 nisusque
940 2308 1129 2365 patroni,

18 2429 31 2435 ⁶
129 2374 237 2418 Eius
266 2378 312 2418 et
340 2375 531 2432 alloquio
560 2377 826 2432 consilioque
855 2377 958 2420 frui.

14 2448 23 2493 -ζ,
71 2441 208 2486 Curia
235 2443 343 2500 quid
371 2444 522 2501 possit,
553 2445 659 2501 quid
688 2448 834 2502 speret
862 2445 997 2502 plebs,
1025 2445 1102 2487 ubi
1132 2445 1256 2503 regni

15 2494 43 2535 Ι·
126 2512 267 2564 Vires,
296 2527 387 2556 una
415 2513 571 2556 domus
599 2513 692 2556 sola
721 2514 873 2557 docere
903 2517 1061 2571 potest.

23 2607 25 2610 -
71 2579 123 2623 Si
150 2580 398 2624 deuelatam
428 2581 586 2625 faciem
610 2583 936 2635 monstrauerit‚
966 2586 1045 2625 aut
1073 2598 1163 2626 non

21 2640 24 2642 ³
129 2648 404 2707 Pel-stringat
432 2651 578 2693 uisum
607 2651 801 2694 cassibus
830 2651 904 2694 ille
932 2654 1072 2695 tuum.

71 2745 116 2782 27
139 2735 332 2775 honeratis
347 2738 372 2774 S

1392 2887 1412 2919 3

71 2795 527 2860 Ἦν.
543 2812 700 2850 Forcell,
717 2812 773 2849 ed.
791 2812 837 2848 de
851 2811 930 2849 vit.
945 2825 973 2849 s.
986 2824 1018 2848 v.
1026 2815 1255 2860 praesu-inae
1270 2814 1319 2851 ad
1336 2815 1428 2852 calc.

1539 2170 1659 2219 381a
1713 2229 1721 2238 .
