1878 3172
96 174 195 209 mr.
208 150 300 222 im]
609 160 1043 207 POLICRATICVS
1569 159 1655 212 408
1671 170 1702 202 ,ο

96 286 144 327 et
188 282 468 340 planetarum
515 283 640 338 motu
687 295 799 337 quae
849 280 942 323 sint
985 283 1176 323 uentura
1227 280 1463 332 coniciunt,
1502 283 1556 323 ut

98 354 166 396 est
193 350 327 394 illud:
1572 347 1604 388 d

157 431 324 474 Nostra
351 429 424 473 uel
452 429 625 486 aequali
655 429 885 486 suspendit
912 431 1113 486 tempora
1140 428 1256 472 libra

316 492 454 531 tenax
482 487 590 538 ueri,
618 501 696 530 seu
725 491 832 529 nata
860 486 1063 529 fidelibus
1092 487 1203 529 hora

30 567 36 571 ·
61 557 81 591 5
192 546 321 588 'uidit
348 546 397 588 in
426 545 623 602 geminos
651 544 882 587 concordia
910 543 1008 586 fata
1035 544 1250 596 duorum;

157 603 303 649 nescio
332 603 449 660 quod
478 606 595 646 certe
624 605 703 653 est,
731 602 849 658 quod
877 604 923 645 te
952 602 1086 644 michi
1115 604 1336 659 temperat
1364 604 1558 645 astrum:

100 697 152 726 ac
191 683 229 726 si
263 682 491 726 stellarum
518 696 668 725 coreas
696 681 1096 739 applicationesque
1125 682 1258 725 unius
1286 681 1344 725 ad
1372 681 1559 724 alteram

101 754 273 795 constet
284 751 426 801 rebus,
438 765 551 807 quae
566 765 622 793 ex
635 750 807 792 arbitrii
822 750 1028 793 libertate
1039 750 1321 807 proueniunt,
1337 750 1559 807 quandam

102 820 377 863 necessitatis
411 822 634 875 praestare
673 818 900 875 originem.
970 818 1168 871 Quorum
1205 818 1448 876 genelliaci‚
1483 818 1560 875 qui

44 906 87 930 10
103 903 283 946 geneses
303 887 350 930 id
365 891 432 930 est
446 887 673 930 natalitias
687 887 819 930 horas
833 887 1083 938 attendunt,
1095 887 1332 931 imitantur
1350 901 1561 939 errorem3

103 957 221 1000 unde
240 956 465 1000 satiricus:

392 1036 515 1079 Nota
543 1036 868 1079 mathematicis
896 1035 1070 1093 genesis
1098 1039 1189 1079 tua.

103 1117 229 1160 Idem
249 1131 356 1160 uero
374 1116 602 1173 horoscopi
622 1117 931 1170 nominantur,
960 1117 1077 1159 unde
1098 1131 1273 1160 rursus

679 1196 898 1248 Geminos,
927 1196 1175 1254 hommpe,
1204 1211 1315 1240 uaro

47 1278 88 1313 15
390 1253 595 1311 producis
622 1254 764 1311 genio.
1582 1262 1670 1304 409
1689 1263 1720 1292 a

108 1335 266 1393 Viguit
287 1337 437 1377 autem
463 1334 552 1377 ista
576 1334 772 1385 scientia,
792 1337 838 1377 et
864 1334 980 1377 forte
1007 1348 1103 1377 eam
1133 1334 1413 1390 aliquatenus
1437 1334 1567 1376 licuit

107 1403 312 1454 exerceri,
350 1403 488 1446 donec
530 1402 676 1446 Deum
718 1405 874 1445 natum
913 1403 1144 1445 nuntiauit
1183 1403 1312 1446 stella
1362 1403 1417 1446 de
1462 1403 1566 1454 celo,

107 1486 347 1530 magosque
364 1486 455 1514 non
474 1472 681 1528 reprobos
704 1472 924 1528 primitias
950 1470 1054 1532 fidei
1080 1471 1138 1514 ad
1164 1486 1265 1514 eum
1284 1471 1567 1528 ,adorandum

108 1555 226 1584 nouo
256 1543 303 1583 et
335 1540 536 1583 inaudito
570 1540 734 1583 ducatu
766 1540 989 1598 perduxit.
1046 1540 1221 1583 Exinde
1254 1554 1360 1583 uero
1388 1540 1567 1597 penitus

49 1629 94 1654 πο
109 1609 346 1652 interdicta
374 1611 453 1653 est.

170 1677 453 1721 Salissatores
497 1677 573 1734 qui
617 1691 674 1720 ex
713 1678 832 1721 saltu
873 1678 1171 1720 membrorum
1213 1680 1294 1733 aut
1338 1678 1568 1734 inopinato

110 1746 304 1803 corporis
332 1749 457 1789 motu
491 1760 750 1803 prosperum
786 1746 956 1804 aliquid
997 1746 1201 1789 futurum
1231 1749 1467 1790 autumant
1496 1746 1568 1789 uel

112 1815 357 1858 aduersum

169 1883 379 1940 Sortilegi
407 1886 524 1934 sunt,
544 1883 620 1939 qui
649 1883 732 1926 sub
760 1884 937 1926 nomine
962 1884 1090 1927 fictae
1114 1884 1340 1941 religionis
1359 1884 1569 1940 supersti-

53 1970 95 2004 2⁵
111 1953 227 1996 tiosa
252 1952 442 2009 quadam
461 1951 766 1995 obseruatione
785 1967 932 1995 rerum
956 1953 1218 2009 pollicentur
1236 1955 1433 2002 euentus,
1453 1952 1570 2008 quod

111 2036 251 2080 genus
277 2023 416 2064 sortes
446 2020 743 2076 apostolorum
772 2023 818 2063 et
845 2021 1161 2077 prophetarum
1191 2023 1237 2063 et
1261 2020 1570 2070 diuidentium,

114 2156 133 2195 5
160 2147 262 2183 facta
278 2145 318 2181 M
442 2156 621 2228 9ffreare
639 2144 737 2181 CBA
868 2155 911 2182 21
941 2144 1194 2182 Sallissatores
1211 2143 1235 2180 S
1365 2145 1412 2181 26
1436 2146 1477 2181 et
1486 2150 1571 2190 post

113 2194 372 2242 apostolorum
387 2204 455 2230 om.

162 2320 183 2355 3
207 2309 341 2344 Nostra
357 2309 453 2344 etc.:
479 2306 579 2342 Pers.
595 2306 672 2342 Sat.
690 2317 724 2340 v.
742 2314 870 2351 47—51.
975 2316 999 2350 9
1020 2307 1233 2351 yemuiaci:
1256 2305 1304 2341 de
1320 2304 1572 2352 genethliacis

82 2388 89 2392 ,
111 2355 198 2393 vide
215 2355 310 2392 Gell.
328 2356 375 2391 N.
391 2356 438 2390 A.
454 2354 527 2389 xiv.
550 2363 590 2398 13
617 2351 705 2388 Isid.
726 2354 824 2398 Ονίς.
839 2351 917 2388 viii.
934 2352 1069 2406 9§²3:
1190 2362 1233 2389 12
1257 2354 1351 2388 Nota
1367 2355 1464 2388 etc.:
1490 2352 1570 2388 Iuv.

111 2405 187 2440 Sat.
204 2403 277 2438 xiv.
292 2404 373 2446 248.
471 2411 513 2446 13
530 2381 736 2445 horoscopi:
760 2411 791 2435 v.
811 2399 899 2435 Isid„
912 2401 1008 2444 Ονίς.
1020 2399 1093 2435 viii.
1105 2410 1129 2445 9
1146 2401 1165 2444 §
1183 2408 1383 2443 27.14
1404 2400 1572 2435 Geminos

111 2452 208 2487 eur:
225 2449 325 2487 Pers.
335 2451 409 2485 Sat.
419 2447 468 2485 vi.
485 2449 536 2490 18,
555 2457 606 2492 19.
721 2448 762 2482 18
779 2448 1182 2492 mqosnonreprobos:
1207 2458 1239 2482 v.
1255 2445 1365 2482 Matt.
1379 2446 1420 2482 ii.
1528 2456 1572 2492 19

69 2496 262 2533 'Exinde
284 2499 378 2532 etc:
404 2507 439 2532 v.
458 2495 545 2531 Isid.
571 2495 668 2538 Ονίς.
692 2492 769 2529 viii.
795 2504 832 2546 9
843 2493 885 2546 §§
912 2502 967 2539 25,
995 2495 1062 2535 26;
1088 2493 1151 2540 (cf.
1178 2493 1276 2530 Tert-
1302 2495 1494 2529 deIdolol.
1519 2496 1570 2539 9.)

114 2554 158 2580 21
185 2545 437 2597 salissatores:
477 2553 510 2578 v.
544 2541 633 2577 Isid.
670 2542 767 2585 Ονίς.
799 2539 876 2576 viii.
910 2551 934 2586 9
963 2539 981 2586 ξ
1012 2551 1068 2586 29.
1252 2550 1300 2584 24
1323 2542 1418 2576 Sorte
1406 2542 1512 2586 ii:le9

116 2590 205 2626 Isid.
225 2592 321 2636 Ονίς.
336 2589 414 2625 viii.
432 2599 456 2635 9
473 2588 492 2635 ξ
511 2590 567 2624 28.
728 2589 773 2623 26
795 2592 905 2622 sortes
919 2589 1013 2623 etc.:
1037 2588 1085 2624 de
1101 2588 1254 2623 sortibus
1267 2593 1473 2623 sanctorum
1488 2553 1572 2624 vide

116 2637 176 2673 Du
213 2637 339 2684 cange
374 2649 402 2672 s.
413 2648 445 2671 v.
481 2648 558 2672 sors
592 2647 626 2671 2.
698 2634 847 2670 Talium
885 2633 1039 2669 sortium
1079 2634 1128 2670 ad
1168 2634 1383 2680 exemplum
1422 2637 1574 2670 sortium

119 2685 413 2738 Veryizianarum
434 2694 543 2718 usum
567 2682 794 2718 condemnat
820 2681 1051 2735 Augustinus
1070 2684 1120 2717 ad
1133 2683 1388 2728 Ιηφιίείείοηεε
1402 2683 1576 2717 Ianuarii

116 2730 158 2768 ii.
177 2738 258 2771 (seu
274 2733 345 2775 Ep.
360 2730 411 2775 lv)
428 2741 459 2766 c.
478 2741 525 2766 20
542 2729 560 2776 ξ
587 2739 632 2774 37
652 2728 798 2775 (Migne
816 2730 857 2764 P.
868 2730 912 2764 L.
927 2727 1057 2764 miii.
1076 2729 1173 2775 222).
1306 2731 1572 2764 diuidentium:

117 2789 150 2813 v.
167 2776 229 2813 Du
246 2778 370 2824 Gange
385 2789 413 2813 s.
421 2788 454 2813 v.
472 2778 600 2813 divisio
617 2777 682 2823 (1).

1420 2856 1465 2890 63
