1820 3138
563 174 1009 224 PROLEGOMENA

62 293 262 347 Ioannes,
281 310 381 339 eum
404 298 484 339 aut
512 294 560 338 in
586 295 904 353 Martyrologio
926 297 1007 339 aut
1032 293 1080 337 in
1102 293 1331 339 Breuiario
1356 291 1512 353 legisse

59 364 268 408 credibile
288 367 365 407 est

120 433 287 486 Quanti
312 431 393 475 Ivs
420 431 586 476 CIVILE
606 431 909 476 aestimauerit
937 445 994 474 ex
1013 430 1180 475 Polior.
1200 431 1292 474 viii.
1317 445 1369 476 22
1389 431 1440 490 (t.
1462 432 1508 476 ii.

58 509 105 558 p.
138 515 222 559 399
261 503 437 544 nostrae
474 499 699 560 editionis)
730 500 840 543 satis
876 502 1073 558 apparet.
1151 499 1298 557 Ipsius
1332 500 1509 543 Vacarii

0 588 2 590 ·
45 568 135 627 .(de
162 583 249 626 quo
277 569 325 612 in
353 583 405 613 eo
433 569 527 613 loeo
554 569 720 627 agitur)
749 568 923 612 librwm
961 568 1038 626 qui
1071 567 1342 625 Pauperum
1372 569 1508 626 uulgo

57 641 245 680 uocatur
272 652 399 695 spero
423 652 528 680 mox
549 640 731 681 curante
756 637 854 680 uiro
882 636 1121 680 reuerendo
1147 638 1201 680 A.
1221 636 1259 679 Ι.
1281 636 1459 694 Carlyle
1483 651 1509 681 8

58 703 169 749 0011.
190 706 327 750 Univ.
346 706 464 764 apud
495 706 765 749 Oxonienses
793 705 972 749 tandem
1001 706 1124 763 typis
1152 706 1430 749 commissum
1460 706 1508 748 in

55 772 200 817 lucem
213 789 306 818 esse
317 774 597 831 proditurum
610 789 621 827 ;
644 789 731 831 quo
745 789 873 818 usum
893 789 986 818 esse
998 774 1207 817 Ioannem
1219 775 1509 832 probabiliter

54 842 196 885 conici
233 845 391 900 potest.
463 842 787 894 Institutiones,
827 843 1037 896 Oodv’oem,
1074 842 1268 899 thesta,
1306 843 1509 887 Novellaa

57 909 254 954 dubitari
273 925 362 954 non
381 913 527 968 potest
546 911 654 968 quin
679 911 727 954 ιιι
753 911 955 954 manibus
978 911 1196 955 habuerit.
1252 911 1358 954 Iulii
1378 912 1507 957 Pauli

0 1022 3 1023 γ
56 977 224 1021 dictum
245 979 454 1035 (Sentem.
475 994 518 1022 v,
536 992 588 1023 12
609 981 632 1035 ξ
654 979 697 1035 9)
719 979 767 1021 ιιι
786 978 1043 1022 Polior-atie.
1062 979 1123 1022 iii.
1149 993 1195 1021 11
1221 994 1308 1037 quo
1327 983 1506 1024 auctore

55 1045 262 1090 citauerit
287 1047 430 1090 adhuc
454 1047 631 1090 omnino
650 1048 806 1091 nescio.
867 1047 1078 1091 Definitio
1104 1048 1347 1104 aequitatis
1373 1063 1506 1106 quam

0 1147 3 1154 2
53 1113 166 1158 citat
211 1115 261 1158 in
307 1113 474 1158 Polior.
514 1115 572 1158 iv,
616 1129 641 1159 2
679 1119 827 1158 exstat
874 1115 922 1158 in
961 1116 1231 1172 qumemo
1278 1116 1506 1173 Prayemi

4 1209 9 1213 -
0 1181 259 1241 (Fitting,
291 1183 561 1227 Jwrietiscke
592 1183 819 1240 Schriften
854 1184 931 1227 dee
954 1184 1178 1241 fraheren
1215 1185 1506 1236 Mittelalters,

0 1241 11 1298 ,ἓ
51 1264 98 1309 p.
115 1253 228 1308 216),
247 1252 296 1294 in
313 1252 528 1296 Summae
546 1252 790 1296 cuiusdam
804 1252 1166 1297 Institutionum
1183 1255 1367 1298 exordio
1384 1253 1506 1308 (ibid.

0 1333 95 1378 p
128 1321 241 1377 146),
269 1320 317 1363 in
348 1321 543 1364 Saeimma
574 1321 759 1373 Codicis,
788 1322 990 1365 Trecensi
1028 1322 1133 1364 olim
1165 1326 1334 1374 uocata,
1368 1337 1502 1379 quam

0 1373 15 1445 Ξ
51 1387 179 1431 uelut
205 1388 377 1440 Imerii,
405 1389 576 1433 scholae
611 1390 898 1433 Bononiensis
928 1390 1188 1441 fundatoris,
1218 1405 1328 1448 opus
1363 1391 1504 1434 edidit

0 1443 20 1526 ᾗ
52 1455 111 1501 Η.
138 1456 314 1514 Fitting
342 1457 502 1514 (Berol.
530 1458 670 1514 1894),
699 1459 747 1501 in
776 1459 1020 1502 Placentini
1050 1473 1161 1502 saec.
1187 1460 1254 1501 xii
1282 1459 1340 1502 ad
1368 1460 1502 1505 finem

0 1518 18 1663 ἱ
51 1524 162 1568 iuris
198 1525 332 1582 periti
370 1527 743 1584 Montepessulani
781 1528 976 1571 Summa
1014 1528 1375 1572 Institutionum
1417 1529 1501 1585 (ed.

50 1592 250 1651 Mogunt.
273 1594 415 1651 1535)
473 1595 646 1639 Horum
673 1595 869 1639 locorum
897 1597 1192 1654 cognitionem
1221 1597 1362 1640 eidem
1388 1598 1443 1641 A.
1464 1597 1499 1642 Ι.

50 1661 229 1719 Carlyle
248 1663 394 1715 debeo,
413 1665 490 1721 qui
508 1679 638 1708 suum
661 1680 771 1722 opus
797 1666 852 1709 de
874 1666 945 1708 his
969 1665 1100 1709 rebus
1118 1666 1314 1709 nondum
1335 1666 1501 1723 publici

0 1687 21 1801 ἒ
46 1729 160 1774 iuris
198 1730 366 1775 factum
407 1732 637 1787 (Political
679 1732 844 1790 Theory
877 1734 933 1777 in
966 1734 1034 1777 the
1073 1734 1246 1778 Mzkidle
1283 1734 1410 1792 Ayes,
1453 1736 1500 1779 ii.

50 1811 122 1856 pp.
142 1811 185 1852 2,
203 1799 248 1857 3)
275 1815 443 1843 ιιι88ιιιιι
471 1801 881 1845 beneuolentissime
909 1803 1263 1846 communicauit.

107 1865 318 1919 CATONIS,
345 1883 475 1925 quem
506 1870 635 1913 modo
663 1871 832 1914 uirum
860 1871 1117 1927 sapientem,
1145 1871 1275 1914 modo
1304 1871 1500 1916 ethicum

0 1936 192 1986 uocat,
233 1935 539 1981 Distichomm
583 1938 880 1982 collectionem
922 1939 1197 1982 notissimam
1244 1940 1498 1996 saepissime

11 2048 15 2050 ,
48 2002 171 2046 citat.
228 2003 295 2046 De
321 2005 512 2048 auctoris
533 2007 709 2050 nomine
738 2010 887 2050 tamen
913 2007 1164 2059 dubitauit;
1203 2008 1306 2050 uide
1332 2008 1497 2051 Polior.

50 2069 125 2112 vii.
146 2084 196 2126 9:
223 2071 289 2113 I‘n
310 2071 455 2115 libello
483 2086 654 2130 quoque
681 2089 770 2130 quo
794 2075 998 2131 paruuli
1026 2075 1291 2118 initiantur
1319 2080 1371 2119 ut
1399 2076 1497 2118 uir-

48 2138 163 2182 tutis
202 2139 444 2183 instructio
486 2145 527 2183 et
564 2155 678 2185 usus
721 2143 881 2186 teneris
919 2142 1110 2187 ebibitus
1148 2143 1325 2187 animis
1353 2143 1497 2199 facile

46 2211 234 2260 πεζικαί
262 2207 503 2252 aboleri..
534 2242 544 2252 .
572 2210 644 2252 ait
682 2210 757 2253 uel
786 2212 892 2254 Cato
921 2211 994 2254 uel
1023 2212 1160 2263 alius,
1191 2226 1306 2255 ‘na-m
1339 2216 1497 2255 auctor

45 2273 246 2318 mcertus
267 2279 338 2319 est.
398 2276 453 2318 In
482 2276 633 2319 eodem
656 2278 848 2334 capitulo
872 2278 1058 2322 fortasse
1081 2279 1318 2337 distinguit
1343 2282 1495 2323 aucto-

8 2342 141 2387 irem
170 2343 480 2387 Distickorum
507 2345 566 2387 ab
598 2348 775 2388 auctore
809 2346 1171 2389 sententiolarum
1205 2348 1318 2391 libro
1351 2349 1495 2405 primo

18 2409 229 2457 Catonis
253 2412 390 2470 uulgo
417 2415 741 2470 praefixamm;
780 2414 883 2457 uide
911 2429 1063 2458 comm.
1085 2415 1194 2458 adt.
1215 2416 1259 2458 ii.
1282 2431 1324 2473 p.
1348 2427 1444 2472 125.
1466 2420 1492 2459 6

7 2482 221 2540 ,nostrae
263 2481 480 2532 editionis,
523 2482 600 2524 ubi
644 2485 794 2525 tamen
837 2484 982 2526 nescio
1024 2498 1083 2526 an
1124 2484 1309 2527 nimium
1358 2486 1491 2528 confi·

11 2516 201 2595 &denter
232 2550 490 2606 scripserim.
549 2551 710 2594 Fateor
741 2566 811 2594 me
839 2552 982 2595 locum
1012 2552 1267 2596 Baehrensii
1301 2554 1348 2596 in
1377 2568 1492 2597 com-

9 2617 260 2660 montario
285 2617 530 2666 adPolicr.
551 2619 596 2663 ii.
619 2630 672 2674 27
697 2619 891 2675 (huiusce
911 2620 1166 2664 editionist.
1187 2621 1214 2667 i.
1235 2636 1277 2679 p.
1301 2623 1396 2677 158.
1419 2626 1489 2676 21)

47 2682 305 2728 referentem
339 2686 368 2728 i.
410 2699 490 2731 222
528 2701 608 2744 pro
645 2687 708 2729 iii.
742 2700 821 2731 222
859 2689 1066 2746 posuisse,
1098 2703 1239 2746 neque
1278 2690 1325 2733 in
1357 2691 1491 2734 corri·

39 2751 285 2808 gandetum
303 2754 502 2813 catalogo
521 2755 831 2802 emendauisse.

1294 2826 1375 2869 xlv
