1878 3172
77 171 176 205 cir.
187 158 239 220 v]
577 156 1009 203 POLICRATIGVS
1539 163 1612 204 521
1631 155 1660 193 b

76 279 328 324 conciliaret
360 278 647 336 fiperatoris,
680 276 865 334 petitam
899 275 953 319 de
991 289 1126 318 manu
1165 274 1338 319 cesaris
1375 274 1524 317 fialam

15 380 18 386 ι
77 349 254 406 recepit,
292 362 472 405 eamque
510 346 701 390 ualidius
742 345 925 403 proiecit
966 345 1014 387 in
1056 344 1359 401 pauimentum
1399 346 1525 387 tanto

76 417 247 474 impetu
281 420 334 460 ut
362 431 440 460 nec
474 415 734 459 solidissima
767 416 813 457 et
843 413 1197 457 constantissima
1225 413 1312 455 eris
1340 412 1526 455 materia

71 485 277 529 maneret
304 485 439 528 illesa.
502 483 637 528 Cesar
664 485 812 526 autem
846 482 903 525 ad
933 482 1040 525 haec
1069 496 1158 524 non
1186 481 1327 538 magis
1353 481 1526 538 stupuit
1544 490 1570 520 c

40 570 62 606 5
78 568 210 610 quam
230 554 423 611 expauit.
461 553 524 596 At
542 552 616 595 ille
635 552 689 595 de
707 553 827 594 terra
845 551 1026 594 sustulit
1044 551 1203 601 fialam,
1219 564 1329 606 quae
1350 549 1526 606 quidem

77 637 167 666 non
210 622 354 666 fracta
391 625 486 665 erat
524 621 600 665 sed
639 621 799 672 collisa,
838 635 887 663 ac
926 620 964 663 si
1003 620 1088 663 eris
1127 619 1376 663 substantia
1417 619 1526 661 uitri

77 691 264 748 speciem
302 691 527 735 induisset.
585 690 754 733 Deinde
792 689 1043 732 martiolum
1077 688 1132 732 de
1165 688 1265 731 sinu
1299 686 1527 745 proferens

77 760 239 802 uitium
259 760 450 803 correxit
469 759 704 816 aptissime,
723 761 769 801 et
794 763 1019 814 tamquam
1045 757 1243 801 collisum
1270 771 1350 799 uas
1369 770 1526 799 eneum

77 829 240 871 crebris
259 828 419 871 ictibus
442 828 676 885 reparauit.
735 828 833 880 Quo
852 827 970 870 facto
996 842 1042 870 se
1068 826 1209 870 celum
1234 825 1355 868 Iouis
1377 828 1527 868 tenere

20 909 63 937 ιο
77 897 319 940 arbitratus
348 901 426 948 est,
455 912 505 940 eo
536 897 652 953 quod
681 896 1029 939 familiaritatem
1059 895 1232 939 Cesaris
1263 898 1308 937 et
1337 894 1526 937 admira-

76 966 242 1010 tionem
261 966 456 1026 omnium
475 981 521 1009 se
540 966 828 1023 promeruisse
847 965 1063 1008 credebat.
1112 964 1199 1007 Sed
1214 978 1336 1007 secus
1355 964 1526 1007 accidit.

16 1075 18 1077 ,
79 1034 309 1088 Quaesiuit
347 1035 463 1077 enim
503 1034 638 1079 Cesar
675 1049 733 1077 an
771 1034 884 1077 alius
922 1034 1053 1077 sciret
1091 1033 1205 1076 hanc
1249 1033 1527 1076 condituram

77 1103 331 1148 uitreorum.
395 1104 522 1156 Quod
560 1118 659 1146 cum
701 1106 895 1160 negaret,
929 1118 1029 1145 eum
1063 1102 1267 1146 decollari
1306 1083 1527 1159 praecepit

78 1171 318 1228 imperator
335 1172 482 1216 dicens
501 1172 616 1228 quia,
636 1172 674 1215 si
693 1173 774 1215 hoc
794 1172 1029 1215 artificium
1048 1171 1349 1222 innotesceret,
1369 1186 1527 1214 aurum

21 1254 63 1292 ³5
80 1244 126 1285 et
149 1244 382 1299 argentum
407 1241 666 1285 uilescerent
692 1241 816 1298 quasi
842 1241 999 1284 lutum.
1056 1240 1129 1282 An
1154 1255 1261 1283 uera
1283 1240 1343 1283 sit
1370 1240 1527 1283 relatio

62 1313 127 1363 :et
149 1310 290 1354 fidelis
316 1311 530 1354 incertum
554 1314 632 1361 est,
653 1314 698 1353 et
727 1310 781 1352 de
811 1309 929 1352 facto
961 1309 1134 1354 cesaris
1163 1309 1327 1352 diuersi
1353 1309 1529 1352 diuersa
1543 1308 1589 1351 d'

79 1379 287 1423 sentiunt.
347 1379 440 1436 Ego
468 1394 574 1422 uero
603 1379 916 1435 sapientiorum
946 1393 1034 1421 non
1063 1378 1368 1435 praeiudicans
1398 1378 1526 1421 intel-

0 1427 2 1526 Ξ
77 1446 211 1490 lectui
257 1447 534 1491 deuotionem
578 1448 771 1504 potentis
819 1447 999 1490 artificis
1047 1447 1160 1489 male
1203 1450 1527 1490 remuneratam

0 1527 2 1575 g
81 1515 280 1566 arbitror,
301 1518 346 1558 et
374 1516 592 1559 inutiliter
619 1516 811 1558 humano
839 1515 988 1572 generi
1018 1518 1307 1572 prospectum,
1330 1530 1430 1558 cum
1455 1530 1527 1558 ars

0 1582 67 1636 Ἰξι»
81 1584 256 1641 egregia
293 1584 436 1628 deleta
473 1585 546 1636 sit,
584 1587 637 1627 ut
675 1584 813 1628 fomes
851 1583 1078 1635 auaritiae,
1110 1583 1322 1640 pabulum
1360 1584 1528 1634 mortis,

62 1653 409 1702 *contentionum
451 1654 800 1710 praeliorumque
840 1667 971 1696 causa
1010 1653 1195 1709 pecunia
1232 1653 1527 1709 pecuniaeque

79 1722 263 1764 materia
288 1726 538 1766 seruaretur
566 1723 613 1764 in
641 1723 794 1778 pretio,
815 1722 931 1778 quod
960 1722 1053 1764 sine
1082 1721 1312 1778 diligentia
1338 1722 1528 1765 hominis

15 1845 21 1850 „
80 1788 227 1832 fuerat
254 1790 472 1840 habitura,
501 1805 600 1833 cum
629 1791 722 1833 sine
750 1805 796 1833 se
825 1805 916 1832 esse
945 1804 1034 1833 non
1067 1790 1206 1847 possit
1240 1805 1352 1846 quae
1381 1805 1527 1833 rerum

11 1851 29 1872 Τ
80 1858 272 1914 pretium
291 1862 367 1901 est.
425 1858 613 1915 Vtique:

23 1961 66 1998 ²5
198 1948 253 1990 In
281 1947 422 2004 pretio
451 1948 641 2004 pretium
669 1963 785 1991 nunc
816 1951 905 2000 est3
939 1949 1018 1990 dat
1046 1963 1199 1991 census
1228 1950 1427 1999 honores,

253 2019 406 2048 census
434 2006 671 2058 amicitias3
699 2021 865 2062 pauper
893 2006 1055 2062 ubique
1084 2006 1209 2049 iacet.

81 2097 230 2155 Longe
244 2098 398 2141 utilius
414 2099 591 2154 quidam
603 2114 775 2141 omnem
789 2100 1017 2141 materiam
1032 2100 1275 2156 iurgiorum
1292 2103 1336 2142 et
1350 2114 1526 2143 causam

81 2167 171 2210 odii
197 2181 224 2209 a
249 2166 340 2209 suis
359 2166 489 2209 rebus
507 2167 693 2223 publicis
714 2168 1005 2210 exterminare
1024 2168 1301 2219 studuerunt,
1319 2171 1372 2210 ut
1395 2183 1526 2212 causa
1543 2178 1621 2219 522
1640 2181 1670 2209 a

81 2235 307 2278 deficiente
327 2235 504 2277 effectus
523 2235 717 2278 malitiae
738 2239 1036 2288 euanesceret;
1066 2237 1193 2292 quale
1217 2239 1284 2279 est
1304 2237 1526 2279 decretum

22 2317 66 2355 ao
82 2302 264 2360 Ligurgi
284 2303 402 2359 apud
422 2303 766 2354 Lacedemonios,
786 2304 891 2346 etin
906 2305 1090 2360 antiqua
1106 2304 1271 2356 Grecia,
1284 2320 1395 2361 quae
1410 2320 1526 2350 nunc

55 2427 60 2435 .
81 2385 204 2429 pars
195 2371 351 2414 Italiae
367 2374 444 2421 est,
457 2371 593 2414 Samii
607 2372 805 2415 doctrina
822 2373 1062 2429 Pitagome,
1075 2373 1150 2429 qui
1163 2373 1527 2416 constitutionum

82 2453 260 2482 suarum
287 2440 440 2482 robore
465 2443 510 2482 et
532 2440 700 2483 uirtute
726 2441 920 2484 traditur
945 2444 1086 2484 totam
1115 2456 1310 2485 seruasse
1337 2442 1526 2487 Italiam.

85 2551 127 2587 13
150 2518 334 2578 uiti-orum
351 2542 391 2578 M
534 2553 575 2589 31
602 2542 794 2590 pictagore
807 2542 842 2580 S¹
846 2543 887 2578 M
1022 2553 1067 2588 32
1091 2545 1212 2580 totam
1227 2544 1390 2581 traditur
1406 2544 1479 2580 ΒΜ

129 2638 174 2673 23
198 2641 278 2664 cum
293 2631 371 2665 sine
386 2641 422 2665 se
439 2631 532 2666 etc..
556 2629 580 2665 i.
588 2640 618 2665 e.
638 2641 717 2664 cum
732 2631 810 2664 sine
826 2630 943 2674 pretio
960 2640 1030 2664 esse
1045 2641 1117 2665 mm
1127 2641 1224 2675 pos-31
1216 2631 1242 2664 it
1253 2632 1419 2675 pecunia,
1437 2643 1528 2678 quae

83 2675 273 2719 spaapreti
273 2689 334 2711 um
351 2682 409 2712 est.
550 2685 600 2730 ²5
620 2677 904 2721 Inpretistoetc
931 2676 995 2712 Ov.
1013 2677 1112 2712 Fast.
1128 2676 1153 2711 i.
1171 2686 1251 2720 217,
1270 2679 1347 2713 218.
1481 2688 1528 2723 30

83 2721 235 2766 Liquryi
252 2725 346 2759 etc.:
371 2735 402 2759 v.
422 2723 550 2759 Iustin.
575 2735 615 2758 ιι.
640 2733 654 2759 1
670 2722 708 2776 ᾗ
735 2733 787 2758 12.
903 2724 943 2758 in
968 2724 1118 2769 antiqua
1142 2726 1213 2760 etc.
1229 2736 1238 2759 ε
1263 2736 1294 2760 v.
1319 2723 1395 2762 Cic.
1423 2726 1525 2762 Tusc.

85 2768 402 2816 Diepmv4§1o;
426 2770 508 2806 Val.
528 2769 928 2814 Max.viii.,.;7ext2
955 2769 1245 2818 Gell.19§12

137 2837 218 2857 ms
752 2830 783 2857 K
810 2817 839 2856 k
1354 2835 1418 2869 2⁴9
