1820 3138
800 103 1249 150 PROLEGOMENA
1303 122 1305 125 ·

299 221 464 279 egregii
491 220 579 263 uiri
606 219 753 264 Caroli
776 219 844 263 W.
872 219 1030 270 Moule,
1056 219 1103 261 in
1131 218 1326 276 Collegio
1355 217 1563 275 Corporis
1589 216 1758 262 Christi

299 290 419 347 apud
432 289 817 346 Cantabrigienses
828 288 1292 340 bibliothecarii,cuius
1303 287 1351 329 in
1363 301 1433 330 me
1445 286 1599 330 fauore
1609 286 1759 344 patuit

298 359 550 402 liberrimus
569 359 626 401 ad
645 358 913 402 Policratici
932 358 1123 401 codicem
1143 355 1528 401 Cantuariensem¹
1549 370 1757 400 accessus,

301 427 525 473 Confiteor
543 442 613 470 me
633 427 680 469 in
703 427 832 470 initio
851 427 995 484 operis
1018 427 1082 469 rei
1102 425 1278 469 criticae
1305 427 1351 468 et
1373 425 1759 482 palaeographicae

301 512 434 554 quam
453 498 615 539 uocant
634 495 744 538 artis
763 510 900 552 paene
920 495 1098 538 omnino
1118 495 1398 550 inexpertum
1413 493 1594 537 editoris
1611 496 1762 551 partes

300 569 466 609 temere
494 565 758 621 suscepisse3
803 579 915 621 quae
950 563 1166 621 quomodo
1201 562 1396 620 agendae
1425 562 1516 605 sint
1548 577 1606 606 an
1643 562 1762 604 inter

302 635 522 693 agendum
556 634 722 677 discere
760 634 979 691 incipiam,
1013 633 1196 676 uideant
1229 632 1262 674 ii
1302 631 1379 689 qui
1417 631 1581 675 librum
1617 631 1762 688 legere

303 705 555 762 dignentur.

991 800 1074 855 ξπ.

361 893 503 936 Venio
530 892 587 936 ad
610 892 807 936 codicum
835 906 944 948 quos
973 892 1030 935 ad
1058 894 1234 936 textum
1263 890 1656 949 recognoscendum
1686 889 1762 932 ad·
1818 907 1820 909 ¹

304 963 430 1006 hibui
451 962 786 1019 descriptionem
802 964 847 1005 et
867 962 923 1004 ad
939 962 1357 1005 demonstrationem
1371 961 1583 1020 siglorum
1604 960 1765 1018 quibus
1819 1016 1820 1020 Ἰ

307 1047 379 1075 eos
399 1031 641 1088 designaui.
1817 1070 1820 1085 ἕ

365 1100 401 1145 C
443 1100 808 1157 (Cantuariensis)
838 1120 879 1138 =
908 1100 1001 1143 cod.
1042 1100 1152 1144 Coll.
1193 1099 1400 1157 Corporis
1440 1098 1607 1143 Christi
1645 1097 1765 1155 apud
1816 1104 1820 1120 ¹·

307 1170 693 1226 Cantabrigienses
719 1171 789 1222 46.
850 1169 1034 1213 Saeculo
1062 1169 1144 1211 xiii
1172 1169 1333 1212 tribuit
1360 1168 1447 1213 Iac.
1476 1168 1687 1211 Nasmith
1714 1167 1763 1209 in
1817 1173 1820 1227 j*

307 1239 507 1296 catalogo
527 1254 565 1282 a.
584 1249 691 1293 1777
710 1239 840 1291 edito,
856 1238 932 1281 sed
948 1253 1047 1281 eum
1067 1241 1113 1281 et
1132 1238 1294 1282 saeculi
1313 1239 1378 1280 xii
1393 1253 1485 1282 esse
1501 1240 1547 1282 et
1566 1252 1590 1280 e
1609 1237 1765 1280 biblio-

307 1310 436 1352 theca
457 1307 673 1351 Ecclesiae
694 1306 862 1351 Christi
878 1307 996 1364 apud
1012 1307 1351 1350 Cantuarienses
1365 1307 1616 1364 prouenisse
1631 1309 1766 1362 atque
1817 1323 1820 1366 3

309 1377 496 1421 eundem
517 1390 608 1419 esse
629 1375 704 1432 qui
725 1375 842 1418 inter
861 1375 996 1419 libros
1023 1376 1067 1419 S.
1089 1377 1281 1419 Thomae
1304 1376 1618 1434 archiepiscopi
1638 1389 1767 1432 repu-
1815 1392 1820 1418 J

308 1449 434 1489 tatur
469 1445 516 1486 in
550 1444 750 1501 catalogo
788 1444 971 1501 antiquo
1010 1445 1274 1488 auctoritate
1312 1445 1495 1488 Henrici
1529 1445 1584 1487 de
1618 1443 1767 1487 Estria
1787 1462 1820 1479 -··

309 1514 439 1558 istius
455 1513 671 1556 Ecclesiae
691 1513 748 1555 ab
767 1527 804 1555 a.
824 1513 934 1565 1284
953 1528 1091 1570 usque
1111 1514 1168 1556 ad
1188 1529 1225 1557 a.
1248 1528 1352 1571 1331
1373 1514 1537 1557 Prioris
1556 1512 1770 1563 confecto,
1818 1565 1820 1568 Ι

310 1582 470 1626 abhinc
497 1582 625 1625 annis
648 1582 795 1625 decem
822 1582 940 1624 uidit
966 1598 1009 1625 v,
1030 1583 1081 1627 cl.
1107 1583 1390 1626 Montacutus
1413 1582 1589 1626 Rhodes
1617 1582 1647 1624 J
1649 1596 1769 1626 ames
1818 1584 1820 1590 '

312 1651 422 1696 0011.
444 1651 621 1708 Regalis
641 1651 758 1707 apud
779 1650 1163 1709 Cantabrigienses
1183 1655 1288 1695 tunc
1308 1652 1451 1695 socius
1469 1651 1599 1695 hodie
1619 1654 1770 1694 autem
1817 1647 1820 1694 ἶ

312 1721 605 1777 Praepositus,
630 1720 706 1776 qui
735 1735 828 1763 rem
857 1721 923 1763 ita
952 1735 998 1763 se
1028 1721 1188 1763 habere
1218 1735 1317 1764 cum
1347 1720 1637 1778 comperisset,
1658 1719 1770 1762 mihi
1818 1727 1820 1771 ξ

313 1805 401 1847 qua
439 1789 746 1832 beneuolentia
788 1804 892 1846 erga
930 1790 1180 1833 litterarum
1215 1790 1433 1833 studiosos
1467 1793 1534 1833 est
1565 1789 1770 1848 protinus
1818 1779 1820 1781 ¹

313 1858 592 1916 significauit.
622 1858 804 1901 Librum
819 1859 1049 1915 descripsit
1064 1859 1180 1901 idem
1194 1873 1204 1911 ;
1224 1874 1266 1903 v.
1279 1859 1362 1902 The
1377 1860 1560 1902 Sou‘rces
1573 1858 1624 1915 of
1631 1857 1772 1901 Arch-
1811 1851 1814 1853 ⁵

314 1927 465 1984 bishop
491 1926 698 1971 Parker’s
722 1927 957 1971 collection
980 1928 1033 1984 of
1053 1927 1180 1971 MSS.
1207 1931 1255 1971 at
1285 1928 1457 1984 Corpus
1481 1927 1647 1972 Christi
1677 1926 1772 1970 Gol-
1805 1927 1807 1931 ’

314 1997 413 2053 leye,
443 1996 719 2052 Cambridye,
744 1995 928 2040 Cantab.
957 1998 1078 2053 1899,
1105 2011 1176 2054 pp.
1197 2006 1236 2052 5,
1260 2010 1312 2042 22
1326 2011 1336 2049 ;
1375 1997 1431 2040 cf.
1460 1996 1546 2041 The
1574 1996 1772 2040 Ancient

313 2065 544 2108 Libraries
571 2067 621 2123 of
637 2065 919 2123 Canterbmvy
938 2067 1036 2110 a'nd
1061 2067 1214 2117 Dover,
1234 2066 1419 2111 Cantab.
1443 2080 1564 2123 1903,
1584 2080 1658 2123 pp.
1679 2065 1772 2115 xlii,

319 2135 385 2188 85,
420 2135 509 2189 158,
537 2147 635 2191 510.
695 2135 1053 2179 Membranaceus
1080 2138 1147 2178 est
1173 2136 1311 2179 codex
1337 2136 1385 2179 in
1411 2135 1518 2179 folio
1543 2135 1774 2179 continens

316 2203 644 2247 Policraticum
659 2207 704 2247 et
718 2204 1041 2261 Metaloyicwm.
1089 2204 1144 2247 In
1161 2204 1236 2248 fol.
1254 2218 1274 2246 1
1292 2205 1457 2262 legitur
1467 2204 1562 2247 Die.
1577 2204 1776 2247 secunda

316 2272 372 2316 D.
402 2273 443 2316 iz·
477 2273 523 2316 G.
554 2289 584 2316 x
613 2273 701 2329 (1.0.
736 2274 1117 2317 demonstrem-ione
1151 2274 1360 2327 secunda,
1390 2272 1680 2317 distinctione
1713 2286 1774 2316 se-

317 2341 485 2392 cunda,
507 2343 661 2398 ργασία
679 2342 861 2395 decimo)
886 2343 1182 2398 policraticus
1207 2342 1426 2386 iohannis
1453 2343 1506 2385 de
1527 2341 1774 2385 samteberz'e.

318 2410 435 2453 Item
454 2411 744 2467 metaloyicon
764 2411 972 2455 eiusdem.
1020 2411 1106 2456 Sci.
1122 2411 1278 2454 Thome
1295 2410 1616 2466 archiepiscopi
1631 2409 1775 2467 (erasa

320 2481 426 2522 sunt
470 2479 576 2522 haec
615 2480 704 2522 tria
747 2480 991 2537 uocabula).
1064 2479 1260 2523 Iudicem
1304 2479 1456 2522 ordine
1499 2474 1796 2536 alphabetico*

319 2548 585 2590 instructum
601 2548 773 2591 addidit
788 2564 944 2591 manus
960 2548 1120 2591 saeculi
1137 2563 1210 2591 XV.
1255 2548 1436 2591 Librum
1453 2547 1648 2605 Collegio
1662 2547 1709 2592 0.
1727 2547 1776 2592 C.

322 2614 509 2660 Cantab.
540 2617 662 2660 dedit
700 2617 953 2660 Matthaeus
993 2617 1158 2659 Parker
1194 2617 1543 2674 archiepiscopus
1582 2616 1776 2660 Cantua·

881 2705 894 2727 ²
917 2704 1013 2743 vide
1031 2704 1049 2752 ξ
1068 2715 1089 2742 2
1107 2703 1218 2741 infra‘.

438 2777 468 2805 x
