1878 3172
205 96 284 137 579
304 96 329 127 c
671 86 932 131 ioANN1s
970 86 1481 132 SARESBERIENSIS
1648 88 1757 151 [mn.
1771 100 1803 134 v

345 220 480 249 manu
518 206 776 264 cuiusquam
805 221 967 250 munus
996 189 1154 265 accepi,
1183 211 1490 287 contempnam
1523 208 1634 252 illud
1672 209 1804 253 hodie
1848 223 1859 259 χ

345 276 663 332 restituamque
682 277 820 321 uobis.
880 277 998 330 Quid
1025 292 1186 334 quaeso
1212 278 1460 335 expressius
1485 278 1572 322 dici
1597 279 1804 336 poterat?
1853 289 1866 332 Γ

346 345 410 388 Vt
434 345 482 387 in
509 360 681 388 summa
706 360 879 388 omnem
906 346 1122 389 auaritiae
1149 347 1439 404 suspicionem
1469 347 1610 399 tollat,
1638 347 1804 390 nullius
1857 330 1866 398 ,ἓξ

300 415 329 455 d
347 414 541 457 muneris
569 415 880 458 conscientiam
914 430 961 458 se
996 415 1122 459 docet
1150 416 1356 460 habuisse
1389 420 1572 474 paratus
1610 420 1804 460 contem·

347 499 481 541 pnere
510 487 556 527 et
584 484 828 535 restituere,
849 485 886 528 si
914 485 1021 542 quid
1050 486 1228 529 omnino
1258 486 1378 544 exigi
1403 489 1562 544 posset.
1610 486 1806 530 Malebat
1823 501 1842 536 5

347 553 464 596 enim
484 553 595 596 iUud
615 553 847 596 restituere
866 554 914 596 in
940 555 1161 611 praesenti
1181 570 1314 612 quam
1332 570 1433 599 cum
1452 556 1598 599 usuris
1624 555 1806 599 reddere

347 622 395 664 in
414 622 580 675 futuro,
594 625 639 665 et
658 626 966 679 contempnere
985 623 1097 666 illud
1116 624 1246 666 hodie
1266 624 1406 667 satius
1425 624 1650 668 iudicabat
1673 638 1807 682 quam

347 692 394 734 in
415 694 650 748 conspectu
669 692 752 734 Dei
773 695 818 735 et
838 692 1034 735 omnium
1054 692 1291 735 electorum
1311 708 1367 736 ex
1387 708 1438 736 ea
1457 708 1589 737 causa
1607 693 1655 736 in
1674 708 1807 736 euum
1865 674 1875 706 ¹

346 761 690 818 contemptibilis
710 776 931 818 apparere.
991 762 1079 804 Sed
1099 762 1207 819 quid
1228 762 1285 805 ad
1305 763 1418 806 hanc
1443 763 1807 806 contestationem
1862 768 1878 813 ³:

347 830 442 873 eius
460 830 688 887 respondit
713 830 921 874 auditori
978 831 1111 876 Audi.
1170 831 1229 874 Et
1255 831 1478 876 dixerunt.
1536 832 1651 885 Qun
1709 831 1807 874 Vti-
1827 803 1878 899 10}

348 914 433 956 que
471 902 593 942 totus
633 899 803 952 Israel;
852 915 955 942 nam
995 900 1053 943 ad
1099 915 1249 944 omnes
1288 915 1532 944 sermonem
1571 901 1807 944 direxerat.
1859 889 1878 926 (Ἴ

349 968 453 1011 Non
483 983 528 1011 es
555 968 884 1025 calumpniatus
914 984 994 1012 nos
1023 984 1165 1027 neque
1195 970 1452 1027 oppressisti
1492 984 1634 1027 neque
1663 969 1809 1028 tulisti

349 1038 404 1081 de
435 1053 571 1081 manu
605 1038 790 1082 alicuius
825 1038 1063 1096 quippiam.
1135 1039 1184 1083 Si
1217 1040 1316 1096 quis
1346 1039 1654 1097 proconsulum
1684 1053 1809 1096 prae·

350 1107 552 1150 sidumue
581 1110 661 1150 aut
689 1107 896 1150 tribunus
927 1110 1007 1151 aut
1035 1109 1233 1151 centurio
1263 1108 1495 1152 decurioue
1523 1111 1604 1151 aut
1631 1107 1811 1151 omnino

351 1177 511 1234 aliquis
569 1177 858 1234 magistratus
904 1178 995 1220 tale
1042 1178 1344 1221 testimonium
1393 1192 1421 1221 a
1467 1177 1810 1235 prouincialibus
1829 1184 1874 1226 133.

203 1249 283 1298 580
305 1258 335 1287 a
352 1246 525 1297 meruit,
545 1247 603 1289 ad
631 1247 904 1303 prouinciam
934 1249 1131 1290 nostram
1161 1261 1322 1304 quaeso
1350 1246 1528 1290 accedat
1556 1248 1609 1289 ut
1637 1251 1832 1305 nostros'
1868 1278 1869 1281 ,

352 1316 505 1359 doceat
543 1316 840 1373 magistratus.
926 1316 1043 1359 Nam
1083 1316 1137 1359 de
1175 1316 1505 1360 uicecomitibus
1543 1318 1589 1358 et
1627 1315 1812 1358 iustitiis

352 1400 475 1442 quae,
495 1387 547 1427 ut
573 1385 749 1441 uulgari
770 1388 921 1428 nostro
940 1388 1054 1436 utar,
1074 1388 1190 1429 recte
1211 1385 1421 1428 dicuntur
1446 1387 1655 1437 errantes,
1674 1383 1811 1427 nichil

351 1455 441 1497 tale
463 1454 656 1506 auditur,
676 1468 726 1496 eo
754 1441 870 1510 quod
899 1454 1093 1511 diligunt
1122 1468 1306 1496 munera
1334 1456 1381 1496 et
1408 1456 1654 1510 sequuntur
1682 1453 1810 1496 retri-

351 1523 566 1573 butiones,
604 1537 684 1566 nec
722 1523 912 1565 liberant
951 1537 1188 1580 pauperem
1226 1537 1254 1565 a
1301 1524 1492 1579 potente,
1529 1522 1726 1565 aduenae
1765 1525 1811 1565 et
1829 1510 1878 1582 ποῖ

351 1592 520 1649 pupillo
551 1606 640 1634 non
671 1591 879 1642 iudicant,
911 1594 956 1635 et
987 1606 1119 1635 causa
1151 1592 1312 1634 uiduae
1343 1606 1432 1634 non
1466 1591 1715 1648 ingreditur
1755 1591 1812 1634 ad

353 1675 435 1704 eos.
465 1694 468 1700 ,
496 1660 631 1703 Porro
659 1675 738 1703 nec
768 1661 933 1704 iudices
963 1661 1241 1704 ecclesiastici
1276 1663 1522 1718 sequuntur
1551 1660 1812 1712 Samuelem,

352 1731 429 1774 sed
449 1732 563 1774 sicut
581 1731 780 1788 populus,
795 1732 856 1774 sic
876 1734 922 1774 et
941 1731 1151 1774 sacerdos.
1208 1730 1264 1772 In
1283 1745 1511 1774 commune
1530 1730 1814 1788 conqueritur
1874 1763 1876 1765 -

354 1801 607 1857 Sapientia:
637 1801 854 1843 Tenentes
882 1801 1024 1858 legem
1052 1800 1303 1843 nescierunt
1327 1813 1424 1853 me3
1457 1800 1676 1857 principes
1703 1798 1812 1843 facti

353 1908 376 1941 4
401 1897 511 1934 docet
527 1909 566 1934 se
586 1897 625 1932 M
769 1906 792 1942 9
815 1896 1130 1934 constitutionem
1146 1896 1186 1932 M
1331 1907 1374 1944 19
1398 1899 1579 1934 secuntur
1595 1896 1636 1932 M
1766 1906 1812 1933 22

354 1947 537 1990 sequntur
551 1945 605 1981 A:
632 1946 809 1981 secuntur
825 1944 865 1980 Μ

404 2037 446 2063 12
471 2029 554 2063 Non
572 2039 608 2062 es
623 2028 890 2072 calumpniam-s
906 2027 1000 2062 eta:
1031 2035 1046 2062 1
1067 2025 1157 2073 Reg.
1174 2025 1237 2062 xii.
1258 2033 1507 2070 4.17
1532 2024 1810 2061 vicecomitibus.

354 2074 516 2120 Angliee
548 2076 711 2119 Shervjffs.
966 2054 1007 2109 18
1033 2079 1122 2109 recte
1153 2075 1327 2109 dicuntur
1355 2078 1535 2108 errantes:
1572 2074 1626 2108 De
1661 2073 1813 2108 iustitiis

354 2123 569 2166 errantibus,
587 2121 747 2175 Anglice
763 2122 914 2166 justice-3
937 2122 978 2156 in
1003 2133 1091 2166 eyre‚
1118 2133 1150 2156 v.
1173 2132 1296 2174 supra
1306 2128 1397 2166 c.15
1421 2120 1505 2165 (576
1518 2119 1584 2165 c);
1610 2119 1659 2155 ad
1684 2130 1813 2156 eorum

352 2169 510 2223 titulum
535 2149 651 2205 simili
675 2168 787 2204 modo
812 2166 950 2204 alludit
972 2168 1105 2205 Petrus
1129 2166 1317 2204 Blesensis
1337 2167 1403 2213 qui
1427 2166 1468 2203 in
1489 2168 1560 2224 Ep.
1580 2174 1623 2212 95
1650 2166 1813 2202 ad·Hen
1867 2206 1870 2211 .

354 2216 473 2252 ricum
502 2216 540 2251 II
562 2216 615 2252 sic
640 2215 770 2252 scribit
797 2215 943 2261 (Migne
963 2217 1004 2251 P.
1027 2217 1071 2251 L.
1094 2214 1198 2251 ccvii.
1221 2214 1324 2260 298):
1362 2216 1465 2260 Ipsos
1488 2215 1584 2250 enim
1600 2215 1814 2250 inmeiat-ios
1866 2224 1871 2260 Γ

352 2276 439 2310 quos
459 2266 665 2309 uulyariter
690 2268 851 2298 errantes
874 2264 934 2298 uel
959 2264 1169 2298 itinerantes
1191 2263 1352 2304 dicimus,
1370 2263 1458 2297 dum
1480 2266 1604 2297 errata
1627 2262 1814 2296 hominum
1833 2302 1836 2304 ,

354 2313 544 2356 diliyenter
575 2312 775 2356 explorant,
808 2312 1020 2356 frequenter
1057 2321 1177 2344 errare
1218 2310 1402 2354 continqit.
1466 2308 1556 2344 Mox
1595 2307 1812 2354 exemplum
1874 2317 1878 2320 ⁴

355 2357 539 2394 Samuelis
562 2358 706 2394 laudat.
755 2357 914 2392 Fatetur
935 2368 973 2392 se
998 2358 1251 2392 Policraticum
1275 2355 1428 2412 legisse
1435 2355 1484 2391 ad
1505 2355 1569 2390 fin.
1590 2356 1661 2400 Ep.
1685 2364 1741 2397 22,
1764 2355 1814 2391 ad
1859 2386 1862 2387 γ

354 2405 532 2441 Nostrum
556 2404 682 2451 ipsum
708 2404 894 2450 scriptae.
921 2404 1073 2439 Librum
1098 2409 1256 2439 uestrum
1272 2406 1315 2439 de
1338 2404 1445 2448 nuqis
1465 2403 1662 2438 curialibus
1685 2403 1815 2447 leyi,et
1857 2412 1862 2419 ·

354 2454 571 2488 mirabiliter
585 2465 639 2487 me
654 2454 800 2497 refecit5
823 2463 912 2486 nam
928 2456 960 2486 et
975 2452 1027 2486 ibi
1042 2453 1177 2497 optima
1185 2453 1311 2496 forma
1328 2451 1542 2486 eruditionis
1555 2454 1605 2485 est
1621 2454 1654 2484 et
1666 2453 1816 2495 propter

355 2501 588 2543 artificiosam
614 2501 874 2534 sententiarum
898 2500 1104 2534 varietatem
1131 2499 1406 2533 inaestimabilis
1429 2498 1580 2532 materia
1611 2497 1691 2532 volu

355 2557 402 2582 2ο
427 2548 580 2581 liberant
597 2548 689 2582 etc:
715 2558 745 2581 v.
766 2545 823 2580 Ps.
839 2545 931 2580 lxxi.
950 2555 1004 2581 12.
1147 2555 1201 2587 20,
1217 2555 1257 2581 21
1278 2547 1484 2580 aduenaeet
1496 2544 1660 2590 pupillo:
1667 2501 1813 2580 uIIdrem.

354 2592 416 2629 vii.
434 2594 457 2629 6
474 2595 514 2628 et
529 2604 641 2639 saepe
659 2592 751 2628 alibi
768 2593 870 2639 apud
886 2592 970 2628 Vet.
989 2591 1087 2628 Test.
1106 2591 1177 2628 scri
1207 2594 1316 2628 tores.
1496 2600 1538 2627 21
1559 2591 1703 2636 pupillo
1719 2592 1812 2627 eta:

356 2639 426 2676 Isa.
444 2639 468 2675 i.
487 2651 543 2685 23.
706 2651 750 2685 23
775 2642 867 2676 sicut
879 2641 1036 2696 populus
1055 2641 1149 2675 eta:
1192 2651 1242 2675 sa.
1261 2638 1357 2674 xxiv.
1366 2648 1408 2692 2.
1568 2647 1614 2682 24
1642 2638 1814 2672 Tenentes
1865 2638 1874 2651 ¹*

356 2689 451 2724 etc.:
479 2687 610 2724 Ierem.
636 2686 676 2723 ii.
701 2689 732 2723 8.
825 2688 1009 2732 principes
1032 2688 1127 2724 etex
1153 2699 1185 2722 v.
1211 2686 1301 2723 Osee
1325 2684 1402 2721 viii.
1426 2694 1460 2730 4.
1500 2686 1689 2731 principes
1710 2686 1813 2720 exsti·

355 2739 476 2770 terunt
490 2739 523 2770 et
538 2746 611 2770 non
627 2735 775 2780 coqnoui
790 2733 901 2781 Vulg.

465 2797 529 2830 352
