1878 3172
183 135 263 178 ⁵0⁷
283 138 309 168 e
651 125 910 170 10ANN1s
950 124 1460 171 SARESBERIENSIS
1592 125 1706 187 [m.
1719 107 1784 172 ⁴111
1833 100 1848 114 ⁴

322 246 495 290 dicente
515 260 561 289 se
581 245 807 289 discedens
834 245 998 289 dixisse
1018 245 1204 303 legitur:
1234 245 1298 289 Vt
1316 248 1369 289 tu
1387 245 1567 304 linguae
1585 249 1702 298 tuae,
1722 248 1784 292 sic

322 330 404 372 ego
443 329 641 358 mearum
679 315 854 358 aurium
902 315 1104 358 dominus
1144 330 1252 358 sum.
1330 315 1568 359 Antitanes
1613 331 1785 374 quoque
1843 350 1850 357 ,

322 384 497 428 cuidam
509 384 691 428 dicenti:
712 384 946 428 Maledixit
957 385 1041 427 tibi
1056 384 1152 435 ille3
1174 384 1277 427 Non
1292 384 1438 435 michi,
1450 385 1610 442 inquit,
1622 385 1699 428 sed
1718 386 1785 428 illi
1842 375 1852 422 ἕ

277 457 307 498 d
324 453 400 509 qui
426 453 474 495 in
500 467 547 496 se
571 453 688 509 quod
715 453 790 496 ille
814 454 964 510 culpat
993 453 1202 510 agnoscit.
1262 452 1361 505 Sed,
1382 452 1466 496 etsi
1491 453 1625 496 michi
1652 454 1786 497 male-
1845 471 1857 499 3.

322 522 465 566 dicere
504 526 639 573 curet,
678 537 768 565 non
807 537 923 573 curo,
965 523 1070 579 quia
1107 522 1288 566 auditus
1326 522 1482 579 lingua
1519 523 1651 566 debet
1693 538 1786 567 esse
1802 540 1823 575 5
1836 520 1857 580 ’ᾖ

322 591 554 642 robustior,
574 605 674 634 cum
694 591 880 648 singulis
901 591 1153 634 hominibus
1175 592 1354 649 linguae
1381 592 1472 635 sint
1490 592 1690 650 singulae
1709 593 1786 636 sed

321 675 450 703 aures
488 660 628 703 binae.
686 660 981 717 Aliquatenus
1023 664 1173 704 tamen
1206 675 1323 712 curo,
1356 661 1462 718 quia
1499 675 1551 704 eo
1574 657 1685 718 'ipso
1715 675 1786 704 me
1850 649 1859 674 ³

323 730 493 773 fatetur
519 745 611 773 esse
637 730 917 786 superiorem,
944 731 1155 787 quoniam
1182 730 1420 787 superioris
1445 744 1655 787 personae
1679 745 1786 774 usus
1851 745 1873 781 ,Α

323 802 392 842 est
437 799 698 842 detractioni
747 799 982 850 subiacere,
1021 799 1245 843 inferioris
1291 799 1467 843 inferre.
1538 799 1785 844 Gauderem
1847 791 1868 836 's

323 869 485 926 itaque,
505 869 591 911 nisi
611 870 797 925 urgente
816 869 1095 912 humanitate
1114 871 1386 926 compaterer
1405 868 1584 912 infelici.
1644 869 1784 913 Item:
1804 883 1875 910 ιο

323 938 452 981 Titus
486 938 640 980 Tatius
678 937 959 980 maledicenti
991 938 1075 980 sibi
1110 938 1300 991 Metello,
1336 938 1493 989 Facile,
1528 938 1686 995 inquit,
1717 943 1786 982 est
1844 937 1871 999 ’ᾗ

324 1007 372 1049 in
402 1021 472 1050 me
501 1007 656 1059 dicere,
685 998 793 1050 cum*
818 1021 898 1050 nec
929 1007 1013 1050 sim
1042 1021 1342 1064 responsurus.
1402 1007 1520 1060 Quid
1549 1006 1786 1051 Xenofon?
1849 1018 1875 1049 a

325 1076 404 1127 Tu,
433 1076 591 1132 inquit,
611 1076 785 1119 cuidam
815 1076 1073 1119 maledicere
1102 1076 1308 1128 didicisti,
1335 1079 1381 1120 et
1409 1091 1490 1134 ego
1519 1077 1786 1120 conscientia
1848 1075 1877 1098 ³²

325 1148 438 1188 teste
463 1145 596 1188 didici
622 1145 857 1188 maledicta
879 1148 1198 1203 contempnere.
1258 1145 1347 1189 Sed
1370 1148 1416 1189 et
1434 1145 1666 1204 Diogenes,
1684 1160 1784 1190 cum

328 1215 368 1258 ei
383 1215 632 1257 nuntiasset
646 1214 835 1258 amicus:
859 1215 932 1265 Te,
948 1215 1097 1266 amice,
1112 1215 1259 1258 cuncti
1271 1215 1555 1272 uituperant3
1585 1215 1784 1272 Oportet,
1805 1226 1873 1272 τεῇ

178 1290 262 1340 508
281 1300 311 1329 a
328 1284 485 1340 inquit,
501 1284 763 1340 sapientiam
778 1284 835 1326 ab
851 1284 1160 1341 insipientibus
1175 1283 1311 1335 feriri,
1324 1299 1416 1327 esse
1431 1284 1548 1327 enim
1562 1284 1788 1327 meliorem
1851 1283 1874 1335 1Ῑέ

328 1353 495 1395 indicat
532 1352 650 1395 mala
688 1352 843 1410 lingua
882 1368 1012 1409 quem
1051 1353 1205 1410 carpit.
1276 1353 1393 1407 Quid
1432 1353 1589 1396 Plato?
1632 1353 1788 1396 Totius
1810 1411 1812 1414 Α
1837 1361 1863 1414 'j

326 1421 628 1478 philosophiae
662 1421 797 1464 robur
834 1422 1052 1478 patientia
1090 1425 1182 1474 est3
1231 1437 1331 1466 cum
1370 1426 1415 1466 et
1458 1422 1661 1466 Socrates
1695 1436 1785 1482 non
1854 1420 1866 1441 ¹

325 1490 455 1533 modo
488 1490 625 1534 uerbo
658 1493 791 1547 neget
821 1491 1064 1547 sapientem
1095 1505 1221 1548 posse
1255 1491 1428 1542 offendi,
1463 1491 1540 1534 sed
1573 1491 1785 1534 aduersus
1850 1483 1866 1533 ἴ

324 1574 498 1602 omnem
525 1559 752 1602 fortunam
778 1560 933 1603 robore
956 1560 1139 1603 uirtutis
1165 1574 1269 1603 suae
1298 1575 1475 1603 manere
1503 1560 1784 1604 immobilem.
1803 1573 1857 1599 ²0

327 1628 386 1671 Et
423 1643 480 1671 ne
518 1628 789 1685 philosophis
827 1629 930 1671 solis
969 1629 1231 1686 patientiam
1270 1629 1332 1672 sic
1370 1628 1585 1686 placuisse
1622 1629 1785 1682 credas,

325 1697 521 1754 ipsorum
550 1698 866 1754 imperatorum
900 1698 957 1740 ad
986 1713 1082 1741 eam
1111 1698 1422 1755 publicandam
1455 1699 1657 1756 exempla
1685 1713 1785 1742 con·

325 1769 524 1810 currunt.
597 1766 653 1809 In
688 1766 844 1809 Grecia
891 1767 989 1824 quis
1020 1768 1160 1810 maior
1194 1770 1275 1810 aut
1308 1767 1467 1810 clarior
1500 1767 1785 1811 Alexandro?

329 1835 382 1878 Ei
403 1835 654 1892 Antigonus
672 1835 925 1893 pedagogus
944 1836 1160 1879 citharam
1185 1836 1322 1894 fregit
1348 1836 1593 1894 abiecitque
1613 1837 1784 1880 dicens:

328 1904 451 1947 Etati
470 1907 574 1947 tuae
593 1904 682 1947 iam
703 1919 887 1962 regnare
902 1905 1120 1958 conuenit,
1131 1905 1381 1962 pudeatque
1395 1906 1443 1947 in
1462 1919 1640 1963 corpore
1659 1905 1785 1963 regni
1802 1914 1859 1953 ἐἴ

326 1973 601 2031 uoluptatem
625 1973 828 2017 luxuriae
851 1973 1079 2017 dominari.
1139 1974 1267 2028 Quod
1293 1977 1340 2018 et
1362 1974 1437 2018 ille
1465 1975 1786 2032 patientissime

330 2119 345 2146 1
370 2091 450 2156 post
465 2109 518 2146 sic
535 2112 618 2146 add.
639 2111 678 2147 et
696 2110 737 2146 M
862 2121 885 2156 9
909 2110 1205 2148 detractionibus
1222 2110 1289 2147 SM
1424 2121 1466 2148 12
1490 2111 1705 2158 Xenophon
1721 2111 1785 2148 M:

329 2158 497 2194 Senofon
515 2157 539 2193 S
666 2167 705 2204 15
733 2157 838 2194 cunti
863 2158 897 2193 A
1006 2168 1049 2194 21
1076 2158 1322 2205 phylosophis
1338 2158 1378 2194 M
1489 2167 1532 2205 25
1558 2158 1636 2195 iam
1652 2158 1729 2196 iam
1745 2158 1786 2194 M

378 2289 399 2314 2
425 2280 638 2314 Antitanes·
675 2277 741 2314 viz.
769 2276 1034 2322 Antisthenes,
1070 2288 1101 2312 v.
1127 2276 1328 2313 Woelfflin.
1365 2278 1463 2314 Gaea.
1496 2277 1598 2313 Balb.
1631 2289 1695 2324 pp.
1729 2288 1784 2323 31,

329 2327 387 2362 60.
558 2336 595 2361 11
628 2326 732 2360 Titus
757 2326 884 2360 Tatius
906 2326 1001 2360 etc:
1038 2337 1070 2359 v.
1096 2324 1298 2361 Woelfflin.
1329 2325 1428 2360 Caec.
1451 2325 1554 2360 Balb
1581 2336 1644 2370 pp.
1670 2327 1701 2368 8,
1733 2326 1786 2368 16,

330 2384 394 2418 31·
386 2401 395 2415 ,
428 2373 508 2408 cod.
539 2371 648 2407 Lind.
680 2374 783 2407 Titus
810 2374 850 2406 in
879 2377 1005 2407 senatu
1036 2373 1148 2407 Lucio
1175 2373 1324 2414 Metello,
1353 2372 1434 2408 cod.
1460 2371 1561 2407 Mon.
1590 2373 1721 2408 Tacius
1745 2373 1786 2407 in

329 2425 456 2455 senatu
489 2421 602 2455 [ascio
630 2420 769 2455 Metello
794 2419 949 2454 habent.
1138 2429 1179 2454 12
1203 2420 1391 2464 Xenofon:
1425 2418 1471 2454 cf.
1500 2418 1601 2454 infra
1631 2418 1707 2454 viii
1744 2428 1784 2465 15

331 2467 413 2511 (775
429 2466 490 2510 c);
525 2478 555 2501 ν.
583 2466 782 2502 Woelfflin.
810 2468 907 2502 Caec.
942 2466 1044 2501 Balb.
1075 2476 1139 2510 pp.
1167 2467 1200 2510 8,
1233 2467 1286 2509 16,
1321 2475 1377 2510 31,
1412 2475 1468 2511 39,
1503 2465 1570 2506 60;
1607 2467 1788 2511 Ayellium

330 2513 424 2549 citat
449 2513 629 2548 Burlaeus
661 2515 702 2548 de
734 2515 813 2548 uita
839 2518 871 2548 et
903 2514 1058 2548 moribus
1086 2514 1379 2558 philosophorum
1403 2523 1435 2548 e.
1468 2522 1523 2557 32,
1550 2523 1625 2547 non
1658 2514 1788 2550 tamen

331 2560 431 2605 apud
464 2559 629 2596 Gellium
662 2559 859 2595 historiam
894 2559 1006 2595 istam
1045 2559 1221 2595 invenies.
1436 2569 1479 2603 14
1516 2561 1713 2603 Dioyenes:
1754 2571 1788 2596 v.
1854 2556 1855 2560 ’

331 2606 534 2642 Woelfflin
562 2609 659 2642 Caec.
686 2608 787 2642 Balb.
814 2619 849 2653 p.
878 2617 933 2652 34.
1111 2615 1151 2650 17
1176 2607 1283 2642 totius
1299 2606 1392 2642 etc.:
1417 2618 1448 2641 v.
1466 2604 1666 2641 Woelfflin.
1690 2608 1787 2643 caeo.

331 2655 434 2689 Balb.
453 2655 563 2699 p.64.
663 2655 703 2689 18
729 2655 890 2689 Socrates
905 2655 974 2689 etc.
992 2666 1000 2689 ε
1025 2665 1057 2689 v.
1074 2652 1277 2689 Woelfflin.
1296 2655 1394 2689 Caec
1413 2654 1517 2688 Balb.
1533 2665 1570 2699 p.
1593 2663 1646 2697 14.
1741 2663 1787 2698 24
1852 2676 1861 2707 ἰ

331 2701 535 2745 Antiyonus
563 2701 653 2736 eto:
689 2711 720 2736 v.
748 2700 949 2737 Woelfflin.
981 2702 1079 2737 Caec.
1109 2701 1212 2737 Bazb.
1240 2711 1279 2746 p.
1311 2710 1368 2746 33.
1544 2708 1588 2745 25
1621 2711 1786 2746 corpore:

331 2749 446 2793 capite
462 2746 586 2793 legere
603 2746 713 2783 malit
728 2747 972 2784 Woelfflinus.

473 2828 489 2851 a
498 2827 539 2860 24
