1878 3172
97 603 180 643 539
201 604 231 633 a
395 592 628 638 INCIPIT
658 592 840 636 LIBER
870 591 1143 646 QUINTUS
1174 590 1572 636 POLICRATICI.

863 743 1111 775 PROLOGUS.

307 836 415 882 NON
446 836 590 879 solent
623 836 680 879 ad
709 850 904 893 unguem
930 836 1118 893 grandia
1144 836 1238 879 sine
1267 851 1391 879 mora
1416 835 1608 887 lustrari,
1635 849 1715 879 nec

248 905 379 949 facile
418 909 485 949 est
527 906 856 963 prouinciarum
894 905 1218 963 longitudinem
1263 909 1309 949 et
1346 906 1629 950 latitudinem
1667 906 1715 948 in

247 978 471 1019 momento
501 979 810 1019 transcurrere.
885 975 958 1019 Sic
989 991 1059 1019 res
1092 991 1255 1033 magna
1289 975 1506 1019 succincte
1537 976 1714 1033 quidem
1732 986 1753 1021 5

249 1061 276 1088 a
295 1046 494 1103 sapiente
513 1046 737 1089 interdum
757 1046 1030 1102 proponitur,
1054 1046 1131 1088 sed
1156 1060 1399 1102 numquam
1419 1045 1612 1102 perfecte
1632 1045 1715 1088 sub

249 1115 457 1172 angustia
472 1115 684 1158 sermonis
699 1115 838 1158 nimia
852 1115 1128 1172 explanatur.
1189 1114 1307 1167 Quid
1322 1117 1471 1157 autem
1491 1115 1539 1156 in
1559 1115 1713 1158 huma-

248 1185 318 1227 nis
337 1184 468 1227 rebus
488 1184 631 1227 maius
651 1186 719 1227 est
746 1185 1011 1241 principatu,
1031 1184 1156 1227 cuius
1182 1183 1371 1227 officium
1395 1182 1715 1240 quodammodo

249 1253 398 1296 omnia
430 1253 587 1296 circuit
618 1253 773 1310 implet
803 1256 848 1296 et
876 1256 1081 1310 penetrat
1111 1255 1156 1295 et
1186 1252 1311 1309 quasi
1346 1252 1502 1295 robore
1530 1251 1714 1295 uirtutis
1779 1243 1783 1247 ⁴

249 1338 355 1366 suae
383 1323 522 1366 totius
552 1323 615 1366 rei
642 1323 843 1379 publicae
872 1323 1031 1366 molem
1061 1323 1245 1379 portat?
1305 1322 1412 1365 Eius
1438 1322 1588 1378 itaque
1612 1336 1712 1365 con·
1732 1329 1774 1354 10
1819 1363 1825 1367 .

248 1392 480 1448 templatio
499 1394 693 1434 tractum
713 1392 847 1434 habet
867 1395 912 1434 et
931 1406 1100 1434 moram
1120 1391 1262 1448 exigit
1287 1394 1385 1433 tum
1409 1406 1515 1447 prae
1543 1390 1713 1448 magni-

250 1461 405 1504 tudine
425 1461 494 1504 sui
514 1464 611 1504 tum
630 1475 736 1517 prae
755 1464 990 1504 uenustate
1020 1476 1154 1518 quam
1178 1461 1226 1503 in
1252 1460 1396 1517 capite
1423 1459 1487 1503 rei
1513 1461 1714 1517 publicae

250 1530 487 1573 iocundum
520 1533 587 1572 est
618 1530 821 1572 omnibus
852 1530 1151 1587 contemplari.
1211 1530 1411 1572 Modesta
1437 1544 1542 1586 ergo
1569 1529 1714 1573 breui-

250 1601 344 1641 tate
365 1598 412 1641 in
439 1598 710 1655 inspiciendo
733 1613 912 1656 corpore
940 1599 1034 1642 eius
1062 1599 1357 1648 immoremur,
1377 1601 1423 1641 et
1446 1598 1553 1655 quid
1582 1613 1716 1655 super

204 1657 233 1695 b
251 1667 332 1710 hoc
349 1667 579 1711 Plutarcus
598 1671 773 1711 censeat
789 1668 1007 1711 audiatur.
1066 1668 1184 1710 Nam
1200 1668 1389 1711 deducta
1402 1667 1714 1724 superstitione
1733 1675 1775 1711 Ῐ5

251 1736 485 1793 gentilium
505 1737 648 1780 fidelis
667 1741 734 1780 est
754 1738 801 1780 in
821 1737 1064 1788 sententiis,
1084 1738 1132 1779 in
1161 1737 1309 1780 uerbis
1330 1737 1580 1780 luculentus
1601 1739 1646 1780 et
1665 1736 1714 1778 in

255 1879 283 1906 1.
312 1879 332 1903 2
358 1868 557 1914 Incipiunt
579 1868 749 1915 capitula
773 1867 876 1903 Libri
897 1868 941 1904 V.
962 1874 994 1904 et
1014 1873 1092 1913 post
1111 1869 1274 1914 capitula
1300 1867 1522 1913 Expliciunt
1546 1866 1715 1913 capitula

251 1915 361 1951 GBS:
400 1915 595 1961 Incipiunt
628 1915 797 1962 capitula
828 1915 917 1951 libri
951 1915 1087 1960 quinti.
1120 1921 1153 1950 et
1184 1921 1261 1961 post
1294 1917 1456 1961 capitula
1489 1914 1714 1961 Expliciunt

250 1963 422 2009 capitula,
437 1963 526 1999 libri
543 1963 670 2009 quinti
687 1963 744 1998 M:
772 1962 912 2009 Incipit
929 1962 1086 1999 LiberV
1101 1962 1283 2008 Prologus
1299 1961 1351 1998 C:
1377 1961 1518 2008 Incipit
1534 1961 1713 2009 prologus

249 2010 339 2046 libri
359 2009 393 2046 V
410 2010 558 2054 (Quinti
583 2010 638 2050 M)
658 2011 752 2046 BM:
786 2010 929 2056 Incipit
954 2010 1068 2046 Liber
1092 2010 1253 2054 Quintus
1275 2009 1335 2047 AS
1476 2018 1497 2054 7
1522 2009 1564 2045 in
1579 2021 1647 2047 om.
1672 2008 1713 2044 M

253 2068 308 2103 14,
329 2067 368 2104 15
396 2058 590 2104 plutarcus
606 2070 719 2105 super
733 2058 806 2094 hoc
824 2057 915 2094 0¹8:
943 2057 1170 2095 Plutarchus
1187 2057 1226 2093 M

300 2197 340 2234 15
359 2190 551 2225 Plutarcus
565 2201 573 2224 τ
598 2187 757 2225 Nonnisi
772 2188 813 2224 in
827 2188 996 2225 hocloco
1010 2188 1164 2225 Ioannis
1177 2190 1300 2225 exstat
1317 2188 1524 2234 quidquam
1536 2189 1582 2225 de
1595 2190 1713 2226 libello

247 2237 310 2282 qui
334 2237 549 2272 inscribitur
568 2238 756 2272 Institutio
784 2238 941 2272 Traiani
966 2236 1082 2275 (infra
1109 2246 1180 2282 540
1190 2237 1248 2281 A).
1296 2235 1367 2280 Qui
1400 2236 1606 2273 Plutarcho
1637 2235 1712 2282 ipsi

249 2284 341 2318 dum
365 2283 521 2320 minime
547 2283 811 2320 attribuendus
831 2285 900 2327 est,
919 2283 1031 2330 plane
1053 2286 1184 2320 tamen
1209 2295 1231 2319 a
1254 2283 1488 2330 temporibus
1511 2282 1553 2319 in
1577 2283 1711 2329 quibus

249 2331 372 2366 adhuc
398 2331 552 2366 florebat
578 2330 711 2377 religio
735 2329 926 2376 antiquior
950 2343 1027 2367 non
1052 2333 1108 2367 est
1137 2330 1290 2367 alienus.
1351 2330 1556 2368 Auctorem
1584 2330 1711 2368 nescio

249 2389 362 2422 quem
384 2378 431 2414 de
454 2377 658 2414 Plutarcho
678 2378 790 2414 hodie
813 2389 889 2413 non
914 2380 1127 2414 exstantem
1152 2377 1325 2414 habuisse
1347 2377 1525 2414 Nostrum
1547 2389 1594 2414 ex
1612 2380 1710 2414 Poli-

248 2437 296 2460 ον.
314 2424 391 2459 viii.
415 2435 467 2470 13,
489 2436 531 2469 19
550 2427 634 2470 (764
652 2435 687 2467 Β,
707 2434 774 2470 792
792 2426 836 2466 A)
860 2425 1069 2471 suspicatus
1092 2437 1173 2460 sum
1191 2439 1199 2467 ;
1225 2437 1258 2460 ν.
1280 2426 1455 2460 Classical
1477 2427 1615 2461 Review
1639 2425 1710 2462 Iul.

251 2473 339 2516 1897
354 2470 417 2513 (xi.
431 2484 466 2517 p.
482 2472 579 2517 306).
609 2472 665 2509 De
678 2475 905 2508 Institutione
920 2474 1075 2508 Traiani
1086 2471 1275 2508 sententia
1286 2471 1568 2517 Wyttenbachii
1583 2475 1710 2518 (quam

249 2518 384 2554 citavit
402 2518 653 2555 Bernardakis
670 2519 709 2554 in
726 2519 782 2556 ed.
807 2519 992 2556 Teubner.
1012 2522 1106 2555 tom.
1129 2519 1188 2556 vii.
1213 2531 1248 2565 p.
1272 2520 1355 2564 183)
1375 2519 1468 2555 haec
1492 2521 1549 2555 est
1569 2519 1707 2564 (Praef.

249 2565 298 2600 ad
323 2565 567 2601 Plutarchum
623 2593 631 2602 .
655 2566 773 2610 lxix):
801 2566 962 2602 ‘librum
986 2566 1096 2602 illum
1121 2567 1167 2602 ab
1187 2566 1331 2602 incerto
1353 2565 1506 2602 homine
1530 2566 1710 2602 Latinum

249 2611 363 2647 fuisse
382 2612 526 2647 factum
545 2626 564 2649 e
617 2625 724 2650 raeco
741 2627 748 2649 :
775 2613 959 2650 Graecum
983 2613 1098 2650 fuisse
1116 2613 1421 2650 consarcinatum
1439 2625 1458 2650 e
1476 2613 1710 2650 Plutarcheis

247 2661 613 2704 Apophtheymatibus
625 2663 663 2697 et
673 2660 757 2696 aliis
770 2660 966 2697 Plutarchi
977 2661 1104 2696 libris:
1124 2673 1213 2697 nam
1226 2660 1363 2696 Latina
1373 2659 1540 2706 quamvis
1555 2660 1710 2697 inficeta

248 2705 523 2751 interpretatio,
541 2709 671 2744 tamen
688 2708 805 2744 habet
822 2719 946 2744 rerum
962 2708 1054 2744 satis
1071 2710 1175 2744 certa
1192 2706 1332 2743 indicia
1349 2719 1443 2752 quae
1462 2707 1707 2744 Plutarchum

244 2753 437 2798 prodant:
480 2765 524 2788 ex
556 2753 614 2790 his
645 2754 768 2801 igitur
798 2754 949 2791 laciniis
980 2754 1117 2800 aliquis
1151 2754 1336 2801 posterior
1367 2753 1570 2790 Graeculus
1596 2754 1707 2792 istam

248 2801 385 2846 reyiam
401 2801 669 2837 Institutionem
690 2804 855 2846 Traiani,
874 2802 942 2839 sub
959 2802 1112 2839 nomine
1129 2800 1338 2845 Plutarchi,
1359 2801 1593 2848 composuit!

357 2865 423 2899 280
