1878 3172
159 158 237 206 461
256 156 285 196 d
627 150 890 196 IOANNIS
931 149 1445 194 SARESBERIENSIS
1598 148 1709 210 [Lm.
1725 161 1768 195 11

301 272 415 317 Cum
444 272 657 315 aduersus
687 271 981 315 Niuicollinos
1011 270 1216 313 Britones
1245 271 1368 328 regia
1398 272 1512 313 esset
1541 269 1767 327 expeditio

299 342 591 399 producenda,
630 342 678 384 in
718 356 805 398 quo
844 343 890 383 te
940 339 1167 383 consultus
1214 354 1405 396 aruspex
1453 339 1766 396 praemonuit?

299 411 503 467 quamuis
523 411 580 453 ab
600 425 651 453 eo
671 410 876 453 ueritatis
896 409 1139 451 archanum
1167 423 1257 451 non
1278 407 1417 451 fuerit
1442 408 1679 464 inquirend
1692 422 1769 450 um

300 480 376 536 qui
411 479 650 523 excubitali
685 478 893 535 obsequio
928 477 1213 520 concinnator
1242 477 1392 533 potius
1425 476 1642 520 mendacii
1677 491 1766 520 cre-

150 555 235 602 462
254 563 284 592 a
301 549 471 592 dendus
520 551 616 591 erat
666 563 799 604 quam
847 547 1043 590 occultae
1088 547 1293 590 ueritatis
1336 547 1581 603 interpres3
1630 546 1766 602 uulgo
1786 560 1807 593 5

300 618 518 674 siquidem
564 632 664 660 cum
711 616 810 673 quis
851 615 1095 659 mentiendi
1133 618 1241 658 nota
1283 615 1489 665 inuritur,
1529 614 1615 658 dici
1655 615 1767 658 solet

300 687 405 744 quia
440 687 597 743 quouis
631 686 799 729 excubo
833 685 1017 742 uigiliue
1051 685 1303 728 mendacior
1334 687 1413 727 est.
1473 684 1589 727 Item
1623 684 1766 727 chiro-

263 758 265 765 ’
299 757 577 799 nomanticus
612 755 839 799 adhibitus
874 758 919 798 et
953 755 1180 797 consultus
1214 754 1322 811 quid
1353 753 1572 797 contulit?
1647 753 1766 796 Nam

300 825 383 868 sub
410 840 461 868 eo
487 825 674 868 articulo
699 827 897 880 uterque,
918 824 1116 880 quisquis
1146 823 1227 867 hoc
1258 823 1410 881 egerit,
1430 823 1657 867 consultus
1686 825 1765 865 est.

299 894 368 937 Tu
398 895 574 951 quidem
601 894 752 951 paucis
782 894 936 936 diebus
966 893 1125 949 elapsis
1146 893 1272 950 quasi
1298 893 1472 936 stellam
1495 892 1763 935 matutinam
1788 905 1828 927 10

297 964 472 1021 generis
514 964 582 1006 tui
628 978 717 1006 non
764 962 1065 1020 praemonitus
1111 962 1355 1019 perdidisti.
1435 961 1605 1012 Cetera,
1653 975 1765 1018 quae

298 1034 455 1076 melius
494 1033 623 1083 nosti,
663 1032 851 1075 scienter
882 1034 1033 1084 taceo3
1082 1046 1182 1074 cum
1217 1031 1292 1074 isti
1327 1031 1530 1075 uanitate
1564 1046 1644 1074 sua
1675 1045 1765 1074 me-

298 1102 471 1145 ruerint
509 1116 565 1144 ne
603 1101 791 1143 ulterius
830 1101 1128 1143 consulantur.
1203 1100 1533 1143 Phitonicorum
1572 1115 1680 1143 uero
1715 1115 1766 1143 eo

299 1170 582 1227 perniciosior
602 1173 670 1213 est
695 1170 971 1220 consultatio,
993 1183 1079 1226 quo
1106 1168 1284 1212 fallacia
1312 1169 1608 1226 malignorum
1637 1168 1766 1226 spiri-

298 1243 428 1282 tuum
451 1239 499 1281 in
518 1239 592 1298 “his
617 1238 895 1281 manifestior
914 1241 981 1281 est
1012 1238 1099 1294 qui,
1120 1238 1214 1280 siue
1243 1237 1520 1281 mentiantur
1547 1237 1642 1280 siue
1666 1252 1766 1288 non,
1788 1248 1824 1280 Ῐ5

298 1308 346 1350 111
386 1308 610 1364 proposito
650 1322 821 1364 semper
859 1307 1025 1350 habent
1057 1309 1109 1349 ut
1140 1309 1339 1350 noceant.
1400 1306 1582 1348 Fallunt
1616 1309 1766 1349 autem

298 1377 523 1419 interdum
562 1377 710 1420 studio
750 1375 945 1426 fallendi,
984 1375 1209 1418 interdum
1248 1375 1446 1419 cecitatis
1484 1390 1590 1418 suae
1620 1390 1766 1418 errore

299 1446 496 1502 decepti3
535 1445 581 1487 id
601 1448 751 1488 tamen
779 1448 919 1502 agunt
943 1444 1116 1487 assidue
1143 1447 1196 1486 ut
1222 1444 1476 1487 futurorum
1502 1444 1663 1487 conscii
1686 1458 1767 1501 per

252 1519 281 1556 b
300 1515 448 1558 omnia
487 1515 736 1557 uideantur.
795 1514 906 1556 Inde
946 1516 1013 1556 est
1052 1513 1170 1569 quod
1204 1513 1496 1571 ambiguitate
1527 1514 1764 1556 uerborum

299 1584 557 1627 obnubilare
587 1584 769 1626 student
797 1583 974 1626 oracula
1003 1585 1066 1633 ut,
1087 1597 1187 1625 cum
1215 1583 1446 1626 mendaces
1475 1585 1555 1625 aut
1584 1582 1764 1626 fallaces
1785 1592 1828 1615 ²0

299 1653 473 1695 inuenti
512 1652 692 1703 fuerint,
732 1653 880 1708 aliquo
919 1651 1104 1694 rationis
1144 1652 1394 1695 uelamento
1433 1666 1558 1694 suam
1598 1656 1764 1708 queant

300 1722 416 1765 tueri
457 1721 689 1764 fallaciam.
749 1721 822 1764 Sic
861 1721 1016 1777 utique
1051 1720 1206 1763 fallere
1241 1736 1330 1764 non
1364 1721 1595 1772 desistunt,
1627 1721 1765 1765 donec

299 1791 524 1834 auditores
553 1805 655 1834 suos
684 1790 976 1848 praecipitent
999 1789 1047 1832 in
1074 1790 1261 1833 ruinam.
1321 1789 1406 1834 Cm·
1427 1790 1544 1833 enim
1571 1805 1598 1833 a
1619 1791 1763 1834 seculo

298 1862 455 1903 uatum
484 1860 690 1916 profuere
725 1859 962 1916 responsa‘ss
1023 1858 1212 1902 Cresone
1241 1874 1299 1902 an
1327 1859 1452 1902 Pirro
1482 1862 1561 1902 aut
1590 1873 1763 1916 praece-

298 1929 499 1972 dentium
539 1931 619 1971 aut
657 1928 1019 1984 subsequentium
1063 1928 1301 1984 cuiquam?
1378 1928 1485 1971 Dux
1528 1928 1763 1971 Thebanus
1784 1934 1825 1968 25

299 1998 406 2041 dum
445 1998 500 2041 de
539 1997 715 2041 oraculo
754 2000 902 2054 sperat
940 1997 1185 2048 uictoriam,
1225 1997 1380 2041 fratris
1419 2012 1626 2040 mucrone
1656 2012 1763 2054 -per-

300 2067 481 2110 foditur.
542 2067 595 2109 Ei
634 2069 784 2109 tamen
823 2081 935 2109 auus
975 2066 1109 2109 Laius
1142 2081 1364 2110 successus
1403 2066 1507 2110 belli
1541 2067 1664 2109 uisus
1696 2070 1765 2109 est

298 2187 322 2222 4
347 2176 537 2213 excubiali
553 2175 621 2212 Ms
732 2175 860 2223 potius
877 2187 944 2212 om.
963 2174 1003 2210 M
1162 2185 1183 2221 7
1210 2175 1504 2213 chiromanticus
1523 2175 1564 2212 S¹

299 2224 526 2261 consultatio
543 2226 599 2260 est
615 2223 648 2260 A
762 2234 805 2260 21
833 2225 998 2270 quaeant
1015 2222 1103 2259 SM:
1129 2225 1293 2269 querant
1309 2223 1342 2260 A
1461 2234 1508 2260 22
1533 2222 1704 2260 fallatiae
1720 2185 1764 2258 1M

350 2326 366 2352 1
397 2317 488 2352 Cum
516 2318 693 2352 aduersas
718 2318 814 2354 eta:
849 2315 905 2352 De
935 2315 1094 2353 Hem-ici
1122 2316 1170 2352 ΙΙ.
1202 2314 1445 2362 expeditione
1473 2314 1515 2351 111
1543 2326 1576 2351 a.
1612 2324 1700 2361 1157
1729 2327 1763 2352 v.

300 2362 443 2399 Girald.
470 2363 596 2399 Camb.
623 2365 712 2399 ltin.
741 2364 860 2400 Camb.
886 2363 926 2399 ii.
955 2373 975 2407 7
1004 2364 1101 2409 (Rozz
1121 2366 1237 2400 Series
1260 2374 1302 2399 21
1317 2363 1342 2399 f
1345 2364 1357 2409 )
1376 2365 1476 2399 Ann.
1507 2363 1625 2399 Gamb.
1644 2364 1702 2407 (R.
1726 2364 1763 2399 S.

299 2412 362 2456 20)
393 2413 504 2446 Brut·
491 2424 545 2455 --y
552 2413 591 2446 T
580 2423 779 2456 swoysoyton
814 2410 871 2447 ed.
900 2410 1104 2455 WilliamS,
1130 2423 1166 2456 p.
1130 2412 1264 2456 p189
1290 2411 1348 2456 (R.
1377 2411 1412 2446 S.
1444 2409 1514 2454 17).
1579 2409 1763 2445 Thomam

299 2457 570 2493 cancellarium
587 2469 673 2494 cum
688 2469 776 2504 rege
793 2457 834 2493 in
857 2457 1035 2504 Angliam
1061 2460 1146 2504 post
1170 2457 1311 2494 bellum
1337 2457 1518 2493 redeunte
1542 2455 1583 2492 in
1607 2455 1763 2493 civitate

300 2504 487 2540 Cestrensi
503 2504 665 2540 adfuisse
683 2507 831 2541 constat
850 2505 923 2551 (Ey
925 2507 1002 2547 ton,
1024 2506 1135 2541 Court
1151 2508 1195 2550 of
1204 2506 1331 2550 Henry
1345 2505 1400 2547 II,
1417 2516 1453 2550 p.
1472 2504 1558 2549 29);
1582 2503 1698 2539 etiam
1721 2503 1764 2540 in

299 2551 480 2587 Walliam
497 2551 710 2597 profectum
729 2563 805 2588 esse
822 2564 869 2588 ex
884 2552 954 2588 hoc
971 2552 1053 2588 1000
1070 2551 1164 2588 certi
1185 2551 1279 2587 facti
1296 2563 1433 2587 sumus.
1560 2561 1604 2586 10
1624 2552 1763 2586 stellam

300 2601 540 2635 matutinam:
568 2600 696 2652 forsan
719 2599 846 2635 intelli
849 2599 1015 2645 gendum
1040 2602 1096 2635 est
1118 2599 1163 2635 de
1187 2598 1351 2635 Henrico
1374 2596 1529 2634 Henrici
1551 2597 1569 2632 I
1589 2608 1635 2633 ex
1656 2597 1764 2634 Nesti

302 2645 415 2699 Rbesi
428 2645 608 2699 principis
623 2646 823 2683 Britonum
839 2646 954 2692 (Rhys
967 2658 1016 2693 ap
1029 2646 1210 2691 Tewdwr)
1221 2645 1301 2681 filia
1313 2647 1351 2682 et
1364 2644 1510 2682 Giraldi
1524 2643 1762 2681 Cambrensis

299 2692 384 2728 avia
400 2692 488 2735 filio,
508 2693 574 2738 qui
590 2693 630 2728 in
648 2693 893 2748 expeditione
908 2706 940 2730 a.
961 2702 1048 2739 1157
1066 2693 1288 2730 interfectus
1305 2694 1372 2730 est.
1505 2702 1546 2736 13
1563 2693 1763 2728 Phitonieo-

299 2752 403 2775 rum.
429 2752 461 2775 v.
477 2751 591 2793 supra
607 2739 630 2775 i.
653 2751 693 2776 12
712 2752 798 2776 cum
814 2740 942 2777 notis
931 2753 972 2776 m
988 2740 1057 2777 loc.
1179 2750 1227 2784 24
1253 2741 1404 2775 Cresone
1419 2751 1470 2774 an
1486 2740 1592 2775 Pirro
1609 2740 1703 2775 eta:
1728 2750 1760 2774 v.

300 2786 376 2824 Cic.
396 2789 439 2823 de
457 2788 539 2823 Div.
555 2786 594 2823 ii.
609 2788 675 2834 565
701 2787 858 2825 Hieron.
875 2790 1005 2825 Comm.
1019 2790 1060 2824 in
1076 2788 1126 2824 Is.
1140 2786 1204 2824 xli.
1218 2797 1259 2823 21
1283 2786 1427 2834 (Migne
1443 2788 1485 2823 P.
1497 2787 1540 2823 L.
1553 2785 1648 2822 xxiv.
1662 2765 1762 2832 4i9).

412 2868 476 2902 ¹44
