1878 3172
144 171 227 212 434
245 162 275 202 b
619 157 879 203 10ANN1s
919 156 1432 202 SARESBERIENSIS
1582 156 1692 218 [mn.
1709 169 1751 203 11

286 281 604 338 exequendum,
638 294 738 324 cum
773 281 870 322 tota
904 278 1157 321 huiusmodi
1191 279 1252 322 sit
1290 279 1442 337 inepta
1474 280 1670 332 traditio,
1704 283 1751 324 et

285 365 428 408 uagus
448 350 744 394 coniectorum
763 349 876 391 liber
895 363 974 405 per
993 348 1263 391 curiosorum
1287 349 1750 407 manusvimpudenter

285 419 516 463 discurrat.
602 419 776 462 Habuit
824 433 930 461 sane
979 417 1139 460 Daniel
1186 418 1379 475 gratiam
1426 419 1750 476 interpretandi

284 489 476 532 uisiones
497 491 543 532 et
568 488 748 538 somnia,
769 502 902 544 quam
923 487 963 530 ei
991 487 1208 530 Dominus
1228 487 1501 544 inspirabat3
1529 488 1606 531 sed
1631 488 1750 532 absit

282 561 336 602 ut
355 559 601 601 uanitatem
628 558 741 600 hanc
761 557 808 598 in
827 559 969 599 artem
997 556 1216 613 redegerit
1242 557 1315 599 uir
1340 560 1530 608 sanctus,
1550 557 1627 614 qui
1652 557 1748 615 lege
1766 573 1786 607 5

283 627 430 684 Moysi
463 627 735 684 prohibitum
771 640 864 669 esse
897 627 1094 676 nouerat,
1129 640 1186 668 118
1216 626 1414 669 fidelium
1445 627 1544 683 quis
1578 625 1750 669 somnia

243 712 268 741 c
284 699 541 754 sequeretur
553 710 563 749 ;
612 696 751 739 sciens
790 695 945 751 utique
985 694 1223 738 satellitem
1271 695 1495 739 Sathanae
1541 695 1598 738 ad
1646 695 1748 738 sub-

204 777 206 779 ’
283 767 531 809 uersionem
580 765 809 808 hominum
849 764 897 806 in
936 764 1143 821 angelum
1192 764 1303 808 lucis
1341 765 1663 823 transfigurari,
1702 766 1748 808 et

283 835 573 879 immissiones
603 835 699 878 fieri
729 849 808 891 per
836 834 1016 891 angelos
1045 833 1195 877 malos.
1255 834 1415 891 Ioseph
1444 849 1618 891 quoque
1645 848 1747 878 con-

281 905 474 948 iectandi
523 904 670 962 gratia
719 904 887 961 Egypti
936 903 1236 960 principatum
1274 903 1480 955 obtinuit,
1521 906 1567 947 et
1614 918 1745 960 quem
1765 917 1808 942 10

282 974 444 1017 fratres
472 974 597 1031 quasi
626 974 681 1017 de
710 973 882 1016 inuidia
910 973 1181 1016 somniorum
1209 973 1442 1016 uenditum
1469 973 1747 1016 Hismaelitis

281 1044 522 1086 obnoxium
562 1043 761 1086 fecerant
799 1042 1019 1093 seruituti,
1050 1043 1218 1100 digitus
1257 1042 1438 1086 Domini
1474 1057 1565 1086 non
1598 1042 1746 1086 minus

280 1112 468 1156 iocundo
500 1127 633 1170 quam
663 1112 830 1155 salubri
861 1112 1086 1168 mysterio,
1116 1112 1313 1155 reuelata
1341 1111 1454 1156 faeie
1489 1111 1744 1155 futurorum

279 1197 392 1239 quae
422 1197 467 1225 se
497 1182 591 1240 regi
622 1182 863 1239 quiescenti
889 1182 1176 1238 ingesserant,
1206 1181 1332 1238 quasi
1361 1181 1552 1238 quodam
1581 1180 1742 1223 somni-

279 1266 406 1295 orum
445 1252 649 1295 uehiculo
694 1251 749 1294 de
793 1252 995 1308 squalore
1034 1251 1219 1294 carceris
1257 1251 1306 1293 in
1345 1250 1470 1308 regni
1509 1249 1741 1307 fastigium
1762 1263 1802 1299 15
1872 1255 1878 1275 ·³

280 1322 538 1372 sullimauit‚
571 1324 626 1364 ut
657 1335 749 1364 non
781 1321 912 1363 modo
947 1321 1059 1363 liber
1092 1320 1146 1363 de
1181 1334 1310 1363 seruo
1344 1320 1421 1363 sed
1451 1319 1667 1362 nobilium
1697 1321 1743 1362 et
1872 1316 1873 1319 ’

279 1405 509 1447 procerum
533 1391 703 1448 primus
729 1405 818 1433 uno
838 1392 1016 1432 tantum
1036 1389 1162 1446 regni
1186 1389 1352 1433 scilieet
1378 1389 1487 1432 solio
1513 1388 1742 1445 praecede·

279 1463 403 1503 retur
442 1475 470 1502 a
509 1474 623 1517 rege.
702 1459 831 1512 Quod
870 1459 1024 1515 utique
1064 1459 1102 1501 si
1149 1459 1203 1501 de
1242 1459 1462 1501 humanae
1500 1457 1744 1515 sapientiae
1837 1458 1878 1526 j

278 1529 466 1572 artificio
500 1529 754 1586 contingere
782 1528 1009 1584 potuisset,
1036 1528 1227 1584 aliquem
1257 1527 1532 1570 decessorum
1561 1541 1742 1570 suorum
1870 1538 1878 1578 ’,-

230 1600 260 1642 d
279 1602 382 1641 ante
412 1613 512 1641 eum
546 1598 756 1640 meruisse
791 1597 1060 1648 crediderim,
1092 1597 1164 1640 uel
1199 1597 1429 1640 scientiam
1462 1597 1741 1654 promerendi
1761 1612 1806 1637 20
1872 1587 1878 1627 '‘-

277 1668 426 1710 uirum
453 1670 654 1710 sanctum
685 1670 730 1710 et
756 1667 935 1724 pietatis
962 1668 1122 1710 affectu
1148 1666 1339 1723 plenum,
1366 1666 1404 1709 si
1430 1680 1520 1709 non
1546 1666 1741 1710 humano
1870 1663 1874 1670 ’

276 1737 428 1794 generi
454 1737 502 1778 in
529 1751 769 1786 commune,
790 1736 906 1792 quod
932 1738 1082 1778 tamen
1109 1735 1348 1792 aequitatis
1373 1737 1499 1786 esset,
1525 1734 1742 1779 fratribus

277 1808 323 1849 et
371 1806 475 1848 filiis
524 1805 653 1849 facile
696 1805 948 1862 putauerim
987 1805 1227 1861 reliquisse.
1306 1804 1379 1846 Ad
1418 1804 1525 1847 haec
1564 1804 1741 1861 Moyses

277 1874 477 1918 eruditus
510 1875 559 1916 in
593 1875 713 1917 omni
749 1875 966 1931 sapientia
1002 1874 1298 1931 Egyptiorum
1333 1873 1448 1917 hanc
1482 1875 1624 1916 artem
1659 1876 1739 1917 aut
1859 1918 1863 1923 ,

275 1944 464 1987 nesciuit
483 1947 562 1986 aut
577 1944 757 2000 spreuit,
769 1958 867 1986 cum
889 1958 996 1994 eam,
1009 1943 1252 2000 impietatis
1271 1957 1463 1986 errorem
1482 1943 1738 1995 detestatus,
1758 1957 1800 1992 25
1852 1943 1856 1951 ’“

275 2027 304 2056 8
337 2013 500 2070 populo
534 2013 618 2056 Dei
654 2013 949 2056 exterminare
983 2012 1216 2055 curauerit.
1293 2012 1525 2055 Praeterea
1559 2015 1739 2056 sanctus

275 2082 435 2125 Daniel
466 2082 719 2139 disciplinas
749 2084 794 2125 et
823 2083 1087 2139 sapientiam
1117 2081 1273 2125 didicit
1302 2080 1591 2134 caldeorum
1622 2081 1740 2138 quod

275 2152 431 2208 utique
466 2154 644 2195 sanctus
683 2152 755 2194 uir
792 2167 882 2195 non
922 2151 1109 2202 fecisset,
1143 2151 1181 2194 si
1221 2150 1457 2207 gentilium
1496 2150 1740 2207 disciplinis

276 2221 439 2264 instrui
500 2221 757 2264 credidisset
820 2221 1010 2278 peccatis
1074 2220 1393 2263 ascribendum.
1479 2218 1739 2276 Habuitque

276 2291 537 2334 eruditionis
557 2290 804 2347 participes,
826 2305 935 2347 quos
960 2290 1070 2348 legis
1097 2291 1142 2332 et
1168 2289 1366 2332 iustitiae
1392 2288 1476 2331 Dei
1501 2302 1549 2332 se
1574 2288 1737 2346 gaude·
1756 2300 1800 2335 30
1860 2295 1878 2342 g.

272 2415 296 2450 4
321 2405 494 2459 sompnia
511 2406 551 2441 M
717 2452 725 2459 .
749 2406 772 2442 6
798 2404 971 2459 sompnia
990 2404 1069 2458 ΑΜι
1220 2450 1228 2457 .
1252 2413 1300 2457 ,¹0
1323 2402 1445 2450 egipti
1463 2401 1488 2439 S
1610 2449 1619 2457 ·
1694 2413 1735 2457 ¹.1

271 2464 530 2499 sompmorum
549 2453 588 2488 M
714 2453 913 2489 ismaelitas
935 2452 998 2488 M:
1030 2450 1282 2504 hismahelitis
1299 2449 1336 2504 S·
1501 2460 1542 2496 13
1567 2452 1737 2488 misterio

271 2499 332 2535 AS
535 2510 577 2544 14
602 2500 860 2547 sompniorum
876 2500 950 2535 AM
1147 2508 1191 2543 24
1216 2500 1448 2544 egiptiorum
1466 2496 1490 2533 S
1691 2508 1737 2545 29

273 2545 555 2582 asscribendum
573 2546 596 2583 S

323 2657 354 2695 5,
371 2650 394 2685 6
421 2651 491 2694 leye
508 2651 643 2695 Moysi:
668 2662 699 2686 v.
719 2650 805 2687 Lev.
822 2650 896 2686 xix.
917 2651 972 2686 26.
1069 2651 1090 2686 8
1115 2650 1157 2685 in
1170 2649 1338 2694 anyelum
1349 2649 1463 2684 lucis:
1489 2657 1509 2683 2
1524 2646 1666 2684 Conxi.
1681 2658 1735 2694 14.

275 2707 298 2743 9
323 2698 558 2732 immissiones
574 2699 668 2733 etc.:
696 2698 753 2734 Ps.
772 2697 901 2734 lxxvii.
918 2707 975 2743 49.
1076 2698 1205 2742 Ioseph
1221 2697 1292 2732 etc.
1309 2708 1318 2733 :
1344 2707 1379 2730 v.
1397 2694 1493 2731 Gen.
1511 2694 1576 2732 xli.
1692 2705 1733 2739 17

272 2756 346 2780 uno
363 2749 503 2778 tantum
521 2746 612 2780 ete:
640 2744 733 2781 Gen.
751 2745 816 2780 xli.
833 2756 892 2790 40.
990 2754 1034 2790 23
1059 2745 1197 2790 Moyses
1213 2745 1306 2782 eta:
1332 2755 1364 2779 v.
1380 2741 1465 2779 Act.
1480 2741 1578 2789 App.
1595 2741 1658 2779 vii.
1676 2752 1734 2780 22.

274 2800 318 2835 27
345 2793 480 2828 Daniel
495 2793 588 2828 etc.:
615 2803 647 2828 v.
664 2792 759 2829 Dan.
775 2791 800 2830 i.
818 2802 852 2839 4.
1813 2792 1815 2794 ’

382 2863 426 2906 98
