1878 3172
142 150 226 190 445
245 151 275 180 a
622 138 881 182 IOANNIS
926 138 1437 184 SARESBERIENSIS
1590 139 1698 200 [ΜΒ.
1714 151 1754 184 11

290 260 534 316 praenouit.
595 259 691 302 Hoc
712 259 914 315 equidem
934 274 1013 302 nec
1032 259 1266 317 gentilium
1286 274 1408 302 error
1433 248 1548 303 circa
1566 274 1646 303 sua
1664 274 1754 303 non

290 332 384 371 tam
423 329 607 371 numina
650 344 782 386 quam
828 328 1032 371 demonia
1079 329 1348 386 dignabatur
1392 329 1637 381 admittere,
1677 329 1755 386 qui

293 397 483 455 Stigiam
529 398 734 455 paludem
781 397 867 440 diis
912 397 1112 454 peruiam
1156 412 1248 441 esse
1287 398 1521 455 negabant,
1561 398 1755 442 dicentes

293 481 389 509 eam
439 467 643 510 omnibus
688 466 985 509 uenerandam
1031 469 1077 509 et
1122 481 1435 523 usquequaque
1479 467 1679 510 illicitam
1728 481 1756 509 a

245 541 273 579 b
293 536 525 579 celestibus
564 535 806 592 praeteriri.
881 535 1053 577 Mentes
1092 550 1282 592 namque
1325 535 1550 579 celestium
1590 535 1755 579 obliuio
1773 551 1792 587 5

292 619 382 648 non
411 605 640 662 contingit.
700 604 930 660 Numquid
957 619 1061 661 ergo
1088 604 1197 647 fides
1223 605 1405 661 recipiet
1431 604 1548 662 quod
1577 605 1631 648 de
1661 605 1755 648 Deo

293 677 339 717 et
380 674 477 731 ipsa
514 674 700 730 perfidia
738 674 975 716 abhorret?
1034 672 1221 716 Constat
1260 676 1409 716 autem
1447 673 1567 730 apud
1605 688 1755 717 omnes

292 744 398 800 quia
429 743 549 786 Deus
583 743 666 786 scit
700 742 810 785 illud
839 757 928 784 non
960 757 1052 785 esse
1082 742 1297 793 futurum,
1327 742 1410 786 etsi
1439 742 1636 799 plerique
1665 757 1756 785 non

292 813 508 869 recipiant
545 812 671 854 illum
703 826 828 868 posse
867 811 977 854 scire
1013 815 1093 855 aut
1126 826 1215 854 non
1246 826 1372 868 posse
1406 812 1516 854 scire
1547 812 1628 855 hoc
1662 826 1755 855 esse

292 881 508 931 futurum,
527 895 583 923 ne
603 896 703 923 eum
727 880 1040 923 mutabilitatis
1066 884 1173 923 nota
1198 880 1270 923 uel
1296 880 1558 937 impotentia
1579 880 1756 924 inurere
1775 896 1817 920 10

291 951 540 993 uideantur.
600 949 687 992 Sed
721 952 815 992 esto
853 952 906 991 ut
939 949 1073 1000 Deus,
1103 949 1311 1006 quoniam
1341 949 1423 992 1100
1456 949 1654 1006 plerique
1688 964 1755 993 re-

292 1019 475 1076 cipiunt,
504 1019 654 1075 possit,
686 1018 792 1060 dum
824 1021 974 1061 tamen
1009 1017 1065 1075 (si
1097 1018 1193 1061 fieri
1227 1018 1390 1075 potest)
1426 1019 1642 1075 positione
1676 1022 1757 1062 aut

291 1088 597 1131 coniunctione
629 1102 718 1130 non
749 1101 909 1144 pecces,
940 1087 1050 1130 scire
1083 1087 1200 1143 quod
1229 1101 1318 1129 non
1347 1087 1446 1139 scit,
1472 1102 1562 1130 non
1589 1087 1646 1130 ob
1674 1088 1756 1131 hoc

292 1171 393 1200 eum
425 1171 517 1199 esse
548 1156 806 1198 mutabilem
846 1156 945 1212 quis
983 1156 1217 1206 conuincit,
1257 1155 1381 1198 cuius
1420 1156 1627 1199 scientiae
1666 1171 1756 1199 non

292 1225 465 1269 decedit
484 1225 652 1281 aliquid
672 1225 744 1268 uel
764 1225 942 1275 accedit,
957 1239 1057 1268 cum
1071 1225 1183 1267 illud
1203 1225 1343 1267 solum
1363 1225 1411 1266 in
1426 1239 1573 1267 rerum
1593 1228 1756 1268 natura
1776 1243 1816 1277 ¹5

292 1309 449 1338 uerum
480 1309 572 1338 esse
602 1294 841 1351 contingat,
872 1294 989 1350 quod
1018 1294 1093 1337 1110
1122 1294 1178 1336 ab
1207 1294 1336 1336 initio
1365 1294 1622 1337 stabilitatis
1651 1309 1757 1338 suae

253 1376 278 1405 c
295 1367 458 1420 puncto
489 1364 707 1421 praefixit.
766 1362 886 1405 Dum
920 1366 1069 1406 tamen
1107 1363 1189 1406 hoc
1222 1363 1444 1420 recipitur,
1478 1363 1759 1406 exactissima

294 1433 527 1490 diligentia
561 1432 913 1489 praecauendum
948 1435 1026 1482 est,
1055 1446 1111 1474 ne
1140 1431 1344 1488 cognatio
1373 1432 1602 1475 modorum
1632 1432 1759 1475 uerbi

294 1516 428 1558 quam
462 1501 722 1558 Apollonius
756 1500 937 1551 inducit,
970 1500 1203 1557 quicquam
1233 1501 1442 1556 perfidiae
1475 1501 1650 1558 ingerat
1678 1504 1759 1544 aut

293 1570 516 1612 falsitatis.
586 1569 708 1612 Haec
747 1569 843 1625 ipsa
881 1583 1054 1625 quoque
1092 1569 1360 1625 possibilitas
1398 1569 1629 1612 eueniendi
1667 1585 1758 1613 non
1777 1586 1820 1611 πο

294 1638 469 1681 lenitati
500 1638 620 1680 illius
650 1638 725 1694 qui
755 1652 845 1680 non
873 1640 1089 1689 mouetur,
1115 1637 1191 1680 sed
1220 1652 1367 1680 rerum
1397 1637 1615 1689 facilitati,
1645 1654 1759 1696 quae

293 1710 456 1750 natura
482 1722 571 1750 non
597 1707 858 1763 indignante
880 1706 1049 1749 moueri
1075 1710 1270 1763 possunt,
1290 1707 1602 1750 conuenienter
1627 1708 1759 1751 ascri-

292 1777 425 1820 bitur.
496 1776 649 1818 Manet
692 1776 843 1831 itaque
887 1790 1200 1832 usquequaque
1245 1776 1482 1819 immobilis
1526 1777 1760 1834 integritas

293 1845 501 1888 scientiae
532 1844 628 1895 Dei,
659 1847 704 1887 et
734 1844 772 1887 si
804 1844 911 1901 quid
949 1844 1180 1887 uarietatis
1214 1844 1346 1887 alicui
1380 1844 1507 1896 inest,
1541 1860 1631 1888 non
1664 1852 1758 1889 tam

293 1914 470 1958 scientis
504 1928 637 1970 quam
666 1913 875 1955 scitorum
905 1913 1180 1955 mutabilitas
1209 1916 1286 1955 est.
1346 1913 1470 1957 Licet
1498 1914 1616 1956 enim
1646 1929 1758 1971 quae
1777 1933 1819 1967 ²⁵

293 1983 477 2027 scientia
525 1982 608 2024 Dei
658 1981 974 2038 complectitur,
1019 1981 1310 2024 mutabilitati
1357 1982 1623 2034 subiaceant,
1661 1983 1759 2040 ipsa

293 2055 444 2095 tamen
475 2051 749 2093 alterationis
778 2050 896 2094 uices
925 2051 1116 2108 ignorat,
1142 2053 1188 2093 et
1216 2065 1305 2093 uno
1334 2051 1550 2108 singulari
1579 2055 1759 2109 aspectu

295 2124 340 2164 et
386 2119 628 2170 indiuiduo,
667 2119 864 2162 omnium
904 2134 1016 2176 quae
1061 2119 1148 2162 dici
1191 2122 1270 2162 aut
1313 2134 1586 2176 quocumque
1628 2135 1759 2164 sensu

298 2189 540 2246 excogitari
560 2191 756 2245 possunt,
775 2188 1112 2231 uniuersitatem
1142 2188 1308 2231 claudit
1334 2191 1379 2231 et
1402 2189 1598 2232 continet
1610 2203 1620 2242 3
1650 2189 1760 2232 adeo

254 2269 284 2309 d
301 2258 503 2315 equidem
522 2258 616 2300 sine
635 2260 760 2300 motu
779 2260 832 2299 ut
850 2257 1006 2301 localia
1024 2257 1118 2299 sine
1137 2256 1242 2312 loco,
1262 2257 1488 2300 nascentia
1506 2258 1600 2300 sine
1617 2258 1760 2313 initio,
1777 2276 1820 2309 30

301 2326 556 2370 decedentia
575 2326 669 2368 sine
688 2327 787 2377 fine,
806 2326 1070 2370 fluctuantia
1088 2325 1182 2368 sine
1208 2325 1480 2377 alteratione,
1500 2326 1761 2383 temporalia

300 2440 319 2476 7
346 2431 401 2477 et]
419 2430 483 2467 uel
499 2430 613 2466 A²SM
758 2440 802 2466 10
825 2428 890 2466 uel
907 2428 1132 2476 impotentie
1149 2430 1240 2466 nota
1257 2427 1281 2464 S
1391 2428 1594 2466 uideantur
1608 2428 1759 2467 inurere

299 2479 333 2515 A
474 2488 515 2514 21
543 2477 661 2523 illius]
680 2476 799 2523 ipsius
816 2478 855 2513 M
998 2487 1045 2522 30
1068 2475 1223 2522 quidem
1241 2476 1281 2511 M

349 2590 393 2625 19
417 2582 655 2626 Apollonius:
693 2592 741 2616 sc.
776 2578 1002 2626 Apollonius
1034 2578 1214 2624 Dyscolus
1245 2576 1524 2623 grammaticus.
1574 2576 1681 2613 Nih‘il
1712 2578 1758 2614 de

302 2628 528 2673 cognatione
558 2628 755 2663 modorum
781 2627 884 2664 verbi
914 2627 960 2662 ab
986 2625 1188 2672 Apollonio
1212 2624 1369 2660 inducta
1397 2625 1498 2671 apud
1523 2623 1758 2662 priscianum

300 2674 487 2710 invenies:
513 2687 582 2711 nec
608 2675 709 2710 unde
733 2675 804 2710 hoc
826 2673 1027 2720 sumpserit
1050 2673 1208 2709 Ioannes
1232 2670 1419 2708 coniicere
1444 2682 1603 2717 possum.
1651 2672 1759 2716 Quod

300 2723 430 2758 tamen
446 2722 493 2757 de
506 2721 607 2757 verbi
620 2721 739 2758 modis
752 2721 880 2758 docuit
892 2719 1124 2766 Apollonius,
1140 2718 1244 2756 cuius
1255 2718 1352 2756 liber
1364 2721 1406 2755 de
1421 2720 1521 2756 verbo
1534 2730 1610 2755 non
1625 2722 1757 2763 exstat,

301 2768 457 2815 collegit
474 2768 599 2815 Egger
614 2770 833 2815 Apollonius
849 2770 1008 2815 Dyscole,
1025 2779 1091 2815 pp.
1110 2775 1172 2812 147
1188 2777 1289 2813 seqq.

412 2838 476 2874 116
