1878 3172
112 165 214 200 oar.
228 153 342 214 1111]
631 155 1069 202 POLICRATIGVS
1588 169 1663 210 414
1681 169 1713 199 a

112 274 254 318 crucis
277 278 424 318 seruet
446 275 494 318 in
517 278 704 333 pectore,
729 276 947 320 iustitiam
970 276 1075 320 fidei
1102 279 1248 334 gestet
1275 276 1324 319 in
1352 276 1508 333 capite,
1527 279 1574 318 et

113 343 396 387 salutiferum
429 345 606 402 signum
641 346 744 388 fidei
772 360 931 389 manus
959 346 1168 389 innocens
1195 346 1307 403 figat
1335 345 1382 388 in
1413 345 1574 397 fronte,

114 411 242 457 illum
289 427 462 470 semper
507 428 613 471 prae
651 417 799 457 mente
843 414 1022 464 habens,
1065 414 1145 470 qui
1190 414 1435 457 cultoribus
1481 414 1575 457 suis

114 495 290 525 omnem
339 482 495 525 mundi
544 482 750 526 timorem
795 483 1023 526 excutiens
1064 483 1131 525 ait
1148 498 1161 525 ε
1223 483 1266 526 Α
1308 483 1448 540 signis
1493 482 1575 526 celi

38 563 44 568 ·
76 565 99 602 5
115 564 172 594 ne
210 550 463 603 timueritis,
500 565 614 608 quae
651 551 813 594 timent
859 555 1026 609 gentes,
1065 551 1172 608 quia
1217 566 1301 608 ego
1347 551 1575 594 uobiscum
1592 558 1622 596 b

115 617 335 663 Dominus
354 618 476 662 Deus
494 622 654 663 uester.
701 620 825 664 Haec
844 634 1018 677 quoque
1036 620 1175 663 uerba
1192 619 1312 663 inter
1330 619 1576 663 tonandum

115 687 189 730 uel
231 687 387 731 audita
414 688 487 731 uel
516 688 637 732 dicta
663 689 919 732 scribuntur
945 704 974 732 a
1002 687 1266 746 quibusdam
1294 703 1459 732 noxam
1488 687 1576 731 ful-

116 755 251 798 minis
289 756 518 800 amouisse.
595 757 746 800 Nichil
780 761 930 800 autem
969 761 1050 810 est,
1088 757 1206 815 quod
1244 757 1580 801 imminentibus

118 823 258 882 signis
279 824 345 868 ita
363 828 508 868 totum
528 826 752 869 concutiat
770 827 1006 877 hominem,
1024 827 1140 870 sicut
1158 841 1283 870 mem
1301 826 1387 870 sibi
1406 825 1579 869 conscia
1606 840 1617 859 ·

62 905 106 930 10
119 892 383 950 iniquitatis,
413 897 459 937 et
488 909 601 950 quae
635 895 848 938 scelerum
886 910 1068 940 suorum
1106 910 1266 952 penam
1307 895 1365 939 ad
1402 894 1580 953 singula

120 962 251 1009 timet
270 957 458 1020 expesci.
516 963 643 1007 Vnde
664 964 835 1007 ethicus
853 964 909 1007 de
927 964 1201 1008 criminosis.

190 1047 254 1091 Hi
282 1051 388 1092 sunt
417 1048 494 1104 qui
522 1049 750 1106 trepidant
778 1053 824 1092 et
853 1049 911 1092 ad
939 1050 1091 1092 omnia
1115 1049 1297 1106 fulgura
1325 1049 1507 1106 pallent.

123 1132 162 1175 E
180 1136 358 1177 contra:
388 1133 540 1177 Iustus
555 1134 738 1178 confidit
756 1138 809 1177 ut
827 1135 919 1187 leo;
953 1138 999 1177 et
1017 1134 1151 1177 illud:
1180 1134 1284 1177 Non
1298 1134 1582 1178 contristabit

123 1202 292 1246 iustum
321 1203 530 1260 quicquid
560 1204 601 1246 ei
630 1204 850 1247 acciderit.
917 1204 1084 1261 Fulgor
1111 1203 1316 1260 equidem
1344 1203 1512 1261 igneus,
1542 1203 1582 1246 si

66 1279 109 1317 ¹5
125 1271 294 1325 urendo
331 1286 420 1315 non
458 1276 625 1322 noceat,
664 1273 935 1316 celebritatis
981 1273 1169 1330 gloriam
1208 1272 1350 1316 affert.
1426 1272 1583 1328 Neque

124 1340 232 1397 quia
268 1355 358 1384 non
395 1341 500 1391 urit,
537 1341 693 1399 igneus
731 1356 820 1385 non
861 1345 928 1384 est
941 1356 951 1394 ;
999 1342 1038 1384 si
1075 1344 1226 1384 tamen
1259 1341 1308 1384 in
1340 1341 1423 1384 hoe
1457 1341 1585 1384 Plato

125 1409 349 1467 recipitur.
406 1409 533 1453 Duae
552 1413 670 1462 sunt,
690 1410 838 1467 inquit
856 1410 942 1460 ille,
962 1414 1015 1453 ut
1037 1410 1205 1467 opinor,
1225 1410 1418 1453 uirtutes
1443 1409 1584 1467 ignis;
1601 1425 1628 1456 c

125 1477 268 1521 altera
297 1477 411 1521 edax
442 1482 488 1522 et
521 1479 827 1536 peremptoria,
867 1479 1009 1523 altera
1048 1478 1283 1522 mulcebris
1319 1481 1366 1521 et
1402 1478 1586 1521 innoxio

82 1595 89 1600 ,
126 1546 308 1591 lumine.
388 1546 678 1591 Posteriorem
727 1548 886 1591 asserit
933 1547 1222 1605 operatricem
1270 1547 1406 1597 uisus,
1445 1550 1492 1590 et
1539 1547 1588 1589 in

67 1628 113 1654 ιο
128 1610 539 1673 superioribusuim
557 1631 683 1659 suam
703 1617 896 1660 maxime
916 1630 1128 1660 exercere.
1174 1616 1415 1659 Ascanium
1436 1615 1589 1658 fatalis

129 1685 255 1728 exilii
305 1699 406 1728 cum
451 1688 579 1742 patre
629 1686 887 1728 discrimina
934 1686 1196 1728 subeuntem
1241 1685 1359 1742 ignis
1402 1684 1458 1727 de
1496 1684 1589 1727 celo

131 1753 260 1810 quasi
293 1768 499 1796 succenso
536 1754 681 1811 capite
719 1754 977 1805 illustrauit,
1007 1754 1326 1811 praenuntians
1365 1754 1405 1796 ei
1440 1753 1590 1796 deberi

131 1821 390 1865 felicitatem
419 1822 553 1872 exilii,
582 1822 813 1879 ipsumque
843 1823 1047 1866 futurum
1074 1823 1123 1865 in
1155 1826 1334 1880 gentem
1367 1837 1588 1879 magnam.

0 1934 19 1945 V
133 1890 378 1933 Alexandri
402 1890 651 1934 Macedonis
671 1895 717 1934 et
746 1891 981 1934 Octauiani
1002 1891 1196 1948 Augusti
1215 1891 1298 1933 sub
1324 1891 1420 1948 ipso
1439 1905 1590 1933 eorum

0 1964 34 2031 s
75 1966 119 2004 ²⁵
134 1962 238 2002 ortu
265 1959 443 2001 claritas
468 1959 585 2015 ignis
610 1960 821 2002 miraculo
846 1960 1069 2002 declarata
1091 1963 1170 2002 est.
1229 1959 1591 2010 Pmfieisoentem,

134 2027 459 2084 expeditionem
477 2028 584 2070 dum
603 2029 839 2085 egreditur,
853 2042 1118 2085 prosequens
1137 2031 1299 2070 uentus
1314 2042 1591 2070 successuum

134 2111 212 2154 spe
238 2095 441 2139 fortunat
453 2110 464 2148 3
493 2097 599 2138 dum
628 2097 676 2138 in
705 2097 853 2139 hostes
881 2097 1047 2139 uexilla
1077 2097 1295 2146 feruntur,
1324 2096 1438 2138 aeris
1466 2096 1591 2138 testi-

133 2165 282 2207 monio
310 2165 477 2207 uexilla
509 2165 861 2221 triumphabunt.
931 2165 981 2208 Si
1011 2179 1118 2207 uero
1148 2164 1319 2221 patriae
1348 2164 1592 2214 imminent,

134 2233 425 2276 iustissimum
444 2233 669 2276 incutiunt
688 2237 868 2276 metum.

138 2353 182 2380 12
205 2342 272 2379 Hii
289 2342 314 2378 S
455 2353 502 2386 24
526 2341 728 2381 Octouiani
745 2341 785 2376 M

184 2451 207 2476 2
229 2441 498 2485 niynumfidei:
524 2438 578 2475 De
603 2438 725 2474 crucis
747 2438 855 2484 signo
872 2440 912 2475 et
927 2437 1107 2474 Tonantis
1129 2436 1439 2483 septentrionalis
1454 2436 1593 2474 malleo

138 2499 169 2524 v.
187 2486 343 2529 Grimm,
363 2487 537 2522 Deutsche
553 2487 701 2531 Mythol.
718 2497 749 2521 c.
767 2487 800 2521 8.
918 2496 941 2528 4
967 2487 1002 2520 A
1018 2487 1133 2529 siquis
1149 2487 1243 2520 etc.:
1267 2484 1406 2520 Jerem.
1422 2496 1458 2520 x.
1476 2494 1519 2528 23
1546 2485 1593 2520 cf.
1669 2505 1686 2520 x

142 2544 158 2570 1
178 2534 339 2579 Paralip.
357 2533 448 2568 xxii.
469 2535 522 2568 18.
680 2543 722 2569 12
746 2534 801 2567 Hi
815 2537 901 2567 sunt
918 2534 1013 2568 etc.:
1040 2532 1117 2566 Iuv.
1134 2533 1210 2568 Sat.
1227 2531 1307 2567 xiii.
1324 2541 1405 2576 223.
1551 2542 1593 2576 13

138 2582 264 2616 Iustus
287 2584 381 2616 etc.:
405 2580 509 2615 Ρτον.
528 2579 653 2615 xxviii.
675 2591 703 2615 1.
845 2581 928 2613 Non
950 2580 1174 2614 contristabit
1198 2581 1291 2614 etc.:
1317 2579 1421 2615 Prov.
1446 2578 1511 2614 xii.
1538 2589 1593 2614 21.

143 2628 187 2663 16
210 2629 336 2662 Plato:
371 2627 466 2662 Tim.
492 2627 580 2672 45B
606 2638 696 2662 vers.
722 2625 917 2661 chalcidii.
1117 2636 1164 2660 20
1188 2627 1389 2660 Ascanium
1416 2627 1513 2661 etc.:
1550 2637 1596 2661 ex

141 2672 275 2709 Catulo
308 2672 504 2710 Parmensi
534 2673 694 2709 testibus
725 2673 831 2708 codd.
866 2672 943 2714 SP;
975 2671 1059 2707 vide
1086 2672 1192 2718 Verg.
1218 2675 1308 2707 Aen.
1335 2672 1376 2709 ii.
1401 2674 1471 2718 679
1496 2684 1595 2717 seqq.

142 2719 205 2764 (cf.
223 2720 324 2756 Suet.
339 2723 414 2756 Tib.
428 2731 491 2764 143
517 2720 647 2756 Ioann.
666 2719 811 2755 saresb.
835 2721 916 2755 Vita
934 2721 1098 2754 Anselmi
1114 2731 1145 2755 c.
1163 2719 1214 2764 4.)
1322 2730 1367 2763 24
1390 2721 1598 2754 Alexandri

142 2769 238 2803 etc.:
262 2780 293 2803 v.
313 2767 415 2804 Suet.
429 2770 502 2804 Oct.
516 2778 573 2813 94.
698 2769 742 2803 26
752 2779 971 2813 prosequens
980 2772 1132 2802 uentus:
1157 2767 1205 2802 cf.
1215 2766 1327 2813 Verg.
1345 2769 1436 2802 Aen.
1446 2766 1502 2802 iii.
1518 2777 1596 2812 130.

1445 2836 1490 2879 ⁶3
