1878 3172
58 189 64 192 -
115 178 213 215 mr.
229 141 299 230 iv]
635 168 1069 214 Pomosincvs
1588 181 1672 225 394
1691 181 1721 210 a

113 290 273 341 tineus,
311 293 368 340 et,
406 292 459 332 ut
504 289 645 340 credo,
690 288 862 332 sobrius
903 302 1157 344 numquam.
1232 288 1366 332 Domi
1408 289 1571 346 quippe

114 358 320 402 Chironis
348 358 600 401 habuemnt
628 358 745 400 unde
772 357 880 400 haec
906 357 1136 400 discerent.
1194 356 1355 401 Caueri
1380 372 1571 414 namque

113 427 324 471 iubentur
356 427 562 470 conuiuia
595 426 929 476 Centaurorum,
968 440 997 468 a
1034 425 1195 482 quibus
1234 426 1329 469 sine
1367 427 1568 470 cicatrice

39 540 46 545 ,
112 511 242 539 nemo
270 496 522 539 reuertitur.

76 577 105 621 gt
171 564 300 618 Quod
319 565 359 608 si
377 565 586 617 historiis,
598 579 708 621 quas
726 563 819 607 suis
836 566 991 620 poetae
1014 562 1318 607 decolorauere
1331 564 1567 621 figmentis,

86 624 89 625 ⁷
110 633 222 677 fides
249 634 539 684 subtrahitur,
557 633 624 675 illi
651 633 807 690 utique
834 632 953 676 credi
982 646 1155 676 necaese
1184 636 1263 686 est,
1289 647 1403 690 quae
1431 648 1488 676 ex
1517 649 1568 677 eo

111 702 229 759 quod
262 702 428 759 scripta
461 705 529 745 est
562 702 704 759 digito
741 701 838 753 Dei,
870 699 1221 758 irrefragabilem
1259 701 1378 758 apud
1417 716 1568 746 omnoe

108 773 264 828 gentes
307 771 467 814 sortita
512 774 580 814 est
622 770 942 813 auctoritatem.
1013 770 1187 813 Primus
1234 785 1341 828 ergo
1386 772 1568 828 ponitur

109 839 359 882 Nembroth
397 840 604 882 robustus
634 842 821 882 uenator
850 842 1004 882 contra
1035 838 1287 884 Dominum.
1346 840 1461 883 Eum
1500 856 1565 884 re-

51 923 93 954 10
108 907 296 964 probum
316 907 453 951 fuisse
472 923 561 951 non
587 908 787 965 ambigis,
807 922 937 964 quem
960 922 1156 950 ommuni
1182 908 1411 951 doctorum
1433 910 1566 952 turba

107 976 412 1034 condempnat.
480 977 691 1020 Traditur
727 977 799 1020 hic
838 977 886 1018 in
924 980 1097 1019 tantam
1135 975 1338 1020 elationis
1371 979 1564 1035 erupisse
1581 986 1611 1024 b

107 1045 370 1098 uecordiam,
398 1048 452 1088 ut
484 1060 574 1088 non
602 1049 829 1088 uereretur
862 1046 962 1087 iura
994 1048 1209 1088 temerare
1238 1049 1436 1097 naturae,
1465 1062 1565 1090 cum

106 1117 329 1157 oonsortae
343 1114 606 1158 conditionis
621 1118 666 1157 et
682 1114 867 1172 generis,
882 1129 991 1171 quos
1006 1115 1220 1172 ingenuos
1235 1115 1313 1158 illa
1325 1120 1565 1168 coeauerat,

106 1182 179 1226 hic
197 1183 420 1226 addiceret
444 1183 664 1227 seruituti.
723 1183 991 1239 Tyrannidis
1015 1198 1119 1241 ergo
1139 1183 1369 1241 fastigium
1392 1184 1440 1226 in
1463 1198 1564 1227 con-

50 1264 91 1300 15
106 1251 335 1295 tumeliam
357 1252 566 1295 creatoris
585 1267 613 1294 a
630 1255 841 1295 uenatore
870 1252 1095 1308 incipiens,
1115 1252 1252 1295 alium
1278 1267 1367 1295 non
1390 1253 1564 1295 inuenit

106 1322 342 1373 auctorem,
375 1335 507 1377 quain
538 1335 639 1363 eum
674 1321 751 1377 qui
781 1321 829 1363 in
863 1321 994 1364 caede
1025 1321 1222 1364 ferarum
1256 1324 1302 1364 et
1329 1322 1563 1365 uolutabro

106 1389 335 1446 sanguinis
375 1389 555 1432 Domini
595 1393 896 1446 contemptum
934 1389 1172 1433 didicisset.
1250 1389 1408 1447 Coepit
1446 1391 1563 1433 enim

106 1460 262 1514 potens
280 1473 373 1502 esse
396 1459 444 1501 in
470 1462 600 1502 terra.
660 1458 733 1501 Sic
761 1473 951 1515 namque
980 1459 1194 1516 scriptum
1221 1462 1310 1502 est:
1352 1459 1417 1502 Eo
1446 1460 1563 1516 quod

105 1541 196 1570 non
215 1528 527 1585 expectauerit,
545 1531 598 1570 ut
617 1528 832 1584 acciperet
851 1542 879 1570 a
897 1528 1088 1571 Domino
1107 1531 1382 1584 potestatem.
1438 1528 1562 1570 Prin-

42 1611 91 1640 ³0
105 1596 270 1653 cipium
307 1597 433 1654 regni
471 1597 566 1640 eius
604 1597 818 1653 Babylon,
856 1597 1155 1653 dilatatusque
1193 1599 1260 1640 est
1306 1597 1355 1639 in
1397 1600 1562 1640 terram

105 1663 316 1718 Sennaar,
333 1665 412 1708 ubi
430 1679 531 1708 cum
558 1668 654 1708 tota
671 1668 792 1708 terra
818 1668 932 1708 esset
950 1666 1083 1709 unius
1108 1666 1216 1708 labii
1239 1666 1561 1723 eorundemque

103 1747 365 1785 sermonum,
383 1734 432 1776 in
454 1734 596 1777 celum
623 1737 767 1778 erecta
790 1737 859 1777 est
883 1735 1021 1777 turris
1044 1735 1193 1785 Babel,
1211 1735 1378 1778 habens
1400 1735 1560 1778 lateres
1577 1745 1603 1776 e

101 1812 186 1860 pro
202 1803 434 1860 lapidibus,
452 1803 653 1846 bitumen
671 1817 752 1860 pro
775 1807 1011 1853 caemento,
1029 1818 1119 1846 non
1145 1804 1312 1846 habens
1332 1804 1379 1845 iu
1399 1803 1559 1846 funda·

104 1874 255 1915 mento
291 1875 475 1928 petram,
513 1872 639 1915 cuius
680 1872 894 1929 singulari
939 1873 1162 1915 soliditate
1211 1876 1380 1915 structa
1417 1874 1559 1915 omnis

44 1957 90 1990 ²5
105 1940 351 1983 aedificatio
378 1941 427 1982 in
455 1941 645 1983 Domino
677 1941 952 1984 conualescit.
1010 1941 1073 1983 At
1100 1941 1301 1997 improba
1333 1942 1559 1984 temeritas

103 2008 163 2051 ab
179 2008 353 2051 unitate
382 2009 579 2064 praecisa
602 2008 855 2065 linguarum
880 2009 1066 2051 succidit
1094 2010 1323 2059 unitatem,
1343 2012 1389 2051 et
1414 2010 1558 2065 prima

100 2076 401 2121 confusionem
433 2077 605 2126 meruit,
634 2091 746 2133 quae
779 2077 827 2119 in
858 2091 903 2120 se
938 2091 1070 2133 quam
1104 2077 1152 2119 in
1180 2077 1370 2119 Domino
1398 2078 1558 2121 maluit

100 2145 293 2203 gloriari.
371 2145 527 2187 Exiuit
569 2145 626 2187 ab
671 2146 754 2188 hoc
791 2146 1086 2202 prouerbium,
1129 2145 1267 2198 Quasi
1306 2145 1555 2189 Nembroth

102 2290 122 2328 5
146 2282 322 2329 hystoriis
338 2281 378 2317 M
519 2290 540 2326 7
565 2280 627 2318 dei
643 2280 765 2327 digito
781 2280 822 2316 M
978 2292 1022 2326 14
1045 2280 1260 2318 Tirannidis
1276 2281 1337 2318 CB
1508 2293 1550 2320 21

100 2341 238 2366 sennar
253 2329 279 2365 S
420 2338 464 2373 27
490 2328 667 2373 Domino]
684 2328 755 2365 deo
773 2328 813 2363 M

147 2465 169 2500 3
194 2456 365 2491 conuiuia
382 2455 667 2491 Centaurorum·
690 2465 723 2489 ν.
739 2453 846 2490 Ovid.
860 2455 1005 2490 Metam.
1027 2453 1094 2491 xii.
1270 2456 1293 2491 6
1319 2457 1380 2491 ills·
1393 2457 1492 2492 etc.-
1482 2484 1491 2492 .
1517 2469 1550 2493 v.

99 2500 302 2546 Geni-ioh,
320 2502 541 2537 Diestaats-
558 2502 901 2538 undKirchenlehre
913 2502 997 2537 Joh.
1014 2503 1168 2537 wnSal.
1185 2514 1222 2548 p.
1242 2512 1332 2546 114;
1357 2502 1404 2538 cf.
1420 2505 1551 2541 Policr.

98 2548 162 2584 vii.
181 2559 234 2591 12,
250 2548 298 2584 vi.
315 2559 372 2594 29,
389 2550 535 2583 Enthet.
555 2557 643 2593 1197
655 2558 755 2593 seqq.
929 2549 951 2584 8
974 2550 1123 2584 Primus
1136 2550 1234 2585 eta:
1259 2548 1314 2585 De
1330 2549 1548 2592 Nembroth‚

99 2595 146 2632 de
161 2595 259 2632 turri
279 2595 408 2638 Babel,
427 2597 467 2632 et
490 2595 537 2632 de
560 2594 769 2640 tyrannidis
794 2593 941 2640 origine
963 2606 1058 2640 quae
1080 2595 1144 2632 hic
1168 2595 1317 2642 scripsit
1340 2600 1477 2639 noster,
1503 2609 1550 2634 ex

99 2641 250 2688 Iosephi
266 2644 414 2688 Antiqua.
431 2642 456 2678 i.
477 2651 494 2688 5
512 2641 681 2678 versione
707 2641 907 2677 Rufiniana
930 2642 1129 2687 excerpsit.
1339 2654 1363 2690 9
1386 2646 1550 2680 robustus

98 2694 252 2724 uenator
267 2694 391 2724 contra
413 2691 631 2724 Dominum:
658 2688 750 2725 Gen.
767 2701 802 2724 x.
819 2699 852 2734 9,
875 2700 947 2725 sec.
963 2700 1053 2725 vers.
1076 2689 1222 2735 antiqu.
1238 2690 1285 2726 ab
1301 2690 1395 2737 Aug.
1413 2693 1456 2726 de
1476 2693 1548 2727 cio.

101 2736 180 2778 Dei,
198 2735 271 2771 xvi.
286 2746 308 2771 2
324 2735 493 2772 citatam.
582 2745 637 2780 19,
651 2746 698 2771 20
720 2737 948 2781 Principium
964 2738 1056 2772 etc.·
1079 2735 1174 2772 Gen.
1189 2747 1224 2772 1.
1242 2747 1295 2773 10.
1383 2748 1424 2773 21
1452 2744 1549 2774 terra

98 2784 194 2819 eta:
220 2781 312 2820 Gen.
330 2782 508 2829 xiiseqq„
525 2781 687 2830 Ephes.
676 2782 715 2818 1i.
734 2793 791 2826 20,
809 2793 864 2819 21.
959 2784 1004 2820 28
1026 2785 1159 2820 Est-suit
1174 2786 1268 2822 etc:
1293 2782 1390 2822 Gen.
1406 2796 1442 2820 x.
1459 2795 1493 2831 9.

1397 2863 1440 2901 27
