1878 3172
175 160 259 199 443
279 149 308 190 d
651 149 909 194 IOANNIS
949 149 1461 196 SARESBERIENSIS
1615 154 1724 209 [ΗΒ.
1740 164 1782 197 11

321 273 620 327 prosternunt,
639 270 745 313 dum
765 270 838 314 uel
863 271 1005 313 uitam
1025 271 1282 314 diuturnam
1302 275 1382 316 aut
1400 273 1555 316 mundi
1574 287 1783 331 prospera

321 340 558 383 deiciendis
591 341 871 397 promittunt,
905 340 977 383 uel
1009 356 1032 384 e
1066 344 1221 384 contra
1258 342 1536 385 imminentia
1574 342 1670 385 fata
1703 345 1783 385 aut

172 422 255 462 444
275 423 305 452 a
322 410 455 453 seculi
472 410 658 453 aduersa
672 411 902 454 minantur
913 411 1144 468 erigendis.
1183 411 1315 455 Certe
1327 412 1595 468 superiorem
1610 411 1783 456 timoris

320 479 393 521 uel
425 479 679 523 inferiorem
715 470 813 538 spei*
841 481 1015 531 molam,
1050 481 1210 538 quibus
1243 481 1386 524 fidelis
1416 482 1565 524 anima
1598 481 1646 523 in
1679 495 1783 524 area

319 549 475 591 mundi
514 550 686 601 teritur,
721 551 875 593 tollere
914 550 1216 607 prohibentur.
1285 551 1468 594 Tollunt
1503 565 1594 594 non
1631 553 1782 594 tamen
1801 563 1819 598 5

319 620 413 660 tam
448 619 495 660 in
531 634 656 662 suam
691 623 736 663 et
768 621 995 663 clientelae
1025 635 1129 663 suae
1160 620 1397 677 perniciem
1432 635 1566 677 quam
1599 620 1647 662 111
1679 634 1781 663 con·

319 688 547 730 tumeliam
596 690 882 746 prohibentis.
960 690 1126 732 Verum
1170 690 1285 733 sicut
1323 689 1456 732 series
1501 704 1649 732 rerum
1697 688 1781 732 Dei

317 757 643 811 prouidentiam
670 774 760 802 non
789 759 1010 809 immutat,
1035 759 1096 802 sic
1123 761 1168 802 et
1195 762 1348 802 eterna
1376 758 1606 816 dispositio
1633 773 1782 801 rerum

317 829 523 868 naturam
543 842 632 870 non
657 829 847 885 perimit.
906 828 1062 885 Neque
1083 829 1199 871 enim
1229 829 1360 871 homo
1386 842 1475 871 non
1495 842 1672 884 peccare
1690 842 1781 871 non

316 897 501 949 poterat,
528 897 632 952 quia
653 912 752 940 eum
783 897 903 940 Deus
927 899 1220 954 praenouerat
1248 899 1543 954 peccaturum,
1570 899 1649 939 aut
1675 896 1781 953 quia
1801 910 1842 934 10

317 963 390 1006 ille
403 980 492 1008 non
505 980 682 1022 peccare
698 969 884 1023 poterat,
896 981 996 1009 eum
1009 969 1290 1023 peccaturum
1304 966 1520 1009 Dominus
1533 966 1779 1022 ignorabat.

317 1033 473 1090 Neque
494 1050 582 1078 non
603 1036 713 1078 mori
734 1051 859 1093 posse
880 1036 1113 1086 nesciebat,
1128 1051 1178 1078 00
1194 1036 1311 1092 quod
1326 1038 1422 1078 erat
1435 1034 1603 1092 peccati
1622 1035 1780 1078 merito

315 1104 570 1147 moriturus.
639 1105 794 1161 Neque
827 1120 927 1148 eum
958 1106 1070 1148 mori
1102 1120 1275 1148 necesse
1309 1107 1415 1155 erat,
1451 1104 1658 1160 quoniam
1698 1104 1780 1147 1100

317 1171 533 1216 Dominus
582 1175 864 1231 praesciebat.
945 1175 1107 1218 Factus
1156 1178 1224 1218 est
1270 1174 1410 1231 igitur
1458 1173 1778 1229 quodammodo

267 1241 296 1279 b
315 1241 589 1293 immortalis,
633 1244 785 1300 procul
829 1244 964 1287 dubio
1007 1244 1272 1296 moriturus3
1320 1245 1366 1286 et
1412 1246 1599 1285 mortem
1648 1243 1777 1300 culpa
1798 1253 1837 1287 15

315 1311 482 1362 attulit,
522 1327 654 1368 quam
700 1316 887 1356 naturae
933 1312 1127 1356 conditio
1169 1327 1258 1355 non
1299 1311 1484 1354 inuexit.
1563 1311 1776 1367 Essetque

314 1380 371 1422 ab
411 1395 462 1423 ea
496 1381 830 1424 immortalitate
866 1397 954 1438 qua
992 1397 1081 1424 non
1116 1382 1227 1424 mori
1259 1383 1445 1438 poterat,
1479 1381 1526 1422 in
1558 1396 1654 1423 eam
1689 1396 1778 1437 qua

313 1449 425 1491 mori
466 1464 555 1492 non
589 1453 736 1506 posset
775 1450 1119 1500 transferendus,
1154 1451 1240 1492 nisi
1279 1450 1409 1506 culpa
1442 1449 1777 1500 inobedientiae,
1857 1464 1864 1469 ·

313 1518 509 1573 praecisa
528 1519 725 1562 iustitiae
745 1520 913 1570 semita,
932 1522 1084 1562 tantae
1103 1519 1269 1576 gloriae
1289 1519 1458 1561 aditum
1478 1534 1558 1575 pro
1579 1522 1776 1576 tempore

312 1587 630 1642 praeclusisset.
690 1588 850 1644 Itaque
877 1592 1055 1643 peccare
1082 1590 1127 1630 et
1155 1603 1243 1630 non
1270 1602 1446 1644 peccare
1476 1588 1623 1644 potuit
1653 1602 1775 1630 mera
1795 1598 1838 1622 20

312 1656 540 1711 praeditus
564 1656 770 1699 libertate
791 1657 976 1707 arbitrii,
992 1657 1068 1713 qui
1089 1657 1211 1700 nulla
1231 1657 1529 1712 dispositionis
1549 1657 1774 1711 uiolentia,
1875 1654 1878 1658 ⁴

312 1724 434 1767 nullo
473 1724 667 1767 fatorum
710 1725 915 1782 impulsu,
954 1725 1076 1768 nullo
1116 1726 1380 1768 conditionis
1421 1725 1612 1775 stimulo,
1651 1725 1775 1768 nullo

312 1793 456 1836 adhuc
471 1797 657 1836 naturae
673 1794 849 1837 defectu
864 1795 1107 1851 urgebatur
1119 1794 1175 1836 ad
1192 1795 1378 1851 culpam,
1393 1809 1506 1851 quae
1521 1795 1775 1838 indubitata

310 1876 470 1918 parens
493 1877 631 1919 paene
658 1863 879 1905 hominem
909 1866 1065 1920 sponte
1091 1864 1262 1920 lapsum
1288 1864 1474 1920 impegit
1497 1864 1544 1905 in
1571 1867 1770 1907 mortem.

310 1931 477 1974 Verum
510 1932 614 1988 quia
648 1932 695 1974 in
725 1932 947 1974 iniustitia
979 1931 1106 1974 frena
1134 1932 1307 1975 laxauit
1336 1933 1522 1983 arbitrii,
1552 1933 1613 1976 sic
1642 1933 1690 1975 in
1719 1947 1772 1976 ea
1791 1941 1832 1974 25

310 2015 543 2056 oppressus
574 2004 618 2043 et
648 2001 833 2043 obrutus
862 2001 986 2051 iacet,
1006 2004 1058 2044 ut
1087 2002 1204 2044 iusto
1224 2001 1307 2044 Dei
1338 2001 1511 2054 iudicio,
1533 2003 1636 2058 quia
1665 2005 1772 2046 tunc
1871 2002 1874 2003 ⁷

310 2069 454 2112 noluit
486 2084 513 2111 a
545 2072 723 2125 peccato
753 2070 973 2112 abstinere
1004 2084 1104 2112 cum
1133 2070 1291 2126 potuit,
1320 2069 1450 2113 modo
1478 2073 1668 2126 nequeat
1697 2070 1771 2113 ab·

269 2153 293 2181 c
310 2139 473 2181 stinere
493 2153 593 2181 cum
613 2139 735 2182 uelit.
791 2138 847 2181 In
868 2153 918 2181 eo
937 2141 1087 2181 tamen
1107 2139 1199 2181 solo
1218 2139 1362 2183 adhuc
1382 2139 1422 2182 ei
1442 2139 1629 2182 liberum
1648 2141 1773 2198 uiget

309 2208 557 2259 arbitrium,
596 2210 648 2250 ut
688 2208 772 2250 sibi
812 2207 868 2250 ad
909 2222 1019 2264 opus
1058 2207 1308 2263 iniquitatis
1351 2207 1552 2261 sufficiat,
1573 2209 1674 2252 ,etsi
1714 2207 1772 2251 ad

307 2275 471 2318 bonum
500 2291 589 2318 non
620 2276 706 2318 nisi
737 2291 764 2318 a
790 2276 937 2333 gratia
966 2278 1233 2332 praeuentus
1265 2278 1311 2318 et
1339 2276 1518 2319 adiutus
1553 2280 1769 2334 assurgat.
1789 2289 1832 2324 30

308 2343 381 2386 Sic
420 2344 638 2386 iustitiam
677 2359 757 2400 per
795 2359 840 2386 se
881 2344 1085 2386 deserens
1123 2344 1353 2387 traductus
1392 2346 1460 2386 est
1497 2345 1545 2386 in
1584 2359 1771 2402 regnum
1874 2337 1878 2339 ⁵

307 2413 474 2468 peccati
515 2415 559 2455 et
598 2413 765 2464 mortis,
803 2415 856 2455 ut
896 2413 1001 2469 iugo
1035 2413 1264 2455 seruitutis
1303 2426 1478 2469 pressus
1519 2414 1771 2457 necessitati

227 2474 236 2488 ’
308 2480 590 2537 delinquendi
612 2484 657 2524 et
673 2482 887 2525 moriendi
903 2473 1136 2531 subiaceat,
1151 2481 1353 2537 quamuis
1367 2481 1449 2524 hoc
1467 2495 1558 2524 non
1573 2481 1770 2526 fatorum

307 2548 440 2590 series
474 2549 550 2591 sed
579 2550 969 2605 praeuaricationis
997 2550 1206 2592 meritum
1235 2549 1499 2594 introducat.
1556 2549 1768 2608 Alioquin

306 2615 528 2658 hominem
544 2618 667 2660 nulla
686 2619 859 2661 iustitia
873 2617 1223 2674 condempnabit,
1239 2632 1337 2661 cum
1353 2617 1484 2674 culpa
1498 2633 1587 2661 non
1602 2619 1650 2661 in
1665 2634 1766 2663 eum
1785 2631 1826 2666 35
1868 2643 1876 2670 Χι

304 2776 365 2813 ΟΒ
508 2789 529 2824 3
535 2788 553 2825 5
579 2779 848 2816 condemnabit
865 2779 890 2816 S

306 2738 324 2775 5
351 2730 444 2776 11011]
461 2732 588 2767 tamen
607 2731 673 2767 SM
772 2743 816 2778 19
841 2731 1009 2778 prescisa,
1020 2731 1086 2769 SM
1197 2741 1240 2779 25
1267 2731 1308 2768 in
1327 2743 1394 2769 om.
1415 2733 1475 2770 CB
1548 2732 1765 2772 iniusticiae
1859 2719 1878 2825 ἐ

417 2856 480 2891 114
1860 2813 1878 2961 3]

1871 3098 1878 3127 3.
