<?xml version="1.0" encoding="UTF-8"?>
<!DOCTYPE html PUBLIC "-//W3C//DTD XHTML 1.0 Transitional//EN"
    "http://www.w3.org/TR/xhtml1/DTD/xhtml1-transitional.dtd">
<html xmlns="http://www.w3.org/1999/xhtml" xml:lang="en" lang="en">
 <head>
  <title>
</title>
<meta http-equiv="Content-Type" content="text/html;charset=utf-8" />
  <meta name='ocr-system' content='tesseract 3.04.00' />
  <meta name='ocr-capabilities' content='ocr_page ocr_carea ocr_par ocr_line ocrx_word'/>
</head>
<body>
  <div class='ocr_page' id='page_1' title='image "./ioannissaresberi01johnuoft_0190.png"; bbox 0 0 1878 3172; ppageno 0'>
   <div class='ocr_carea' id='block_1_1' title="bbox 156 153 290 201">
    <p class='ocr_par' dir='ltr' id='par_1_1' title="bbox 156 153 290 201">
     <span class='ocr_line' id='line_1_1' title="bbox 156 153 290 201; baseline 0.007 -1"><span class='ocrx_word' id='word_1_1' title='bbox 156 153 238 201; x_wconf 87' lang='lat'>456</span> <span class='ocrx_word' id='word_1_2' title='bbox 259 162 290 192; x_wconf 87' lang='lat' dir='ltr'>a</span> 
     </span>
    </p>
   </div>
   <div class='ocr_carea' id='block_1_2' title="bbox 259 759 288 797">
    <p class='ocr_par' dir='ltr' id='par_1_2' title="bbox 259 759 288 797">
     <span class='ocr_line' id='line_1_2' title="bbox 259 759 288 797; baseline 0 0"><span class='ocrx_word' id='word_1_3' title='bbox 259 759 288 797; x_wconf 90' lang='lat' dir='ltr'>b</span> 
     </span>
    </p>
   </div>
   <div class='ocr_carea' id='block_1_3' title="bbox 265 1594 290 1622">
    <p class='ocr_par' dir='ltr' id='par_1_3' title="bbox 265 1594 290 1622">
     <span class='ocr_line' id='line_1_3' title="bbox 265 1594 290 1622; baseline 0 0"><span class='ocrx_word' id='word_1_4' title='bbox 265 1594 290 1622; x_wconf 80' lang='lat' dir='ltr'>C</span> 
     </span>
    </p>
   </div>
   <div class='ocr_carea' id='block_1_4' title="bbox 633 149 1770 211">
    <p class='ocr_par' dir='ltr' id='par_1_4' title="bbox 633 149 1770 211">
     <span class='ocr_line' id='line_1_4' title="bbox 633 149 1770 211; baseline 0.002 -18"><span class='ocrx_word' id='word_1_5' title='bbox 633 149 894 193; x_wconf 88' lang='lat' dir='ltr'>IOANNIS</span> <span class='ocrx_word' id='word_1_6' title='bbox 935 149 1450 194; x_wconf 84' lang='lat' dir='ltr'>SARESBERIENSIS</span> <span class='ocrx_word' id='word_1_7' title='bbox 1603 149 1712 211; x_wconf 71' lang='grc' dir='ltr'><strong>[ΠΒ.</strong></span> <span class='ocrx_word' id='word_1_8' title='bbox 1729 163 1770 195; x_wconf 92' lang='lat'>11</span> 
     </span>
    </p>
   </div>
   <div class='ocr_carea' id='block_1_5' title="bbox 304 268 1772 1427">
    <p class='ocr_par' dir='ltr' id='par_1_5' title="bbox 304 268 1772 1427">
     <span class='ocr_line' id='line_1_5' title="bbox 306 268 1770 328; baseline 0.001 -16"><span class='ocrx_word' id='word_1_9' title='bbox 306 269 423 327; x_wconf 90' lang='lat' dir='ltr'>quod</span> <span class='ocrx_word' id='word_1_10' title='bbox 453 269 580 327; x_wconf 88' lang='lat' dir='ltr'>signa</span> <span class='ocrx_word' id='word_1_11' title='bbox 613 268 855 312; x_wconf 80' lang='lat' dir='ltr'>uniformia</span> <span class='ocrx_word' id='word_1_12' title='bbox 886 268 989 321; x_wconf 91' lang='lat' dir='ltr'>sint,</span> <span class='ocrx_word' id='word_1_13' title='bbox 1018 269 1136 312; x_wconf 92' lang='lat' dir='ltr'>unde</span> <span class='ocrx_word' id='word_1_14' title='bbox 1170 269 1249 312; x_wconf 91' lang='lat' dir='ltr'>illa</span> <span class='ocrx_word' id='word_1_15' title='bbox 1281 284 1372 312; x_wconf 89' lang='lat' dir='ltr'>una</span> <span class='ocrx_word' id='word_1_16' title='bbox 1406 270 1670 328; x_wconf 85' lang='lat' dir='ltr'>significatio</span> <span class='ocrx_word' id='word_1_17' title='bbox 1703 271 1770 314; x_wconf 89' lang='lat' dir='ltr'>in·</span> 
     </span>
     <span class='ocr_line' id='line_1_6' title="bbox 304 338 1771 395; baseline 0.001 -14"><span class='ocrx_word' id='word_1_18' title='bbox 304 339 504 389; x_wconf 87' lang='lat' dir='ltr'>notescit,</span> <span class='ocrx_word' id='word_1_19' title='bbox 538 341 618 381; x_wconf 91' lang='lat' dir='ltr'>aut</span> <span class='ocrx_word' id='word_1_20' title='bbox 657 338 764 395; x_wconf 89' lang='lat' dir='ltr'>quid</span> <span class='ocrx_word' id='word_1_21' title='bbox 804 353 900 381; x_wconf 87' lang='lat' dir='ltr'>eam</span> <span class='ocrx_word' id='word_1_22' title='bbox 939 338 1145 394; x_wconf 87' lang='lat' dir='ltr'>prohibet</span> <span class='ocrx_word' id='word_1_23' title='bbox 1184 353 1277 382; x_wconf 90' lang='lat' dir='ltr'>esse</span> <span class='ocrx_word' id='word_1_24' title='bbox 1317 338 1510 384; x_wconf 61' lang='lat' dir='ltr'>falsam?</span> <span class='ocrx_word' id='word_1_25' title='bbox 1583 340 1771 391; x_wconf 86' lang='lat' dir='ltr'>Natura,</span> 
     </span>
     <span class='ocr_line' id='line_1_7' title="bbox 304 407 1772 464; baseline 0.001 -14"><span class='ocrx_word' id='word_1_26' title='bbox 304 408 482 464; x_wconf 64' lang='lat' dir='ltr'>inquis?</span> <span class='ocrx_word' id='word_1_27' title='bbox 541 408 682 450; x_wconf 91' lang='lat' dir='ltr'>Illane</span> <span class='ocrx_word' id='word_1_28' title='bbox 702 422 814 464; x_wconf 86' lang='lat' dir='ltr'>quae</span> <span class='ocrx_word' id='word_1_29' title='bbox 841 407 889 449; x_wconf 92' lang='lat' dir='ltr'>in</span> <span class='ocrx_word' id='word_1_30' title='bbox 909 407 1051 458; x_wconf 87' lang='lat' dir='ltr'>rebus,</span> <span class='ocrx_word' id='word_1_31' title='bbox 1072 422 1130 449; x_wconf 88' lang='lat' dir='ltr'>an</span> <span class='ocrx_word' id='word_1_32' title='bbox 1151 422 1263 464; x_wconf 91' lang='lat' dir='ltr'>quae</span> <span class='ocrx_word' id='word_1_33' title='bbox 1289 408 1337 450; x_wconf 91' lang='lat' dir='ltr'>in</span> <span class='ocrx_word' id='word_1_34' title='bbox 1361 409 1514 452; x_wconf 90' lang='lat' dir='ltr'>diuina</span> <span class='ocrx_word' id='word_1_35' title='bbox 1539 409 1772 452; x_wconf 88' lang='lat' dir='ltr'>uoluntate</span> 
     </span>
     <span class='ocr_line' id='line_1_8' title="bbox 305 476 1772 534; baseline 0.001 -14"><span class='ocrx_word' id='word_1_36' title='bbox 305 477 540 520; x_wconf 59' lang='lat' dir='ltr'>consistit?</span> <span class='ocrx_word' id='word_1_37' title='bbox 611 477 746 519; x_wconf 91' lang='lat' dir='ltr'>Porro</span> <span class='ocrx_word' id='word_1_38' title='bbox 781 476 959 519; x_wconf 89' lang='lat' dir='ltr'>diuinae</span> <span class='ocrx_word' id='word_1_39' title='bbox 993 491 1083 519; x_wconf 90' lang='lat' dir='ltr'>non</span> <span class='ocrx_word' id='word_1_40' title='bbox 1117 477 1330 534; x_wconf 89' lang='lat' dir='ltr'>obloquor</span> <span class='ocrx_word' id='word_1_41' title='bbox 1361 478 1597 530; x_wconf 89' lang='lat' dir='ltr'>uoluntati,</span> <span class='ocrx_word' id='word_1_42' title='bbox 1631 478 1772 522; x_wconf 88' lang='lat' dir='ltr'>sciens</span> 
     </span>
     <span class='ocr_line' id='line_1_9' title="bbox 306 544 1772 603; baseline 0.001 -15"><span class='ocrx_word' id='word_1_43' title='bbox 306 546 411 603; x_wconf 84' lang='lat' dir='ltr'>quia</span> <span class='ocrx_word' id='word_1_44' title='bbox 440 546 599 597; x_wconf 86' lang='lat' dir='ltr'>omnia,</span> <span class='ocrx_word' id='word_1_45' title='bbox 621 560 919 602; x_wconf 87' lang='lat' dir='ltr'>quaecumque</span> <span class='ocrx_word' id='word_1_46' title='bbox 946 545 1101 596; x_wconf 91' lang='lat' dir='ltr'>uoluit,</span> <span class='ocrx_word' id='word_1_47' title='bbox 1121 544 1238 588; x_wconf 88' lang='lat' dir='ltr'>fecit.</span> <span class='ocrx_word' id='word_1_48' title='bbox 1299 545 1349 589; x_wconf 83' lang='lat' dir='ltr'>Si</span> <span class='ocrx_word' id='word_1_49' title='bbox 1376 561 1428 589; x_wconf 87' lang='lat' dir='ltr'>ea</span> <span class='ocrx_word' id='word_1_50' title='bbox 1454 547 1538 590; x_wconf 91' lang='lat' dir='ltr'>tibi</span> <span class='ocrx_word' id='word_1_51' title='bbox 1563 546 1772 597; x_wconf 88' lang='lat' dir='ltr'>innotuit,</span> 
     </span>
     <span class='ocr_line' id='line_1_10' title="bbox 306 614 1772 671; baseline 0 -13"><span class='ocrx_word' id='word_1_52' title='bbox 306 615 417 658; x_wconf 92' lang='lat' dir='ltr'>bene</span> <span class='ocrx_word' id='word_1_53' title='bbox 453 618 530 658; x_wconf 84' lang='lat' dir='ltr'>est.</span> <span class='ocrx_word' id='word_1_54' title='bbox 591 615 720 657; x_wconf 92' lang='lat' dir='ltr'>Potes</span> <span class='ocrx_word' id='word_1_55' title='bbox 751 614 906 671; x_wconf 91' lang='lat' dir='ltr'>utique</span> <span class='ocrx_word' id='word_1_56' title='bbox 940 614 989 656; x_wconf 92' lang='lat' dir='ltr'>in</span> <span class='ocrx_word' id='word_1_57' title='bbox 1016 614 1183 657; x_wconf 88' lang='lat' dir='ltr'>lumine</span> <span class='ocrx_word' id='word_1_58' title='bbox 1218 615 1295 658; x_wconf 94' lang='lat' dir='ltr'>illo</span> <span class='ocrx_word' id='word_1_59' title='bbox 1337 615 1490 659; x_wconf 89' lang='lat' dir='ltr'>uidere</span> <span class='ocrx_word' id='word_1_60' title='bbox 1529 616 1690 667; x_wconf 92' lang='lat' dir='ltr'>lumen,</span> <span class='ocrx_word' id='word_1_61' title='bbox 1726 618 1772 659; x_wconf 92' lang='lat' dir='ltr'>et</span> 
     </span>
     <span class='ocr_line' id='line_1_11' title="bbox 306 683 1771 743; baseline 0 -16"><span class='ocrx_word' id='word_1_62' title='bbox 306 699 414 727; x_wconf 86' lang='lat' dir='ltr'>uera</span> <span class='ocrx_word' id='word_1_63' title='bbox 445 684 699 726; x_wconf 88' lang='lat' dir='ltr'>indubitata</span> <span class='ocrx_word' id='word_1_64' title='bbox 733 684 788 726; x_wconf 93' lang='lat' dir='ltr'>de</span> <span class='ocrx_word' id='word_1_65' title='bbox 819 684 933 726; x_wconf 90' lang='lat' dir='ltr'>libro</span> <span class='ocrx_word' id='word_1_66' title='bbox 967 683 1176 740; x_wconf 86' lang='lat' dir='ltr'>proferre,</span> <span class='ocrx_word' id='word_1_67' title='bbox 1206 684 1283 741; x_wconf 88' lang='lat' dir='ltr'>qui</span> <span class='ocrx_word' id='word_1_68' title='bbox 1318 685 1417 728; x_wconf 91' lang='lat' dir='ltr'>aliis</span> <span class='ocrx_word' id='word_1_69' title='bbox 1451 685 1653 743; x_wconf 84' lang='lat' dir='ltr'>signatus</span> <span class='ocrx_word' id='word_1_70' title='bbox 1686 684 1771 728; x_wconf 90' lang='lat' dir='ltr'>tibi</span> 
     </span>
     <span class='ocr_line' id='line_1_12' title="bbox 308 753 1771 810; baseline 0 -14"><span class='ocrx_word' id='word_1_71' title='bbox 308 757 488 810; x_wconf 87' lang='lat' dir='ltr'>apertus</span> <span class='ocrx_word' id='word_1_72' title='bbox 528 756 607 804; x_wconf 92' lang='lat' dir='ltr'>est,</span> <span class='ocrx_word' id='word_1_73' title='bbox 646 753 694 795; x_wconf 91' lang='lat' dir='ltr'>in</span> <span class='ocrx_word' id='word_1_74' title='bbox 734 767 822 809; x_wconf 91' lang='lat' dir='ltr'>quo</span> <span class='ocrx_word' id='word_1_75' title='bbox 861 755 967 796; x_wconf 88' lang='lat' dir='ltr'>sunt</span> <span class='ocrx_word' id='word_1_76' title='bbox 1005 767 1156 796; x_wconf 88' lang='lat' dir='ltr'>omnes</span> <span class='ocrx_word' id='word_1_77' title='bbox 1196 753 1439 810; x_wconf 69' lang='lat' dir='ltr'>sapientiae</span> <span class='ocrx_word' id='word_1_78' title='bbox 1478 757 1524 797; x_wconf 91' lang='lat' dir='ltr'>et</span> <span class='ocrx_word' id='word_1_79' title='bbox 1562 754 1771 798; x_wconf 86' lang='lat' dir='ltr'>scientiae</span> 
     </span>
     <span class='ocr_line' id='line_1_13' title="bbox 306 822 1770 880; baseline 0 -14"><span class='ocrx_word' id='word_1_80' title='bbox 306 823 503 866; x_wconf 89' lang='lat' dir='ltr'>thesauri</span> <span class='ocrx_word' id='word_1_81' title='bbox 552 823 810 873; x_wconf 70' lang='lat' dir='ltr'>absconditi,</span> <span class='ocrx_word' id='word_1_82' title='bbox 849 837 980 879; x_wconf 91' lang='lat' dir='ltr'>quem</span> <span class='ocrx_word' id='word_1_83' title='bbox 1028 822 1195 865; x_wconf 87' lang='lat' dir='ltr'>nemini</span> <span class='ocrx_word' id='word_1_84' title='bbox 1243 823 1414 880; x_wconf 86' lang='lat' dir='ltr'>aperire</span> <span class='ocrx_word' id='word_1_85' title='bbox 1460 823 1632 867; x_wconf 86' lang='lat' dir='ltr'>licitum</span> <span class='ocrx_word' id='word_1_86' title='bbox 1677 838 1770 866; x_wconf 88' lang='lat' dir='ltr'>esse</span> 
     </span>
     <span class='ocr_line' id='line_1_14' title="bbox 307 892 1769 949; baseline 0 -14"><span class='ocrx_word' id='word_1_87' title='bbox 307 892 546 942; x_wconf 84' lang='lat' dir='ltr'>audieram,</span> <span class='ocrx_word' id='word_1_88' title='bbox 577 892 663 934; x_wconf 90' lang='lat' dir='ltr'>nisi</span> <span class='ocrx_word' id='word_1_89' title='bbox 703 892 834 949; x_wconf 84' lang='lat' dir='ltr'>Agno</span> <span class='ocrx_word' id='word_1_90' title='bbox 870 892 946 948; x_wconf 83' lang='lat' dir='ltr'>qui</span> <span class='ocrx_word' id='word_1_91' title='bbox 986 892 1152 935; x_wconf 90' lang='lat' dir='ltr'>occisus</span> <span class='ocrx_word' id='word_1_92' title='bbox 1192 895 1259 935; x_wconf 90' lang='lat' dir='ltr'>est</span> <span class='ocrx_word' id='word_1_93' title='bbox 1294 895 1340 935; x_wconf 90' lang='lat' dir='ltr'>et</span> <span class='ocrx_word' id='word_1_94' title='bbox 1373 895 1560 935; x_wconf 89' lang='lat' dir='ltr'>mortem</span> <span class='ocrx_word' id='word_1_95' title='bbox 1599 892 1769 935; x_wconf 89' lang='lat' dir='ltr'>uirtute</span> 
     </span>
     <span class='ocr_line' id='line_1_15' title="bbox 305 961 1770 1018; baseline -0.001 -14"><span class='ocrx_word' id='word_1_96' title='bbox 305 961 484 1018; x_wconf 85' lang='lat' dir='ltr'>propria</span> <span class='ocrx_word' id='word_1_97' title='bbox 510 961 746 1004; x_wconf 90' lang='lat' dir='ltr'>interemit.</span> <span class='ocrx_word' id='word_1_98' title='bbox 805 961 911 1004; x_wconf 90' lang='lat' dir='ltr'>Noli</span> <span class='ocrx_word' id='word_1_99' title='bbox 940 961 1097 1004; x_wconf 88' lang='lat' dir='ltr'>amodo</span> <span class='ocrx_word' id='word_1_100' title='bbox 1126 976 1226 1005; x_wconf 92' lang='lat' dir='ltr'>cum</span> <span class='ocrx_word' id='word_1_101' title='bbox 1246 961 1460 1018; x_wconf 90' lang='lat' dir='ltr'>Apostolo</span> <span class='ocrx_word' id='word_1_102' title='bbox 1487 962 1641 1004; x_wconf 89' lang='lat' dir='ltr'>mirari</span> <span class='ocrx_word' id='word_1_103' title='bbox 1669 961 1770 1004; x_wconf 90' lang='lat' dir='ltr'>alti-</span> 
     </span>
     <span class='ocr_line' id='line_1_16' title="bbox 306 1030 1771 1087; baseline 0 -14"><span class='ocrx_word' id='word_1_104' title='bbox 306 1030 507 1073; x_wconf 79' lang='lat' dir='ltr'>tudinem</span> <span class='ocrx_word' id='word_1_105' title='bbox 537 1030 797 1073; x_wconf 85' lang='lat' dir='ltr'>diuitiarum</span> <span class='ocrx_word' id='word_1_106' title='bbox 827 1030 1070 1087; x_wconf 71' lang='lat' dir='ltr'>sapientiae</span> <span class='ocrx_word' id='word_1_107' title='bbox 1100 1034 1146 1073; x_wconf 92' lang='lat' dir='ltr'>et</span> <span class='ocrx_word' id='word_1_108' title='bbox 1174 1031 1383 1074; x_wconf 72' lang='lat' dir='ltr'>scientiae</span> <span class='ocrx_word' id='word_1_109' title='bbox 1423 1031 1518 1082; x_wconf 89' lang='lat' dir='ltr'>Dei,</span> <span class='ocrx_word' id='word_1_110' title='bbox 1547 1045 1648 1075; x_wconf 90' lang='lat' dir='ltr'>cum</span> <span class='ocrx_word' id='word_1_111' title='bbox 1686 1030 1771 1073; x_wconf 90' lang='lat' dir='ltr'>tibi</span> 
     </span>
     <span class='ocr_line' id='line_1_17' title="bbox 306 1099 1772 1157; baseline -0.001 -14"><span class='ocrx_word' id='word_1_112' title='bbox 306 1099 717 1156; x_wconf 87' lang='lat' dir='ltr'>comprehensibilia</span> <span class='ocrx_word' id='word_1_113' title='bbox 766 1099 857 1142; x_wconf 88' lang='lat' dir='ltr'>sint</span> <span class='ocrx_word' id='word_1_114' title='bbox 905 1099 1069 1142; x_wconf 89' lang='lat' dir='ltr'>iudicia</span> <span class='ocrx_word' id='word_1_115' title='bbox 1118 1099 1211 1142; x_wconf 90' lang='lat' dir='ltr'>eius</span> <span class='ocrx_word' id='word_1_116' title='bbox 1252 1103 1297 1143; x_wconf 92' lang='lat' dir='ltr'>et</span> <span class='ocrx_word' id='word_1_117' title='bbox 1340 1103 1560 1157; x_wconf 89' lang='lat' dir='ltr'>astrorum</span> <span class='ocrx_word' id='word_1_118' title='bbox 1607 1100 1772 1144; x_wconf 88' lang='lat' dir='ltr'>ducatu</span> 
     </span>
     <span class='ocr_line' id='line_1_18' title="bbox 305 1168 1772 1226; baseline 0 -15"><span class='ocrx_word' id='word_1_119' title='bbox 305 1169 669 1226; x_wconf 87' lang='lat' dir='ltr'>peruestigabiles</span> <span class='ocrx_word' id='word_1_120' title='bbox 698 1168 798 1211; x_wconf 90' lang='lat' dir='ltr'>uiae</span> <span class='ocrx_word' id='word_1_121' title='bbox 828 1168 933 1219; x_wconf 90' lang='lat' dir='ltr'>eius,</span> <span class='ocrx_word' id='word_1_122' title='bbox 963 1169 1133 1226; x_wconf 89' lang='lat' dir='ltr'>tibique</span> <span class='ocrx_word' id='word_1_123' title='bbox 1162 1169 1381 1212; x_wconf 89' lang='lat' dir='ltr'>uadabilis</span> <span class='ocrx_word' id='word_1_124' title='bbox 1410 1169 1470 1212; x_wconf 90' lang='lat' dir='ltr'>sit</span> <span class='ocrx_word' id='word_1_125' title='bbox 1507 1169 1772 1213; x_wconf 90' lang='lat' dir='ltr'>iudiciorum</span> 
     </span>
     <span class='ocr_line' id='line_1_19' title="bbox 307 1238 1771 1295; baseline 0.001 -15"><span class='ocrx_word' id='word_1_126' title='bbox 307 1238 401 1281; x_wconf 91' lang='lat' dir='ltr'>eius</span> <span class='ocrx_word' id='word_1_127' title='bbox 421 1238 608 1294; x_wconf 85' lang='lat' dir='ltr'>abyssus</span> <span class='ocrx_word' id='word_1_128' title='bbox 627 1238 780 1280; x_wconf 90' lang='lat' dir='ltr'>multa.</span> <span class='ocrx_word' id='word_1_129' title='bbox 841 1238 890 1281; x_wconf 84' lang='lat' dir='ltr'>Si</span> <span class='ocrx_word' id='word_1_130' title='bbox 917 1238 971 1281; x_wconf 93' lang='lat' dir='ltr'>de</span> <span class='ocrx_word' id='word_1_131' title='bbox 992 1253 1044 1281; x_wconf 90' lang='lat' dir='ltr'>ea</span> <span class='ocrx_word' id='word_1_132' title='bbox 1063 1241 1225 1281; x_wconf 86' lang='lat' dir='ltr'>natura</span> <span class='ocrx_word' id='word_1_133' title='bbox 1248 1238 1404 1282; x_wconf 89' lang='lat' dir='ltr'>niteris</span> <span class='ocrx_word' id='word_1_134' title='bbox 1425 1253 1536 1295; x_wconf 87' lang='lat' dir='ltr'>quae</span> <span class='ocrx_word' id='word_1_135' title='bbox 1561 1239 1608 1281; x_wconf 92' lang='lat' dir='ltr'>in</span> <span class='ocrx_word' id='word_1_136' title='bbox 1628 1239 1771 1291; x_wconf 87' lang='lat' dir='ltr'>rebus,</span> 
     </span>
     <span class='ocr_line' id='line_1_20' title="bbox 305 1306 1772 1363; baseline 0 -13"><span class='ocrx_word' id='word_1_137' title='bbox 305 1308 354 1350; x_wconf 90' lang='lat' dir='ltr'>id</span> <span class='ocrx_word' id='word_1_138' title='bbox 392 1311 471 1358; x_wconf 87' lang='lat' dir='ltr'>est,</span> <span class='ocrx_word' id='word_1_139' title='bbox 511 1306 734 1363; x_wconf 81' lang='lat' dir='ltr'>frequenti</span> <span class='ocrx_word' id='word_1_140' title='bbox 773 1321 921 1349; x_wconf 88' lang='lat' dir='ltr'>rerum</span> <span class='ocrx_word' id='word_1_141' title='bbox 960 1321 1092 1350; x_wconf 90' lang='lat' dir='ltr'>cursu</span> <span class='ocrx_word' id='word_1_142' title='bbox 1130 1310 1346 1358; x_wconf 87' lang='lat' dir='ltr'>uersatur,</span> <span class='ocrx_word' id='word_1_143' title='bbox 1385 1307 1555 1351; x_wconf 88' lang='lat' dir='ltr'>frustra</span> <span class='ocrx_word' id='word_1_144' title='bbox 1593 1308 1677 1351; x_wconf 88' lang='lat' dir='ltr'>tibi</span> <span class='ocrx_word' id='word_1_145' title='bbox 1716 1307 1772 1350; x_wconf 89' lang='lat' dir='ltr'>de</span> 
     </span>
     <span class='ocr_line' id='line_1_21' title="bbox 307 1375 1772 1427; baseline -0.001 -8"><span class='ocrx_word' id='word_1_146' title='bbox 307 1376 501 1419; x_wconf 89' lang='lat' dir='ltr'>siderum</span> <span class='ocrx_word' id='word_1_147' title='bbox 532 1375 838 1418; x_wconf 79' lang='lat' dir='ltr'>familiaritate</span> <span class='ocrx_word' id='word_1_148' title='bbox 864 1376 1090 1427; x_wconf 89' lang='lat' dir='ltr'>blandiris,</span> <span class='ocrx_word' id='word_1_149' title='bbox 1117 1391 1217 1419; x_wconf 91' lang='lat' dir='ltr'>cum</span> <span class='ocrx_word' id='word_1_150' title='bbox 1247 1391 1274 1418; x_wconf 91' lang='lat' dir='ltr'>a</span> <span class='ocrx_word' id='word_1_151' title='bbox 1303 1376 1433 1419; x_wconf 90' lang='lat' dir='ltr'>solito</span> <span class='ocrx_word' id='word_1_152' title='bbox 1462 1390 1610 1419; x_wconf 88' lang='lat' dir='ltr'>rerum</span> <span class='ocrx_word' id='word_1_153' title='bbox 1640 1390 1772 1420; x_wconf 88' lang='lat' dir='ltr'>cursu</span> 
     </span>
    </p>
   </div>
   <div class='ocr_carea' id='block_1_6' title="bbox 1791 564 1878 600">
    <p class='ocr_par' dir='ltr' id='par_1_6' title="bbox 1791 564 1878 600">
     <span class='ocr_line' id='line_1_22' title="bbox 1791 564 1878 600; baseline 0 -34"><span class='ocrx_word' id='word_1_154' title='bbox 1791 566 1809 600; x_wconf 73' lang='lat'><strong>5</strong></span> <span class='ocrx_word' id='word_1_155' title='bbox 1876 564 1878 566; x_wconf 79' lang='grc'>.</span> 
     </span>
    </p>
   </div>
   <div class='ocr_carea' id='block_1_7' title="bbox 1790 913 1831 936">
    <p class='ocr_par' dir='ltr' id='par_1_7' title="bbox 1790 913 1831 936">
     <span class='ocr_line' id='line_1_23' title="bbox 1790 913 1831 936; baseline 0 0"><span class='ocrx_word' id='word_1_156' title='bbox 1790 913 1831 936; x_wconf 87' lang='lat'>10</span> 
     </span>
    </p>
   </div>
   <div class='ocr_carea' id='block_1_8' title="bbox 1792 1257 1831 1291">
    <p class='ocr_par' dir='ltr' id='par_1_8' title="bbox 1792 1257 1831 1291">
     <span class='ocr_line' id='line_1_24' title="bbox 1792 1257 1831 1291; baseline 0 0"><span class='ocrx_word' id='word_1_157' title='bbox 1792 1257 1831 1291; x_wconf 88' lang='lat'>15</span> 
     </span>
    </p>
   </div>
   <div class='ocr_carea' id='block_1_9' title="bbox 306 1444 1830 1506">
    <p class='ocr_par' dir='ltr' id='par_1_9' title="bbox 306 1440 1878 1507">
     <span class='ocr_line' id='line_1_25' title="bbox 306 1444 1830 1506; baseline 0.001 -20"><span class='ocrx_word' id='word_1_158' title='bbox 306 1445 449 1487; x_wconf 89' lang='lat' dir='ltr'>multa</span> <span class='ocrx_word' id='word_1_159' title='bbox 478 1445 717 1495; x_wconf 84' lang='lat' dir='ltr'>diuertant,</span> <span class='ocrx_word' id='word_1_160' title='bbox 749 1447 794 1487; x_wconf 91' lang='lat' dir='ltr'>et</span> <span class='ocrx_word' id='word_1_161' title='bbox 823 1459 874 1487; x_wconf 93' lang='lat' dir='ltr'>eo</span> <span class='ocrx_word' id='word_1_162' title='bbox 903 1445 1059 1487; x_wconf 87' lang='lat' dir='ltr'>maiori</span> <span class='ocrx_word' id='word_1_163' title='bbox 1089 1445 1380 1488; x_wconf 88' lang='lat' dir='ltr'>admiratione</span> <span class='ocrx_word' id='word_1_164' title='bbox 1414 1444 1581 1488; x_wconf 86' lang='lat' dir='ltr'>feriant</span> <span class='ocrx_word' id='word_1_165' title='bbox 1619 1458 1773 1488; x_wconf 86' lang='lat' dir='ltr'>sensus</span> <span class='ocrx_word' id='word_1_166' title='bbox 1829 1503 1830 1506; x_wconf 11' lang='grc' dir='ltr'><strong>Ἴ</strong></span> 
     </span>
    </p>
   </div>
   <div class='ocr_carea' id='block_1_10' title="bbox 304 1511 1772 2259">
    <p class='ocr_par' dir='ltr' id='par_1_10' title="bbox 304 1511 1772 2259">
     <span class='ocr_line' id='line_1_26' title="bbox 307 1511 1772 1567; baseline 0 -14"><span class='ocrx_word' id='word_1_167' title='bbox 307 1511 548 1563; x_wconf 87' lang='lat' dir='ltr'>hominum,</span> <span class='ocrx_word' id='word_1_168' title='bbox 570 1525 656 1567; x_wconf 92' lang='lat' dir='ltr'>quo</span> <span class='ocrx_word' id='word_1_169' title='bbox 680 1526 769 1553; x_wconf 92' lang='lat' dir='ltr'>non</span> <span class='ocrx_word' id='word_1_170' title='bbox 789 1511 918 1553; x_wconf 91' lang='lat' dir='ltr'>modo</span> <span class='ocrx_word' id='word_1_171' title='bbox 946 1511 1121 1553; x_wconf 89' lang='lat' dir='ltr'>insueta</span> <span class='ocrx_word' id='word_1_172' title='bbox 1141 1511 1217 1553; x_wconf 89' lang='lat' dir='ltr'>sed</span> <span class='ocrx_word' id='word_1_173' title='bbox 1241 1511 1325 1567; x_wconf 91' lang='lat' dir='ltr'>ipsi</span> <span class='ocrx_word' id='word_1_174' title='bbox 1346 1513 1533 1554; x_wconf 87' lang='lat' dir='ltr'>naturae</span> <span class='ocrx_word' id='word_1_175' title='bbox 1559 1511 1772 1554; x_wconf 90' lang='lat' dir='ltr'>uidentur</span> 
     </span>
     <span class='ocr_line' id='line_1_27' title="bbox 308 1579 1770 1638; baseline 0.001 -16"><span class='ocrx_word' id='word_1_176' title='bbox 308 1580 518 1632; x_wconf 82' lang='lat' dir='ltr'>aduersa3</span> <span class='ocrx_word' id='word_1_177' title='bbox 553 1583 615 1630; x_wconf 92' lang='lat' dir='ltr'>ut,</span> <span class='ocrx_word' id='word_1_178' title='bbox 645 1595 745 1623; x_wconf 91' lang='lat' dir='ltr'>cum</span> <span class='ocrx_word' id='word_1_179' title='bbox 779 1580 883 1622; x_wconf 90' lang='lat' dir='ltr'>solis</span> <span class='ocrx_word' id='word_1_180' title='bbox 918 1579 1116 1622; x_wconf 91' lang='lat' dir='ltr'>defectus</span> <span class='ocrx_word' id='word_1_181' title='bbox 1147 1580 1390 1637; x_wconf 89' lang='lat' dir='ltr'>plenilunio</span> <span class='ocrx_word' id='word_1_182' title='bbox 1425 1581 1655 1638; x_wconf 88' lang='lat' dir='ltr'>contingit,</span> <span class='ocrx_word' id='word_1_183' title='bbox 1690 1583 1770 1623; x_wconf 90' lang='lat' dir='ltr'>aut</span> 
     </span>
     <span class='ocr_line' id='line_1_28' title="bbox 305 1649 1770 1706; baseline 0 -14"><span class='ocrx_word' id='word_1_184' title='bbox 305 1649 344 1692; x_wconf 87' lang='lat' dir='ltr'>si</span> <span class='ocrx_word' id='word_1_185' title='bbox 373 1649 489 1693; x_wconf 89' lang='lat' dir='ltr'>circa</span> <span class='ocrx_word' id='word_1_186' title='bbox 518 1649 722 1691; x_wconf 89' lang='lat' dir='ltr'>sinodum</span> <span class='ocrx_word' id='word_1_187' title='bbox 754 1652 834 1692; x_wconf 90' lang='lat' dir='ltr'>aut</span> <span class='ocrx_word' id='word_1_188' title='bbox 864 1649 978 1692; x_wconf 88' lang='lat' dir='ltr'>circa</span> <span class='ocrx_word' id='word_1_189' title='bbox 1006 1649 1299 1706; x_wconf 90' lang='lat' dir='ltr'>plenilunium</span> <span class='ocrx_word' id='word_1_190' title='bbox 1328 1650 1401 1692; x_wconf 90' lang='lat' dir='ltr'>uel</span> <span class='ocrx_word' id='word_1_191' title='bbox 1435 1650 1556 1692; x_wconf 85' lang='lat' dir='ltr'>ultra</span> <span class='ocrx_word' id='word_1_192' title='bbox 1589 1650 1770 1693; x_wconf 92' lang='lat' dir='ltr'>luminis</span> 
     </span>
     <span class='ocr_line' id='line_1_29' title="bbox 305 1718 1772 1777; baseline 0.001 -16"><span class='ocrx_word' id='word_1_193' title='bbox 305 1719 374 1761; x_wconf 90' lang='lat' dir='ltr'>sui</span> <span class='ocrx_word' id='word_1_194' title='bbox 413 1718 521 1760; x_wconf 89' lang='lat' dir='ltr'>luna</span> <span class='ocrx_word' id='word_1_195' title='bbox 559 1719 759 1775; x_wconf 86' lang='lat' dir='ltr'>patiatur</span> <span class='ocrx_word' id='word_1_196' title='bbox 801 1719 1008 1775; x_wconf 85' lang='lat' dir='ltr'>eclipsim.</span> <span class='ocrx_word' id='word_1_197' title='bbox 1089 1719 1176 1772; x_wconf 80' lang='lat' dir='ltr'>Qui</span> <span class='ocrx_word' id='word_1_198' title='bbox 1216 1720 1334 1761; x_wconf 89' lang='lat' dir='ltr'>enim</span> <span class='ocrx_word' id='word_1_199' title='bbox 1373 1719 1591 1762; x_wconf 89' lang='lat' dir='ltr'>sideribus</span> <span class='ocrx_word' id='word_1_200' title='bbox 1629 1719 1772 1777; x_wconf 86' lang='lat' dir='ltr'>legem</span> 
     </span>
     <span class='ocr_line' id='line_1_30' title="bbox 306 1787 1771 1844; baseline 0.001 -15"><span class='ocrx_word' id='word_1_201' title='bbox 306 1787 440 1838; x_wconf 88' lang='lat' dir='ltr'>dedit,</span> <span class='ocrx_word' id='word_1_202' title='bbox 465 1788 542 1844; x_wconf 91' lang='lat' dir='ltr'>qui</span> <span class='ocrx_word' id='word_1_203' title='bbox 562 1788 780 1830; x_wconf 91' lang='lat' dir='ltr'>curricula</span> <span class='ocrx_word' id='word_1_204' title='bbox 807 1790 1055 1844; x_wconf 89' lang='lat' dir='ltr'>temporum</span> <span class='ocrx_word' id='word_1_205' title='bbox 1082 1788 1328 1832; x_wconf 89' lang='lat' dir='ltr'>uoluntatis</span> <span class='ocrx_word' id='word_1_206' title='bbox 1352 1803 1456 1832; x_wconf 92' lang='lat' dir='ltr'>suae</span> <span class='ocrx_word' id='word_1_207' title='bbox 1477 1787 1604 1832; x_wconf 89' lang='lat' dir='ltr'>freno</span> <span class='ocrx_word' id='word_1_208' title='bbox 1624 1788 1771 1831; x_wconf 91' lang='lat' dir='ltr'>mode-</span> 
     </span>
     <span class='ocr_line' id='line_1_31' title="bbox 306 1857 1771 1914; baseline 0.001 -16"><span class='ocrx_word' id='word_1_209' title='bbox 306 1859 444 1907; x_wconf 85' lang='lat' dir='ltr'>ratur,</span> <span class='ocrx_word' id='word_1_210' title='bbox 479 1857 556 1913; x_wconf 91' lang='lat' dir='ltr'>qui</span> <span class='ocrx_word' id='word_1_211' title='bbox 591 1871 739 1899; x_wconf 89' lang='lat' dir='ltr'>rerum</span> <span class='ocrx_word' id='word_1_212' title='bbox 773 1859 997 1900; x_wconf 90' lang='lat' dir='ltr'>momenta</span> <span class='ocrx_word' id='word_1_213' title='bbox 1031 1858 1303 1914; x_wconf 89' lang='lat' dir='ltr'>temporibus</span> <span class='ocrx_word' id='word_1_214' title='bbox 1340 1858 1432 1900; x_wconf 90' lang='lat' dir='ltr'>suis</span> <span class='ocrx_word' id='word_1_215' title='bbox 1461 1857 1771 1908; x_wconf 89' lang='lat' dir='ltr'>accommodat,</span> 
     </span>
     <span class='ocr_line' id='line_1_32' title="bbox 306 1926 1771 1984; baseline 0.001 -16"><span class='ocrx_word' id='word_1_216' title='bbox 306 1926 482 1982; x_wconf 88' lang='lat' dir='ltr'>quando</span> <span class='ocrx_word' id='word_1_217' title='bbox 502 1926 603 1968; x_wconf 92' lang='lat' dir='ltr'>uult</span> <span class='ocrx_word' id='word_1_218' title='bbox 623 1929 668 1969; x_wconf 91' lang='lat' dir='ltr'>et</span> <span class='ocrx_word' id='word_1_219' title='bbox 689 1941 775 1982; x_wconf 91' lang='lat' dir='ltr'>quo</span> <span class='ocrx_word' id='word_1_220' title='bbox 799 1926 929 1969; x_wconf 90' lang='lat' dir='ltr'>modo</span> <span class='ocrx_word' id='word_1_221' title='bbox 955 1927 1066 1977; x_wconf 89' lang='lat' dir='ltr'>uult,</span> <span class='ocrx_word' id='word_1_222' title='bbox 1085 1942 1252 1970; x_wconf 92' lang='lat' dir='ltr'>nouum</span> <span class='ocrx_word' id='word_1_223' title='bbox 1272 1930 1479 1984; x_wconf 92' lang='lat' dir='ltr'>stupente</span> <span class='ocrx_word' id='word_1_224' title='bbox 1502 1930 1664 1970; x_wconf 86' lang='lat' dir='ltr'>natura</span> <span class='ocrx_word' id='word_1_225' title='bbox 1691 1929 1771 1971; x_wconf 87' lang='lat' dir='ltr'>aut</span> 
     </span>
     <span class='ocr_line' id='line_1_33' title="bbox 304 1996 1771 2052; baseline 0.001 -15"><span class='ocrx_word' id='word_1_226' title='bbox 304 2009 455 2037; x_wconf 88' lang='lat' dir='ltr'>rarum</span> <span class='ocrx_word' id='word_1_227' title='bbox 485 1998 631 2052; x_wconf 89' lang='lat' dir='ltr'>potest</span> <span class='ocrx_word' id='word_1_228' title='bbox 659 1996 898 2052; x_wconf 88' lang='lat' dir='ltr'>producere</span> <span class='ocrx_word' id='word_1_229' title='bbox 928 1996 1130 2039; x_wconf 86' lang='lat' dir='ltr'>effectum</span> <span class='ocrx_word' id='word_1_230' title='bbox 1151 2011 1207 2039; x_wconf 84' lang='lat' dir='ltr'>ex</span> <span class='ocrx_word' id='word_1_231' title='bbox 1233 1996 1376 2039; x_wconf 86' lang='lat' dir='ltr'>causis</span> <span class='ocrx_word' id='word_1_232' title='bbox 1399 1996 1771 2047; x_wconf 90' lang='lat' dir='ltr'>concurrentibus,</span> 
     </span>
     <span class='ocr_line' id='line_1_34' title="bbox 305 2064 1771 2121; baseline 0.001 -15"><span class='ocrx_word' id='word_1_233' title='bbox 305 2079 418 2120; x_wconf 88' lang='lat' dir='ltr'>quae</span> <span class='ocrx_word' id='word_1_234' title='bbox 446 2064 578 2107; x_wconf 89' lang='lat' dir='ltr'>aliter</span> <span class='ocrx_word' id='word_1_235' title='bbox 611 2079 764 2121; x_wconf 85' lang='lat' dir='ltr'>parere</span> <span class='ocrx_word' id='word_1_236' title='bbox 794 2067 1125 2108; x_wconf 88' lang='lat' dir='ltr'>consueuerant.</span> <span class='ocrx_word' id='word_1_237' title='bbox 1200 2065 1310 2118; x_wconf 79' lang='lat' dir='ltr'>Quis</span> <span class='ocrx_word' id='word_1_238' title='bbox 1344 2065 1462 2108; x_wconf 86' lang='lat' dir='ltr'>enim</span> <span class='ocrx_word' id='word_1_239' title='bbox 1495 2064 1771 2108; x_wconf 89' lang='lat' dir='ltr'>consiliarius</span> 
     </span>
     <span class='ocr_line' id='line_1_35' title="bbox 306 2132 1770 2190; baseline 0.001 -16"><span class='ocrx_word' id='word_1_240' title='bbox 306 2132 399 2175; x_wconf 92' lang='lat' dir='ltr'>eius</span> <span class='ocrx_word' id='word_1_241' title='bbox 420 2132 520 2182; x_wconf 88' lang='lat' dir='ltr'>fuit,</span> <span class='ocrx_word' id='word_1_242' title='bbox 542 2135 622 2175; x_wconf 89' lang='lat' dir='ltr'>aut</span> <span class='ocrx_word' id='word_1_243' title='bbox 642 2133 758 2176; x_wconf 88' lang='lat' dir='ltr'>dicet</span> <span class='ocrx_word' id='word_1_244' title='bbox 779 2133 830 2183; x_wconf 90' lang='lat' dir='ltr'>ei,</span> <span class='ocrx_word' id='word_1_245' title='bbox 852 2132 945 2176; x_wconf 88' lang='lat' dir='ltr'>Cur</span> <span class='ocrx_word' id='word_1_246' title='bbox 964 2133 1030 2176; x_wconf 90' lang='lat' dir='ltr'>ita</span> <span class='ocrx_word' id='word_1_247' title='bbox 1050 2133 1193 2177; x_wconf 62' lang='lat' dir='ltr'>facis?</span> <span class='ocrx_word' id='word_1_248' title='bbox 1252 2134 1416 2190; x_wconf 88' lang='lat' dir='ltr'>Vtique</span> <span class='ocrx_word' id='word_1_249' title='bbox 1436 2133 1654 2176; x_wconf 88' lang='lat' dir='ltr'>Dominus</span> <span class='ocrx_word' id='word_1_250' title='bbox 1678 2136 1770 2186; x_wconf 83' lang='lat' dir='ltr'>est3</span> 
     </span>
     <span class='ocr_line' id='line_1_36' title="bbox 306 2201 1770 2259; baseline 0.001 -16"><span class='ocrx_word' id='word_1_251' title='bbox 306 2201 423 2257; x_wconf 92' lang='lat' dir='ltr'>quod</span> <span class='ocrx_word' id='word_1_252' title='bbox 454 2201 777 2259; x_wconf 87' lang='lat' dir='ltr'>beneplacitum</span> <span class='ocrx_word' id='word_1_253' title='bbox 808 2204 875 2245; x_wconf 88' lang='lat' dir='ltr'>est</span> <span class='ocrx_word' id='word_1_254' title='bbox 905 2202 952 2244; x_wconf 89' lang='lat' dir='ltr'>in</span> <span class='ocrx_word' id='word_1_255' title='bbox 982 2202 1118 2246; x_wconf 90' lang='lat' dir='ltr'>oculis</span> <span class='ocrx_word' id='word_1_256' title='bbox 1148 2202 1240 2245; x_wconf 90' lang='lat' dir='ltr'>suis</span> <span class='ocrx_word' id='word_1_257' title='bbox 1269 2201 1415 2246; x_wconf 87' lang='lat' dir='ltr'>faciet.</span> <span class='ocrx_word' id='word_1_258' title='bbox 1479 2201 1770 2259; x_wconf 89' lang='lat' dir='ltr'>Dispositioni</span> 
     </span>
    </p>
   </div>
   <div class='ocr_carea' id='block_1_11' title="bbox 304 2352 1770 2723">
    <p class='ocr_par' dir='ltr' id='par_1_11' title="bbox 306 2352 1770 2449">
     <span class='ocr_line' id='line_1_37' title="bbox 306 2352 1770 2400; baseline -0.001 -10"><span class='ocrx_word' id='word_1_259' title='bbox 306 2364 327 2390; x_wconf 86' lang='lat'><strong>2</strong></span> <span class='ocrx_word' id='word_1_260' title='bbox 352 2353 529 2400; x_wconf 88' lang='lat' dir='ltr'>prohibet</span> <span class='ocrx_word' id='word_1_261' title='bbox 546 2366 629 2390; x_wconf 87' lang='lat' dir='ltr'>eam</span> <span class='ocrx_word' id='word_1_262' title='bbox 647 2355 687 2390; x_wconf 91' lang='lat' dir='ltr'>M</span> <span class='ocrx_word' id='word_1_263' title='bbox 857 2365 900 2391; x_wconf 89' lang='lat'>10</span> <span class='ocrx_word' id='word_1_264' title='bbox 923 2353 1080 2400; x_wconf 88' lang='lat' dir='ltr'>propria</span> <span class='ocrx_word' id='word_1_265' title='bbox 1097 2353 1241 2390; x_wconf 86' lang='lat' dir='ltr'>uirtute</span> <span class='ocrx_word' id='word_1_266' title='bbox 1257 2353 1345 2389; x_wconf 63' lang='lat' dir='ltr'>A⁹M</span> <span class='ocrx_word' id='word_1_267' title='bbox 1506 2361 1546 2400; x_wconf 80' lang='lat'>15</span> <span class='ocrx_word' id='word_1_268' title='bbox 1574 2352 1718 2390; x_wconf 87' lang='lat' dir='ltr'>abissus</span> <span class='ocrx_word' id='word_1_269' title='bbox 1735 2352 1770 2389; x_wconf 85' lang='lat' dir='ltr'>A</span> 
     </span>
     <span class='ocr_line' id='line_1_38' title="bbox 308 2401 1170 2449; baseline -0.001 -11"><span class='ocrx_word' id='word_1_270' title='bbox 308 2411 350 2445; x_wconf 83' lang='lat'>17</span> <span class='ocrx_word' id='word_1_271' title='bbox 376 2402 550 2448; x_wconf 79' lang='lat' dir='ltr'>syderum</span> <span class='ocrx_word' id='word_1_272' title='bbox 567 2402 628 2439; x_wconf 87' lang='lat' dir='ltr'>CB</span> <span class='ocrx_word' id='word_1_273' title='bbox 772 2412 818 2438; x_wconf 91' lang='lat'>20</span> <span class='ocrx_word' id='word_1_274' title='bbox 843 2401 1008 2449; x_wconf 83' lang='lat' dir='ltr'>contigit</span> <span class='ocrx_word' id='word_1_275' title='bbox 1025 2401 1170 2439; x_wconf 81' lang='lat' dir='ltr'>C²BMS</span> 
     </span>
    </p>

    <p class='ocr_par' dir='ltr' id='par_1_12' title="bbox 304 2534 1769 2723">
     <span class='ocr_line' id='line_1_39' title="bbox 354 2534 1766 2583; baseline -0.001 -10"><span class='ocrx_word' id='word_1_276' title='bbox 354 2545 372 2583; x_wconf 87' lang='grc'><strong>5</strong></span> <span class='ocrx_word' id='word_1_277' title='bbox 399 2539 522 2573; x_wconf 80' lang='lat' dir='ltr'>omnia</span> <span class='ocrx_word' id='word_1_278' title='bbox 549 2540 646 2573; x_wconf 88' lang='lat' dir='ltr'>etc.:</span> <span class='ocrx_word' id='word_1_279' title='bbox 685 2537 743 2573; x_wconf 80' lang='lat' dir='ltr'>Ps.</span> <span class='ocrx_word' id='word_1_280' title='bbox 775 2537 876 2574; x_wconf 81' lang='lat' dir='ltr'>cxiii.</span> <span class='ocrx_word' id='word_1_281' title='bbox 908 2548 940 2583; x_wconf 88' lang='lat'>3.</span> <span class='ocrx_word' id='word_1_282' title='bbox 1132 2537 1155 2572; x_wconf 93' lang='lat'><strong>6</strong></span> <span class='ocrx_word' id='word_1_283' title='bbox 1179 2538 1220 2571; x_wconf 80' lang='lat' dir='ltr'>in</span> <span class='ocrx_word' id='word_1_284' title='bbox 1246 2537 1381 2571; x_wconf 83' lang='lat' dir='ltr'>lumine</span> <span class='ocrx_word' id='word_1_285' title='bbox 1405 2536 1502 2572; x_wconf 89' lang='lat' dir='ltr'>etc.:</span> <span class='ocrx_word' id='word_1_286' title='bbox 1530 2534 1588 2572; x_wconf 86' lang='lat' dir='ltr'>Ps.</span> <span class='ocrx_word' id='word_1_287' title='bbox 1605 2546 1712 2572; x_wconf 82' lang='lat' dir='ltr'>xxxv.</span> <span class='ocrx_word' id='word_1_288' title='bbox 1733 2546 1766 2572; x_wconf 89' lang='lat'>2.</span> 
     </span>
     <span class='ocr_line' id='line_1_40' title="bbox 305 2582 1766 2630; baseline 0 -10"><span class='ocrx_word' id='word_1_289' title='bbox 305 2585 326 2620; x_wconf 92' lang='lat'><em>8</em></span> <span class='ocrx_word' id='word_1_290' title='bbox 351 2586 389 2619; x_wconf 86' lang='lat' dir='ltr'>in</span> <span class='ocrx_word' id='word_1_291' title='bbox 408 2596 476 2629; x_wconf 82' lang='lat' dir='ltr'>quo</span> <span class='ocrx_word' id='word_1_292' title='bbox 493 2586 563 2620; x_wconf 87' lang='lat' dir='ltr'>etc.</span> <span class='ocrx_word' id='word_1_293' title='bbox 580 2596 588 2620; x_wconf 91' lang='lat'>:</span> <span class='ocrx_word' id='word_1_294' title='bbox 616 2584 693 2620; x_wconf 89' lang='lat' dir='ltr'>Col.</span> <span class='ocrx_word' id='word_1_295' title='bbox 713 2584 751 2620; x_wconf 93' lang='lat' dir='ltr'>ii.</span> <span class='ocrx_word' id='word_1_296' title='bbox 773 2596 804 2630; x_wconf 91' lang='lat'>3.</span> <span class='ocrx_word' id='word_1_297' title='bbox 917 2595 939 2630; x_wconf 91' lang='lat'>9</span> <span class='ocrx_word' id='word_1_298' title='bbox 965 2586 1103 2620; x_wconf 80' lang='lat' dir='ltr'>nemini</span> <span class='ocrx_word' id='word_1_299' title='bbox 1118 2586 1188 2620; x_wconf 91' lang='lat' dir='ltr'>etc.</span> <span class='ocrx_word' id='word_1_300' title='bbox 1205 2596 1213 2620; x_wconf 73' lang='grc' dir='ltr'><strong><em>ε</em></strong></span> <span class='ocrx_word' id='word_1_301' title='bbox 1241 2596 1272 2619; x_wconf 88' lang='lat' dir='ltr'>v.</span> <span class='ocrx_word' id='word_1_302' title='bbox 1290 2582 1405 2628; x_wconf 86' lang='lat' dir='ltr'>Apoo.</span> <span class='ocrx_word' id='word_1_303' title='bbox 1422 2594 1453 2618; x_wconf 86' lang='lat' dir='ltr'>v.</span> <span class='ocrx_word' id='word_1_304' title='bbox 1478 2593 1491 2618; x_wconf 89' lang='lat'>1</span> <span class='ocrx_word' id='word_1_305' title='bbox 1508 2593 1608 2628; x_wconf 84' lang='lat' dir='ltr'>seqq.</span> <span class='ocrx_word' id='word_1_306' title='bbox 1726 2593 1766 2620; x_wconf 86' lang='lat'>11</span> 
     </span>
     <span class='ocr_line' id='line_1_41' title="bbox 304 2630 1769 2677; baseline -0.001 -10"><span class='ocrx_word' id='word_1_307' title='bbox 304 2633 535 2667; x_wconf 79' lang='lat' dir='ltr'>altitudinem</span> <span class='ocrx_word' id='word_1_308' title='bbox 552 2632 622 2667; x_wconf 85' lang='lat' dir='ltr'>etc.</span> <span class='ocrx_word' id='word_1_309' title='bbox 639 2643 647 2667; x_wconf 91' lang='lat'>:</span> <span class='ocrx_word' id='word_1_310' title='bbox 675 2644 706 2667; x_wconf 87' lang='lat' dir='ltr'>v.</span> <span class='ocrx_word' id='word_1_311' title='bbox 727 2632 832 2668; x_wconf 86' lang='lat' dir='ltr'>Rom.</span> <span class='ocrx_word' id='word_1_312' title='bbox 851 2631 901 2668; x_wconf 86' lang='lat' dir='ltr'>xi.</span> <span class='ocrx_word' id='word_1_313' title='bbox 922 2643 978 2677; x_wconf 86' lang='lat'>33.</span> <span class='ocrx_word' id='word_1_314' title='bbox 1171 2641 1214 2674; x_wconf 90' lang='lat'>14</span> <span class='ocrx_word' id='word_1_315' title='bbox 1238 2631 1454 2665; x_wconf 64' lang='lat' dir='ltr'>iudiciorum</span> <span class='ocrx_word' id='word_1_316' title='bbox 1471 2630 1616 2675; x_wconf 79' lang='lat' dir='ltr'>abyssus</span> <span class='ocrx_word' id='word_1_317' title='bbox 1633 2632 1769 2666; x_wconf 83' lang='lat' dir='ltr'>multa:</span> 
     </span>
     <span class='ocr_line' id='line_1_42' title="bbox 305 2676 1767 2723; baseline -0.001 -10"><span class='ocrx_word' id='word_1_318' title='bbox 305 2691 335 2713; x_wconf 88' lang='lat' dir='ltr'>v.</span> <span class='ocrx_word' id='word_1_319' title='bbox 354 2678 411 2713; x_wconf 87' lang='lat' dir='ltr'>Ps.</span> <span class='ocrx_word' id='word_1_320' title='bbox 432 2689 538 2713; x_wconf 72' lang='lat' dir='ltr'>XXXV.</span> <span class='ocrx_word' id='word_1_321' title='bbox 559 2687 591 2722; x_wconf 92' lang='lat'>7.</span> <span class='ocrx_word' id='word_1_322' title='bbox 682 2689 724 2715; x_wconf 88' lang='lat'>21</span> <span class='ocrx_word' id='word_1_323' title='bbox 744 2682 932 2716; x_wconf 82' lang='lat' dir='ltr'>sinodum:</span> <span class='ocrx_word' id='word_1_324' title='bbox 957 2691 989 2713; x_wconf 88' lang='lat' dir='ltr'>v.</span> <span class='ocrx_word' id='word_1_325' title='bbox 1006 2678 1116 2714; x_wconf 84' lang='lat' dir='ltr'>Mart.</span> <span class='ocrx_word' id='word_1_326' title='bbox 1133 2677 1222 2723; x_wconf 86' lang='lat' dir='ltr'>Cap.</span> <span class='ocrx_word' id='word_1_327' title='bbox 1237 2676 1311 2712; x_wconf 88' lang='lat' dir='ltr'>viii.</span> <span class='ocrx_word' id='word_1_328' title='bbox 1330 2678 1410 2720; x_wconf 86' lang='lat'>871.</span> <span class='ocrx_word' id='word_1_329' title='bbox 1502 2688 1547 2721; x_wconf 86' lang='lat'>23</span> <span class='ocrx_word' id='word_1_330' title='bbox 1564 2678 1767 2714; x_wconf 80' lang='lat' dir='ltr'>curricula:</span> 
     </span>
    </p>
   </div>
   <div class='ocr_carea' id='block_1_12' title="bbox 305 2723 1773 2772">
    <p class='ocr_par' dir='ltr' id='par_1_13' title="bbox 305 2723 1773 2772">
     <span class='ocr_line' id='line_1_43' title="bbox 305 2723 1773 2772; baseline 0 -11"><span class='ocrx_word' id='word_1_331' title='bbox 305 2738 336 2761; x_wconf 83' lang='lat' dir='ltr'>v.</span> <span class='ocrx_word' id='word_1_332' title='bbox 357 2725 443 2761; x_wconf 85' lang='lat' dir='ltr'>Isid.</span> <span class='ocrx_word' id='word_1_333' title='bbox 465 2727 561 2770; x_wconf 76' lang='lat' dir='ltr'>()ri9.</span> <span class='ocrx_word' id='word_1_334' title='bbox 580 2738 610 2760; x_wconf 86' lang='lat' dir='ltr'>v.</span> <span class='ocrx_word' id='word_1_335' title='bbox 630 2736 649 2770; x_wconf 86' lang='lat'>3</span> <span class='ocrx_word' id='word_1_336' title='bbox 655 2735 672 2771; x_wconf 82' lang='grc'><strong><em>5</em></strong></span> <span class='ocrx_word' id='word_1_337' title='bbox 694 2725 711 2772; x_wconf 62' lang='grc' dir='ltr'><strong>ξ</strong></span> <span class='ocrx_word' id='word_1_338' title='bbox 735 2737 764 2762; x_wconf 93' lang='grc'>1.</span> <span class='ocrx_word' id='word_1_339' title='bbox 870 2735 914 2770; x_wconf 90' lang='lat'>27</span> <span class='ocrx_word' id='word_1_340' title='bbox 943 2727 1031 2770; x_wconf 73' lang='lat' dir='ltr'>Quis</span> <span class='ocrx_word' id='word_1_341' title='bbox 1047 2726 1278 2761; x_wconf 74' lang='lat' dir='ltr'>consiliarius</span> <span class='ocrx_word' id='word_1_342' title='bbox 1294 2725 1386 2759; x_wconf 87' lang='lat' dir='ltr'>etc.:</span> <span class='ocrx_word' id='word_1_343' title='bbox 1413 2723 1481 2759; x_wconf 85' lang='lat' dir='ltr'>Isa.</span> <span class='ocrx_word' id='word_1_344' title='bbox 1499 2723 1548 2760; x_wconf 89' lang='lat' dir='ltr'>xl.</span> <span class='ocrx_word' id='word_1_345' title='bbox 1571 2734 1623 2771; x_wconf 90' lang='lat'>13.</span> <span class='ocrx_word' id='word_1_346' title='bbox 1722 2725 1773 2761; x_wconf 75' lang='lat'>28</span> 
     </span>
    </p>
   </div>
   <div class='ocr_carea' id='block_1_13' title="bbox 304 2770 1508 2887">
    <p class='ocr_par' dir='ltr' id='par_1_14' title="bbox 304 2770 1508 2887">
     <span class='ocr_line' id='line_1_44' title="bbox 304 2770 1508 2818; baseline 0 -10"><span class='ocrx_word' id='word_1_347' title='bbox 304 2775 395 2809; x_wconf 80' lang='lat' dir='ltr'>dicet</span> <span class='ocrx_word' id='word_1_348' title='bbox 413 2775 483 2808; x_wconf 86' lang='lat' dir='ltr'>etc.</span> <span class='ocrx_word' id='word_1_349' title='bbox 502 2785 510 2808; x_wconf 90' lang='lat'>:</span> <span class='ocrx_word' id='word_1_350' title='bbox 535 2772 557 2808; x_wconf 89' lang='lat' dir='ltr'>J</span> <span class='ocrx_word' id='word_1_351' title='bbox 560 2772 606 2808; x_wconf 91' lang='lat' dir='ltr'>ob</span> <span class='ocrx_word' id='word_1_352' title='bbox 624 2772 673 2809; x_wconf 83' lang='lat' dir='ltr'>ix.</span> <span class='ocrx_word' id='word_1_353' title='bbox 697 2783 750 2810; x_wconf 84' lang='lat'>12.</span> <span class='ocrx_word' id='word_1_354' title='bbox 848 2774 1029 2810; x_wconf 78' lang='lat' dir='ltr'>Dominus</span> <span class='ocrx_word' id='word_1_355' title='bbox 1045 2778 1094 2808; x_wconf 83' lang='lat' dir='ltr'>est</span> <span class='ocrx_word' id='word_1_356' title='bbox 1110 2774 1180 2809; x_wconf 86' lang='lat' dir='ltr'>ete.</span> <span class='ocrx_word' id='word_1_357' title='bbox 1196 2784 1206 2810; x_wconf 72' lang='grc' dir='ltr'>ε</span> <span class='ocrx_word' id='word_1_358' title='bbox 1236 2782 1250 2809; x_wconf 85' lang='grc'>1</span> <span class='ocrx_word' id='word_1_359' title='bbox 1271 2771 1360 2818; x_wconf 82' lang='lat' dir='ltr'>Reg.</span> <span class='ocrx_word' id='word_1_360' title='bbox 1379 2770 1432 2807; x_wconf 82' lang='lat' dir='ltr'>iii.</span> <span class='ocrx_word' id='word_1_361' title='bbox 1455 2772 1508 2808; x_wconf 89' lang='lat'>18.</span> 
     </span>
     <span class='ocr_line' id='line_1_45' title="bbox 417 2853 481 2887; baseline 0.031 -2"><span class='ocrx_word' id='word_1_362' title='bbox 417 2853 481 2887; x_wconf 82' lang='lat'>134</span> 
     </span>
    </p>
   </div>
   <div class='ocr_carea' id='block_1_14' title="bbox 1791 1583 1878 1642">
    <p class='ocr_par' dir='ltr' id='par_1_15' title="bbox 1791 1583 1878 1642">
     <span class='ocr_line' id='line_1_46' title="bbox 1791 1583 1878 1642; baseline 0 -17"><span class='ocrx_word' id='word_1_363' title='bbox 1791 1583 1878 1642; x_wconf 59' lang='lat'>20}</span> 
     </span>
    </p>
   </div>
   <div class='ocr_carea' id='block_1_15' title="bbox 1791 1941 1878 1975">
    <p class='ocr_par' dir='ltr' id='par_1_16' title="bbox 1791 1906 1878 1991">
     <span class='ocr_line' id='line_1_47' title="bbox 1791 1941 1878 1975; baseline 0 -7"><span class='ocrx_word' id='word_1_364' title='bbox 1791 1941 1830 1975; x_wconf 82' lang='lat'>25</span> <span class='ocrx_word' id='word_1_365' title='bbox 1875 1951 1878 1966; x_wconf 78' lang='grc' dir='ltr'>ι</span> 
     </span>
    </p>
   </div>
  </div>
 </body>
</html>
