1878 3172
185 169 268 216 546
285 168 315 207 b
352 169 356 174 ”
659 164 920 209 IOANNIS
959 163 1472 208 SARESBERIENSIS
1640 162 1750 224 [ΜΒ.
1765 175 1796 206 v

334 287 547 342 quattuor
579 285 697 337 locis,
726 289 924 336 naturae,
959 284 1100 335 officii,
1131 299 1315 335 morum,
1349 284 1624 336 conditionis,
1657 285 1796 328 totius

333 354 607 398 reuerentiae
627 369 806 396 manare
825 353 966 397 credit
984 353 1209 410 originem.
1270 353 1628 410 Superstitiosius
1646 355 1797 396 tamen

333 424 416 467 hoc
441 423 687 466 infidelium
714 437 835 465 more
864 423 1123 479 exequitur3
1152 422 1270 465 unde
1294 421 1529 465 nonnullas
1555 421 1797 464 sententias

334 493 429 536 eius
444 507 575 535 sensu
595 495 640 535 et
660 506 858 535 sermone
873 491 1088 535 catholico
1103 491 1256 534 curaui
1270 491 1472 534 inserere.
1521 490 1604 533 Ille
1620 491 1798 548 quidem

334 563 382 605 in
412 562 536 605 cultu
566 562 747 605 deorum
777 576 850 604 eos
879 561 1112 618 praecipue
1142 560 1300 603 asserit
1330 560 1612 610 uenerandos,
1644 560 1721 616 qui
1757 559 1797 602 ei
1816 579 1834 612 5

335 631 600 674 familiarius
644 633 690 673 et
738 630 928 673 uicinius
974 630 1188 673 accedunt
1233 631 1313 672 aut
1358 632 1532 682 natura,
1571 631 1625 672 ut
1666 628 1799 671 Liber

335 701 549 744 Indorum
570 700 771 751 domitor,
793 699 1006 743 Hercules
1032 699 1108 756 qui
1137 714 1187 742 eo
1211 699 1307 756 ipso
1333 699 1381 741 in
1401 713 1447 742 se
1472 698 1627 742 Iouem
1653 701 1798 756 prote-

335 773 481 813 status
511 772 589 820 est,
610 769 728 826 quod
757 784 924 826 angues
953 769 1177 826 iugulauit
1205 768 1254 810 in
1280 768 1435 822 cunis;
1469 770 1549 811 aut
1575 767 1728 819 officio,
1747 771 1801 810 ut

335 839 564 896 pontifices
593 838 925 895 praefectosque
956 852 1202 891 sacrorum3
1233 841 1313 881 aut
1341 837 1548 888 moribus,
1577 840 1630 880 ut
1658 837 1799 894 philo-

294 925 319 955 c
337 908 507 965 sophos,
552 908 629 964 qui
677 908 840 950 mentis
889 907 1067 950 diuinae
1114 907 1324 950 haustum
1369 907 1712 964 inuestigatione
1755 908 1801 949 et
1819 924 1861 947 10

337 977 663 1034 dispensatione
691 976 933 1033 sapientiae
963 976 1185 1028 indicant3
1214 979 1295 1019 aut
1322 976 1584 1026 conditione,
1610 978 1663 1018 1115
1692 989 1801 1032 quos

338 1046 468 1089 fauor
496 1046 691 1088 numinis
716 1046 885 1088 extulit
915 1048 968 1088 ut
997 1045 1097 1088 aliis
1126 1047 1378 1102 praeessent
1408 1060 1466 1089 ex
1494 1059 1626 1089 causa
1653 1045 1802 1102 potius

338 1114 549 1157 familiari
570 1129 703 1171 quam
723 1114 863 1157 officio
882 1114 1068 1171 publico.

397 1183 551 1226 Sermo
571 1184 749 1240 quidem
769 1183 963 1240 perfidus
988 1186 1055 1226 est
1079 1186 1124 1226 et
1150 1183 1270 1226 omni
1295 1183 1603 1241 reprobatione
1629 1182 1801 1240 dignus,

338 1267 578 1310 sensusque
617 1253 854 1295 uerborum
888 1252 964 1308 qui
998 1252 1308 1309 philosophum
1343 1267 1432 1295 11011
1471 1252 1655 1296 deceret.
1713 1251 1801 1295 Sed
1821 1273 1861 1306 15

339 1315 455 1365 forte
487 1322 595 1378 quid
625 1322 679 1365 de
706 1324 869 1364 natura
896 1322 1077 1364 deorum
1104 1322 1300 1372 sentiret,
1321 1322 1368 1364 in
1397 1322 1579 1365 auribus
1605 1321 1801 1378 corrupti
1836 1370 1842 1374 ,

337 1392 490 1449 populi
525 1391 727 1448 proloqui
763 1406 852 1434 non
888 1391 1081 1433 audebat
1117 1392 1193 1447 qui
1226 1391 1395 1448 legerat
1429 1391 1678 1434 combustos
1709 1405 1802 1434 esse

338 1461 474 1503 libros
499 1461 750 1517 philosophi
772 1460 1004 1517 Pitagorae
1031 1462 1076 1502 et
1102 1460 1247 1516 ipsum
1271 1462 1419 1503 actum
1439 1475 1532 1503 esse
1551 1460 1598 1502 in
1619 1460 1803 1502 exilium

339 1529 396 1572 ab
409 1529 754 1572 Atheniensibus
775 1543 825 1571 eo
842 1529 958 1585 quod
979 1529 1263 1571 dubitauerat
1283 1544 1340 1571 an
1361 1529 1415 1572 de
1430 1529 1515 1571 diis
1535 1543 1643 1572 uera
1658 1532 1802 1572 essent

339 1613 451 1654 quae
472 1598 609 1655 uulgo
629 1598 899 1640 dicebantur.
937 1597 1053 1650 Quid
1075 1613 1179 1655 ergo
1199 1598 1469 1641 contrarium
1489 1599 1672 1641 auderet
1687 1612 1800 1641 asse·
1822 1618 1864 1641 20

339 1682 435 1710 rere
455 1667 530 1723 qui
546 1681 625 1710 nec
639 1667 781 1723 ipsam
800 1666 1121 1709 dubitationem
1135 1667 1295 1710 erroris
1310 1670 1496 1710 nouerat
1510 1667 1802 1724 impunitam?

341 1736 422 1779 Est
450 1737 601 1792 itaque
628 1735 866 1778 uerisimile
897 1736 1014 1792 quod
1041 1750 1205 1778 morem
1231 1736 1509 1779 auditoribus
1534 1736 1720 1794 gesserit
1747 1739 1804 1787 et,

341 1809 394 1848 ut
414 1820 486 1848 eos
508 1806 564 1847 ab
585 1804 752 1847 illicitis
773 1808 1010 1853 reuocaret,
1032 1806 1200 1862 aliquid
1226 1806 1460 1849 indulsisse
1480 1806 1630 1849 errori.
1687 1805 1805 1848 Nam

297 1877 326 1917 d
343 1875 390 1916 in
406 1874 607 1917 doctrina
626 1888 798 1916 morum
819 1874 1191 1917 luculentissimus
1207 1877 1285 1917 est.
1326 1875 1476 1932 quue
1491 1875 1593 1918 huic
1608 1875 1805 1932 opinioni

342 1943 517 1987 facilius
546 1943 789 2000 adquiesco,
819 1943 937 1999 quod
967 1943 1205 2000 Apostolus
1234 1944 1435 2001 gentium
1464 1944 1551 1986 fide
1579 1947 1729 1986 tamen
1760 1949 1804 1987 et
1824 1962 1864 1995 25

342 2012 553 2070 religione
591 2011 802 2054 incolumi
841 2012 1045 2055 omnibus
1085 2013 1232 2055 omnia
1272 2012 1418 2056 factus
1457 2015 1534 2063 est,
1568 2015 1621 2055 ut
1654 2027 1805 2055 omnes

340 2081 631 2125 lucrifaceret.
703 2081 798 2123 Nos
837 2083 998 2132 autem,
1032 2082 1194 2138 quibus
1228 2082 1282 2124 de
1317 2082 1408 2125 celo
1442 2082 1608 2124 ueritas
1643 2081 1805 2132 illuxit,

340 2166 430 2194 non
451 2151 645 2200 deorum,
666 2150 742 2206 qui
763 2150 875 2191 nulli
895 2153 1012 2200 sunt,
1033 2150 1110 2193 sed
1135 2151 1229 2193 ueri
1251 2150 1335 2193 Dei
1355 2150 1571 2193 ministris
1590 2153 1636 2193 et
1655 2150 1806 2193 amicis

341 2235 550 2277 magnam
570 2218 866 2262 reuerentiam
886 2219 1104 2262 credimus
1120 2220 1437 2272 exhibendam3
1467 2219 1543 2262 sed
1558 2221 1603 2262 et
1618 2219 1807 2262 inimicis

342 2289 436 2332 eius
457 2288 694 2338 interdum,
714 2288 923 2344 quoniam
950 2288 1031 2331 hoc
1052 2288 1144 2345 ipse
1165 2288 1387 2345 praecepit
1411 2289 1487 2345 qui
1515 2303 1643 2345 saepe
1666 2287 1805 2330 maxi-
1825 2306 1868 2338 30

345 2444 360 2469 1
389 2434 551 2478 quatuor
571 2431 684 2469 CAS:
710 2432 803 2468 iiii0r
821 2432 862 2467 M
1019 2443 1051 2476 9,
1076 2443 1119 2469 10
1141 2433 1395 2479 phylosophos
1411 2432 1452 2468 M
1613 2440 1653 2479 15
1680 2431 1808 2479 phylo-

343 2481 504 2527 sophum
523 2480 562 2515 M
709 2482 750 2517 18
775 2479 1003 2526 phylosophi
1021 2480 1062 2532 M
1156 2482 1364 2527 pytagorae
1381 2480 1445 2517 M:
1471 2480 1672 2526 prot-,agore
1689 2479 1713 2516 S

391 2619 413 2654 9
433 2611 633 2654 praefectos
648 2621 857 2645 sacrorum:
885 2608 946 2645 Sic
970 2609 1090 2647 dictos
1111 2610 1320 2647 sacerdotes
1345 2621 1423 2646 non
1448 2609 1522 2646 nisi
1547 2610 1649 2656 apud
1674 2609 1809 2646 Tuscu-

343 2656 450 2691 lanos
475 2656 662 2693 exstitisse
686 2658 875 2693 testantur
898 2656 1165 2704 inscriptiones
1178 2671 1186 2700 ;
1212 2670 1244 2693 v,
1263 2658 1483 2703 Marquardt
1499 2659 1600 2694 Rom.
1617 2659 1809 2693 Staatsvera

344 2705 503 2748 waltuny
522 2704 593 2748 (ed.
617 2705 720 2750 1885)
739 2703 792 2739 iii.
810 2716 847 2750 p.
866 2706 947 2748 476.
1106 2706 1147 2741 18
1172 2707 1384 2750 Pitayorae:
1410 2704 1536 2750 potius
1554 2704 1782 2750 Protagorae
1797 2717 1806 2746 ;

343 2762 376 2785 v.
396 2749 471 2786 Cic.
488 2751 530 2785 de
546 2752 630 2786 Nat.
645 2753 751 2786 Deor.
771 2751 796 2786 i.
815 2762 859 2796 23
879 2751 896 2796 ξ
916 2752 974 2796 63.
1116 2761 1157 2798 25
1184 2753 1375 2798 Apostolus
1387 2754 1568 2798 gentium:
1594 2763 1627 2788 v.
1639 2751 1742 2788 Rom.
1755 2750 1807 2788 xi.

348 2806 402 2842 13.
545 2798 590 2834 26
613 2800 778 2834 omnibus
795 2800 917 2835 omnia
934 2800 1027 2835 eta:
1054 2810 1084 2834 v.
1107 2809 1122 2836 1
1143 2798 1223 2835 Cor.
1240 2798 1292 2836 ix.
1309 2809 1366 2836 22.

454 2883 519 2917 294
