1878 3172
16 179 19 182 ’
62 175 163 210 ou.
173 162 328 224 xxvn]
571 159 1006 208 POLICRATICVS
1529 158 1616 207 463
1634 166 1661 198 c

62 297 195 340 quam
228 283 383 326 offerre
415 282 590 339 adipem
622 281 822 325 arietum,
881 279 1099 333 Quoniam
1130 278 1255 335 quasi
1289 279 1516 334 peccatum

61 351 279 395 ariolandi
317 354 385 394 est
422 365 667 408 repugnare
706 353 752 393 et
789 349 915 406 quasi
954 348 1094 391 scelus
1132 347 1364 390 idolatriae
1402 345 1520 389 nolle

62 420 354 478 adquiescere.
432 419 517 463 Pro
558 434 610 463 eo
654 418 772 476 quod
813 417 1011 461 abiecisti
1056 430 1300 460 sermonem
1339 414 1519 458 Domini

62 489 223 547 abiecit
261 492 308 532 te
346 488 562 532 Dominus
599 502 655 531 ne
694 487 755 531 sis
793 501 882 530 1011.
962 486 1056 543 Ego
1094 485 1271 542 quidem
1315 483 1521 527 similiter

25 578 46 613 5
62 557 256 601 arbitror
298 557 475 600 euenire
516 557 729 607 omnibus,
767 555 843 612 qui
890 555 938 597 in
982 554 1242 597 sullimitate
1287 552 1520 595 constituti

62 627 229 670 abeunt
247 629 348 684 post
366 625 736 683 concupiscentias
761 639 863 668 suas
890 627 935 667 et
957 623 1255 680 principatum
1274 620 1517 664 dominium

64 696 207 752 (que)
248 694 505 738 simulantes
547 697 764 736 tumorem
806 707 935 736 suum
976 694 1182 735 exercent
1219 691 1267 733 in
1307 689 1518 740 subditos,
1533 691 1565 732 d

62 768 352 821 coaequantes
380 763 509 806 libito
537 763 719 812 licitum,
742 776 792 805 ac
821 762 859 804 si
887 760 998 804 colla
1027 775 1178 804 eorum
1207 759 1311 816 iugo
1340 758 1519 801 diuinae

63 833 174 890 legis
202 833 398 876 subiecta
426 847 515 876 non
543 832 646 882 sint,
674 834 720 874 et
751 830 875 873 nulla
903 829 1162 872 necessitate
1190 831 1435 885 urgeantur
1462 826 1520 870 ad

6 926 50 952 χο
65 902 333 959 implendam
351 901 568 944 iustitiam
589 900 685 944 Dei.
743 899 830 943 Sed
850 897 1065 955 numquid
1092 897 1164 940 uel
1183 897 1245 940 sic
1267 896 1324 939 ad
1343 899 1520 939 tantum

65 971 312 1014 tonitruum
331 969 682 1014 comminationis
701 968 879 1011 diuinae
899 966 1088 1011 selirosis
1114 966 1302 1023 pectoris
1322 964 1520 1008 indurati

63 1043 144 1082 aut
162 1042 320 1090 tumor,
335 1040 411 1096 qui
431 1038 667 1082 tirannidis
685 1037 920 1094 iniquitate
940 1036 988 1078 in
1006 1035 1135 1078 corde
1155 1034 1301 1077 Saulis
1320 1034 1521 1076 uiuacius

64 1107 297 1160 coaluerat,
316 1108 463 1165 potuit
483 1107 703 1151 emolliri'l
760 1106 1064 1163 Nequaquam.
1123 1103 1252 1147 Dixit
1271 1103 1387 1146 enim
1412 1102 1521 1146 Saul

64 1177 123 1220 ad
148 1177 420 1221 Samuelem:
450 1176 644 1228 Peccaui‚
665 1176 770 1232 quia
797 1175 1126 1232 praeuaricatus
1152 1188 1250 1216 sum
1277 1185 1520 1215 sermonem

7 1268 48 1304 15
65 1245 244 1289 Domini
259 1282 262 1285 Δ
276 1249 322 1290 et
353 1245 491 1288 uerba
530 1248 621 1297 tua,
653 1245 814 1287 timens
849 1243 1061 1300 populum
1101 1245 1147 1286 et
1184 1241 1391 1284 obediens
1422 1240 1521 1284 uoci

65 1328 229 1358 eorum.
302 1314 391 1358 Sed
421 1328 538 1357 nunc
569 1316 698 1370 porta
727 1327 889 1369 quaeso
922 1314 1149 1368 peccatum
1183 1325 1341 1360 meum,
1374 1312 1420 1352 et
1454 1323 1520 1352 re·

14 1387 23 1418 ἶ
66 1386 238 1426 uertere
257 1398 438 1435 mecum,
452 1386 505 1426 ut
525 1382 702 1425 adorem
714 1381 967 1424 Dominum.
1027 1380 1086 1422 Et
1105 1380 1170 1422 ait
1187 1378 1387 1422 Samuel:
1417 1378 1522 1421 Non

66 1455 276 1503 reuertar,
304 1451 409 1509 quia
446 1451 668 1508 proiecisti
695 1465 939 1494 sermonem
969 1450 1159 1500 Domini,
1189 1452 1235 1493 et
1264 1448 1448 1506 proiecit
1477 1452 1523 1491 te

66 1519 282 1564 Dominus
309 1535 366 1563 ne
394 1520 455 1564 sis
483 1535 563 1563 rex
591 1534 724 1577 super
751 1519 900 1562 Israel.
961 1518 1151 1561 Videsne
1187 1533 1319 1575 quam
1348 1517 1522 1561 difficile
1539 1524 1627 1573 464
1647 1535 1678 1564 a

7 1592 51 1641 ‘20
67 1589 128 1632 sit
165 1589 393 1642 malitiam,
421 1603 520 1632 cum
550 1588 780 1645 superbiae
815 1587 1012 1631 fomento
1045 1587 1267 1638 coaluerit,
1296 1587 1444 1629 uerbis
1480 1589 1526 1629 et

68 1658 375 1701 exhortatione
403 1658 579 1701 curari‘l
636 1657 831 1709 Peccaui‚
861 1657 1019 1713 inquit,
1048 1656 1210 1699 timens
1239 1656 1451 1712 populum
1481 1658 1527 1699 et

67 1726 274 1770 obediens
292 1726 391 1769 uoci
417 1740 579 1769 eorum.
637 1725 797 1768 Nonne
817 1725 880 1769 sic
906 1725 1076 1767 fatetur
1101 1725 1275 1780 culpam
1298 1727 1351 1769 ut
1377 1724 1526 1781 potius

66 1795 269 1838 inuoluat
307 1795 427 1846 alios,
462 1794 551 1851 qui,
589 1794 627 1837 si
666 1794 868 1850 princeps
908 1797 1032 1844 esset,
1063 1793 1244 1836 fuerant
1282 1792 1525 1845 relaxandi,

68 1877 201 1919 quam
238 1864 432 1920 seipsum
463 1863 702 1919 expediat?
771 1862 1002 1918 Numquid
1038 1862 1099 1905 sic
1134 1862 1337 1904 audierat
1370 1861 1524 1904 fecisse

11 1953 52 1988 25
68 1931 264 1988 Moysen,
291 1946 391 1975 cum
425 1931 492 1973 ira
530 1931 615 1974 Dei
648 1931 812 1974 seuiret
844 1931 892 1972 in
925 1931 1149 1987 populum,
1178 1930 1449 1986 dixissetque
1483 1929 1524 1972 ei

68 1999 306 2043 Dominus:
335 2000 523 2042 Dimitte
549 2013 630 2050 me,
656 2002 710 2042 ut
735 1999 951 2042 irascatur
977 1999 1103 2041 furor
1128 2013 1252 2041 meus
1279 1999 1325 2040 in
1350 1998 1524 2055 populo,

68 2071 115 2111 et
142 2068 311 2111 deleam
340 2083 440 2111 eum
469 2071 515 2110 et
544 2067 704 2111 faciam
732 2071 778 2110 te
807 2082 996 2110 crescere
1025 2068 1073 2109 in
1101 2070 1278 2124 gentem
1304 2081 1522 2123 magnam.

69 2137 188 2190 Quid
207 2151 311 2194 ergo
330 2136 437 2179 fecit
456 2137 550 2179 dux
569 2136 771 2192 idemque
790 2135 932 2178 fidelis
952 2136 1154 2192 princeps
1180 2136 1227 2176 in
1252 2135 1525 2191 beneplacito

68 2220 148 2249 suo
177 2206 444 2248 constitutus
473 2220 500 2247 a
530 2204 749 2247 Domino‘l
808 2204 902 2246 Aut
932 2204 1108 2246 dimitte
1135 2204 1208 2253 eis,
1232 2203 1390 2259 inquit,
1411 2203 1524 2246 hanc

11 2297 54 2332 30
69 2289 230 2317 noxam
257 2276 336 2316 aut
360 2273 455 2316 dele
475 2287 544 2315 me
572 2272 626 2314 de
652 2271 766 2314 libro
792 2274 884 2315 tuo.
942 2271 1030 2314 Sed
1056 2271 1272 2327 numquid
1298 2271 1345 2312 in
1370 2273 1524 2315 tantae

68 2343 267 2387 caritatis
287 2343 446 2385 affectu
465 2340 688 2397 propriam
708 2340 947 2396 quaerebat
965 2339 1181 2396 gloriam‘}
1229 2339 1385 2396 Inquit
1404 2339 1522 2382 enim

67 2457 92 2493 6
110 2462 194 2503 post
209 2455 422 2492 dominium
438 2456 512 2491 add
527 2455 567 2491 et
582 2453 617 2490 A
726 2463 774 2490 20
797 2452 1017 2490 coaluerant
1034 2452 1059 2490 S
1171 2463 1213 2490 21
1242 2453 1478 2491 exortatione
1497 2453 1521 2490 S

67 2513 110 2550 31
137 2502 314 2539 karitatis
329 2502 353 2539 S

119 2611 158 2637 11
185 2602 364 2636 actio-osis:
391 2599 496 2645 quasi
513 2599 729 2645 σκλήρωσις;
754 2609 786 2633 v.
804 2596 1000 2633 Moschion
1016 2599 1059 2632 de
1074 2598 1305 2643 passionibus
1327 2600 1523 2633 mulierum

71 2659 103 2684 0.
126 2657 190 2692 133
206 2648 483 2692 (Gynaeciomm
497 2645 610 2682 Basil.
627 2646 715 2691 1586
728 2644 752 2680 i.
765 2645 824 2690 32)
839 2644 1171 2690 pseudo-Aemilius
1188 2645 1315 2681 Macer
1330 2647 1372 2680 de
1388 2647 1524 2681 Herbe-3

73 2695 220 2739 (Medici
235 2696 377 2739 antiqui
391 2693 486 2730 Ven.
508 2702 594 2738 1547
612 2705 648 2738 p.
673 2700 738 2737 235
750 2693 799 2737 0.)
899 2702 940 2736 13
957 2693 1062 2726 Dixit
1078 2694 1149 2728 etc.
1164 2704 1172 2727 :
1203 2702 1217 2727 1
1238 2691 1329 2738 Reg.
1346 2704 1403 2727 xv.
1417 2694 1521 2736 24—6.

71 2743 121 2786 26*
143 2742 292 2777 Dimitte
308 2743 404 2777 etc.:
431 2740 547 2776 Exod.
564 2738 678 2775 xxxii.
699 2749 752 2775 10.
847 2747 892 2784 29
918 2741 992 2774 Aut
1007 2740 1144 2775 dimitte
1157 2740 1249 2776 etc.:
1276 2739 1393 2775 Exod.
1406 2738 1522 2775 xxxii.

99 2798 112 2824 1
168 2797 202 2823 2.

70 2797 92 2834 3
117 2815 126 2831 2
145 2798 167 2834 3
1351 2847 1413 2882 147
