<?xml version="1.0" encoding="UTF-8"?>
<!DOCTYPE html PUBLIC "-//W3C//DTD XHTML 1.0 Transitional//EN"
    "http://www.w3.org/TR/xhtml1/DTD/xhtml1-transitional.dtd">
<html xmlns="http://www.w3.org/1999/xhtml" xml:lang="en" lang="en">
 <head>
  <title>
</title>
<meta http-equiv="Content-Type" content="text/html;charset=utf-8" />
  <meta name='ocr-system' content='tesseract 3.04.00' />
  <meta name='ocr-capabilities' content='ocr_page ocr_carea ocr_par ocr_line ocrx_word'/>
</head>
<body>
  <div class='ocr_page' id='page_1' title='image "./ioannissaresberi01johnuoft_0219.png"; bbox 0 0 1878 3172; ppageno 0'>
   <div class='ocr_carea' id='block_1_1' title="bbox 69 158 1658 222">
    <p class='ocr_par' dir='ltr' id='par_1_1' title="bbox 69 158 1658 222">
     <span class='ocr_line' id='line_1_1' title="bbox 69 158 1658 222; baseline -0.005 -15"><span class='ocrx_word' id='word_1_1' title='bbox 69 172 169 207; x_wconf 62' lang='grc' dir='ltr'>οη.</span> <span class='ocrx_word' id='word_1_2' title='bbox 185 160 358 222; x_wconf 80' lang='lat' dir='ltr'>xxvm]</span> <span class='ocrx_word' id='word_1_3' title='bbox 588 158 1023 205; x_wconf 85' lang='lat' dir='ltr'><strong>POLICRATICVS</strong></span> <span class='ocrx_word' id='word_1_4' title='bbox 1529 169 1610 210; x_wconf 80' lang='lat'>473</span> <span class='ocrx_word' id='word_1_5' title='bbox 1629 161 1658 199; x_wconf 87' lang='lat' dir='ltr'>b</span> 
     </span>
    </p>
   </div>
   <div class='ocr_carea' id='block_1_2' title="bbox 0 279 1556 2327">
    <p class='ocr_par' dir='ltr' id='par_1_2' title="bbox 0 279 1556 2327">
     <span class='ocr_line' id='line_1_2' title="bbox 67 279 1517 340; baseline -0.002 -14"><span class='ocrx_word' id='word_1_6' title='bbox 67 282 299 334; x_wconf 85' lang='lat' dir='ltr'>coniciunt,</span> <span class='ocrx_word' id='word_1_7' title='bbox 332 282 440 339; x_wconf 91' lang='lat' dir='ltr'>quid</span> <span class='ocrx_word' id='word_1_8' title='bbox 472 282 676 340; x_wconf 88' lang='lat' dir='ltr'>prohibet</span> <span class='ocrx_word' id='word_1_9' title='bbox 708 281 890 339; x_wconf 88' lang='lat' dir='ltr'>spiritus</span> <span class='ocrx_word' id='word_1_10' title='bbox 927 281 984 324; x_wconf 90' lang='lat' dir='ltr'>ab</span> <span class='ocrx_word' id='word_1_11' title='bbox 1018 280 1138 325; x_wconf 90' lang='lat' dir='ltr'>omni</span> <span class='ocrx_word' id='word_1_12' title='bbox 1171 294 1291 324; x_wconf 88' lang='lat' dir='ltr'>nexu</span> <span class='ocrx_word' id='word_1_13' title='bbox 1323 279 1517 337; x_wconf 87' lang='lat' dir='ltr'>corporis</span> 
     </span>
     <span class='ocr_line' id='line_1_3' title="bbox 65 349 1515 408; baseline -0.003 -13"><span class='ocrx_word' id='word_1_14' title='bbox 65 351 299 402; x_wconf 82' lang='lat' dir='ltr'>absolutos,</span> <span class='ocrx_word' id='word_1_15' title='bbox 328 365 437 408; x_wconf 89' lang='lat' dir='ltr'>quos</span> <span class='ocrx_word' id='word_1_16' title='bbox 466 351 600 394; x_wconf 78' lang='lat' dir='ltr'>nox-ia</span> <span class='ocrx_word' id='word_1_17' title='bbox 631 350 767 394; x_wconf 91' lang='lat' dir='ltr'>moles</span> <span class='ocrx_word' id='word_1_18' title='bbox 796 365 885 394; x_wconf 90' lang='lat' dir='ltr'>non</span> <span class='ocrx_word' id='word_1_19' title='bbox 914 350 1076 400; x_wconf 87' lang='lat' dir='ltr'>tardat,</span> <span class='ocrx_word' id='word_1_20' title='bbox 1107 364 1253 393; x_wconf 90' lang='lat' dir='ltr'>rerum</span> <span class='ocrx_word' id='word_1_21' title='bbox 1284 349 1515 391; x_wconf 87' lang='lat' dir='ltr'>imminen-</span> 
     </span>
     <span class='ocr_line' id='line_1_4' title="bbox 65 417 1515 476; baseline -0.003 -13"><span class='ocrx_word' id='word_1_22' title='bbox 65 419 180 463; x_wconf 90' lang='lat' dir='ltr'>tium</span> <span class='ocrx_word' id='word_1_23' title='bbox 218 422 298 462; x_wconf 91' lang='lat' dir='ltr'>aut</span> <span class='ocrx_word' id='word_1_24' title='bbox 341 419 389 462; x_wconf 93' lang='lat' dir='ltr'>in</span> <span class='ocrx_word' id='word_1_25' title='bbox 431 419 622 476; x_wconf 87' lang='lat' dir='ltr'>plurima</span> <span class='ocrx_word' id='word_1_26' title='bbox 662 421 860 475; x_wconf 90' lang='lat' dir='ltr'>tempora</span> <span class='ocrx_word' id='word_1_27' title='bbox 898 418 1221 462; x_wconf 90' lang='lat' dir='ltr'>succedentium</span> <span class='ocrx_word' id='word_1_28' title='bbox 1262 417 1515 474; x_wconf 70' lang='lat' dir='ltr'>praemetiri</span> 
     </span>
     <span class='ocr_line' id='line_1_5' title="bbox 67 486 1515 545; baseline -0.002 -14"><span class='ocrx_word' id='word_1_29' title='bbox 67 489 306 539; x_wconf 64' lang='lat' dir='ltr'>euentum?</span> <span class='ocrx_word' id='word_1_30' title='bbox 362 488 450 531; x_wconf 89' lang='lat' dir='ltr'>Sed</span> <span class='ocrx_word' id='word_1_31' title='bbox 469 488 545 545; x_wconf 86' lang='lat' dir='ltr'>qui</span> <span class='ocrx_word' id='word_1_32' title='bbox 565 487 657 531; x_wconf 83' lang='lat' dir='ltr'>fere</span> <span class='ocrx_word' id='word_1_33' title='bbox 676 487 816 544; x_wconf 80' lang='lat' dir='ltr'>pridie</span> <span class='ocrx_word' id='word_1_34' title='bbox 838 489 970 530; x_wconf 86' lang='lat' dir='ltr'>natus</span> <span class='ocrx_word' id='word_1_35' title='bbox 990 490 1056 530; x_wconf 89' lang='lat' dir='ltr'>est</span> <span class='ocrx_word' id='word_1_36' title='bbox 1075 489 1174 544; x_wconf 91' lang='lat' dir='ltr'>post</span> <span class='ocrx_word' id='word_1_37' title='bbox 1194 487 1287 529; x_wconf 88' lang='lat' dir='ltr'>dies</span> <span class='ocrx_word' id='word_1_38' title='bbox 1305 486 1515 543; x_wconf 90' lang='lat' dir='ltr'>pauculos</span> 
     </span>
     <span class='ocr_line' id='line_1_6' title="bbox 29 555 1516 614; baseline -0.001 -14"><span class='ocrx_word' id='word_1_39' title='bbox 29 573 50 608; x_wconf 72' lang='lat'>⁵</span> <span class='ocrx_word' id='word_1_40' title='bbox 67 556 321 600; x_wconf 77' lang='lat' dir='ltr'><strong>decessurus</strong></span> <span class='ocrx_word' id='word_1_41' title='bbox 348 557 492 600; x_wconf 89' lang='lat' dir='ltr'>medio</span> <span class='ocrx_word' id='word_1_42' title='bbox 519 559 714 614; x_wconf 88' lang='lat' dir='ltr'>tempore</span> <span class='ocrx_word' id='word_1_43' title='bbox 743 571 799 599; x_wconf 88' lang='lat' dir='ltr'>ex</span> <span class='ocrx_word' id='word_1_44' title='bbox 835 556 1051 599; x_wconf 78' lang='lat' dir='ltr'>similibus</span> <span class='ocrx_word' id='word_1_45' title='bbox 1080 556 1241 599; x_wconf 76' lang='lat' dir='ltr'>similia</span> <span class='ocrx_word' id='word_1_46' title='bbox 1271 555 1439 612; x_wconf 88' lang='lat' dir='ltr'>colligit</span> <span class='ocrx_word' id='word_1_47' title='bbox 1470 557 1516 598; x_wconf 88' lang='lat' dir='ltr'>et</span> 
     </span>
     <span class='ocr_line' id='line_1_7' title="bbox 66 624 1515 681; baseline -0.002 -13"><span class='ocrx_word' id='word_1_48' title='bbox 66 625 122 668; x_wconf 90' lang='lat' dir='ltr'>de</span> <span class='ocrx_word' id='word_1_49' title='bbox 163 626 305 668; x_wconf 90' lang='lat' dir='ltr'>causis</span> <span class='ocrx_word' id='word_1_50' title='bbox 346 625 430 668; x_wconf 86' lang='lat' dir='ltr'>sibi</span> <span class='ocrx_word' id='word_1_51' title='bbox 474 626 651 669; x_wconf 91' lang='lat' dir='ltr'>interim</span> <span class='ocrx_word' id='word_1_52' title='bbox 691 626 809 668; x_wconf 91' lang='lat' dir='ltr'>notis</span> <span class='ocrx_word' id='word_1_53' title='bbox 852 625 1141 668; x_wconf 70' lang='lat' dir='ltr'>ratiocinatur</span> <span class='ocrx_word' id='word_1_54' title='bbox 1178 624 1225 666; x_wconf 95' lang='lat' dir='ltr'>in</span> <span class='ocrx_word' id='word_1_55' title='bbox 1268 626 1515 681; x_wconf 90' lang='lat' dir='ltr'>posterum;</span> 
     </span>
     <span class='ocr_line' id='line_1_8' title="bbox 65 693 1514 751; baseline -0.001 -15"><span class='ocrx_word' id='word_1_56' title='bbox 65 708 210 737; x_wconf 91' lang='lat' dir='ltr'>nonne</span> <span class='ocrx_word' id='word_1_57' title='bbox 239 694 320 738; x_wconf 92' lang='lat' dir='ltr'>hoc</span> <span class='ocrx_word' id='word_1_58' title='bbox 349 693 522 738; x_wconf 76' lang='lat' dir='ltr'>facilius</span> <span class='ocrx_word' id='word_1_59' title='bbox 550 697 694 751; x_wconf 92' lang='lat' dir='ltr'>potest</span> <span class='ocrx_word' id='word_1_60' title='bbox 721 709 811 737; x_wconf 90' lang='lat' dir='ltr'>non</span> <span class='ocrx_word' id='word_1_61' title='bbox 841 694 970 737; x_wconf 91' lang='lat' dir='ltr'>modo</span> <span class='ocrx_word' id='word_1_62' title='bbox 1002 694 1211 750; x_wconf 90' lang='lat' dir='ltr'>antiquus</span> <span class='ocrx_word' id='word_1_63' title='bbox 1239 693 1316 736; x_wconf 90' lang='lat' dir='ltr'>sed</span> <span class='ocrx_word' id='word_1_64' title='bbox 1346 693 1514 736; x_wconf 90' lang='lat' dir='ltr'>inuete-</span> 
     </span>
     <span class='ocr_line' id='line_1_9' title="bbox 66 762 1515 819; baseline -0.001 -14"><span class='ocrx_word' id='word_1_65' title='bbox 66 765 190 806; x_wconf 90' lang='lat' dir='ltr'>ratus</span> <span class='ocrx_word' id='word_1_66' title='bbox 219 763 400 817; x_wconf 84' lang='lat' dir='ltr'>dierum,</span> <span class='ocrx_word' id='word_1_67' title='bbox 429 763 505 819; x_wconf 84' lang='lat' dir='ltr'>qui</span> <span class='ocrx_word' id='word_1_68' title='bbox 536 763 592 806; x_wconf 88' lang='lat' dir='ltr'>ab</span> <span class='ocrx_word' id='word_1_69' title='bbox 622 763 751 806; x_wconf 92' lang='lat' dir='ltr'>initio</span> <span class='ocrx_word' id='word_1_70' title='bbox 781 763 982 807; x_wconf 88' lang='lat' dir='ltr'>conditus</span> <span class='ocrx_word' id='word_1_71' title='bbox 1013 765 1080 806; x_wconf 87' lang='lat' dir='ltr'>est</span> <span class='ocrx_word' id='word_1_72' title='bbox 1112 762 1268 819; x_wconf 90' lang='lat' dir='ltr'>plenus</span> <span class='ocrx_word' id='word_1_73' title='bbox 1295 762 1515 818; x_wconf 76' lang='lat' dir='ltr'>sapientia</span> 
     </span>
     <span class='ocr_line' id='line_1_10' title="bbox 66 823 1515 888; baseline -0.001 -14"><span class='ocrx_word' id='word_1_74' title='bbox 66 834 113 874; x_wconf 92' lang='lat' dir='ltr'>et</span> <span class='ocrx_word' id='word_1_75' title='bbox 131 831 397 888; x_wconf 71' lang='lat' dir='ltr'>perfectione</span> <span class='ocrx_word' id='word_1_76' title='bbox 426 832 636 875; x_wconf 60' lang='lat' dir='ltr'>decorusz</span> <span class='ocrx_word' id='word_1_77' title='bbox 694 823 815 884; x_wconf 75' lang='lat' dir='ltr'>Quis&#39;</span> <span class='ocrx_word' id='word_1_78' title='bbox 831 832 939 875; x_wconf 89' lang='lat' dir='ltr'>adeo</span> <span class='ocrx_word' id='word_1_79' title='bbox 967 831 1099 875; x_wconf 84' lang='lat' dir='ltr'>hebes</span> <span class='ocrx_word' id='word_1_80' title='bbox 1122 833 1189 874; x_wconf 89' lang='lat' dir='ltr'>est</span> <span class='ocrx_word' id='word_1_81' title='bbox 1218 833 1263 873; x_wconf 90' lang='lat' dir='ltr'>et</span> <span class='ocrx_word' id='word_1_82' title='bbox 1288 830 1515 873; x_wconf 84' lang='lat' dir='ltr'>tarditatis</span> 
     </span>
     <span class='ocr_line' id='line_1_11' title="bbox 10 899 1516 957; baseline 0 -15"><span class='ocrx_word' id='word_1_83' title='bbox 10 912 51 938; x_wconf 83' lang='grc' dir='ltr'>ιο</span> <span class='ocrx_word' id='word_1_84' title='bbox 68 900 278 957; x_wconf 85' lang='lat' dir='ltr'>egregiae,</span> <span class='ocrx_word' id='word_1_85' title='bbox 317 900 393 957; x_wconf 89' lang='lat' dir='ltr'>qui</span> <span class='ocrx_word' id='word_1_86' title='bbox 439 902 567 943; x_wconf 87' lang='lat' dir='ltr'>tanto</span> <span class='ocrx_word' id='word_1_87' title='bbox 613 901 823 957; x_wconf 86' lang='lat' dir='ltr'>temporis</span> <span class='ocrx_word' id='word_1_88' title='bbox 870 903 1017 944; x_wconf 87' lang='lat' dir='ltr'>tractu</span> <span class='ocrx_word' id='word_1_89' title='bbox 1063 914 1144 957; x_wconf 92' lang='lat' dir='ltr'>pro</span> <span class='ocrx_word' id='word_1_90' title='bbox 1191 901 1318 956; x_wconf 87' lang='lat' dir='ltr'>parte</span> <span class='ocrx_word' id='word_1_91' title='bbox 1361 899 1418 942; x_wconf 87' lang='lat' dir='ltr'>ad</span> <span class='ocrx_word' id='word_1_92' title='bbox 1463 913 1516 942; x_wconf 87' lang='lat' dir='ltr'>ea</span> 
     </span>
     <span class='ocr_line' id='line_1_12' title="bbox 65 967 1515 1025; baseline -0.001 -13"><span class='ocrx_word' id='word_1_93' title='bbox 65 968 317 1012; x_wconf 82' lang='lat' dir='ltr'>conicienda</span> <span class='ocrx_word' id='word_1_94' title='bbox 359 983 470 1025; x_wconf 91' lang='lat' dir='ltr'>quae</span> <span class='ocrx_word' id='word_1_95' title='bbox 509 968 663 1011; x_wconf 84' lang='lat' dir='ltr'>futura</span> <span class='ocrx_word' id='word_1_96' title='bbox 700 972 816 1019; x_wconf 89' lang='lat' dir='ltr'>sunt,</span> <span class='ocrx_word' id='word_1_97' title='bbox 853 983 942 1011; x_wconf 90' lang='lat' dir='ltr'>non</span> <span class='ocrx_word' id='word_1_98' title='bbox 983 969 1214 1025; x_wconf 64' lang='lat' dir='ltr'>assurgatss</span> <span class='ocrx_word' id='word_1_99' title='bbox 1283 967 1515 1010; x_wconf 87' lang='lat' dir='ltr'>Praeterea</span> 
     </span>
     <span class='ocr_line' id='line_1_13' title="bbox 65 1035 1556 1094; baseline -0.001 -16"><span class='ocrx_word' id='word_1_100' title='bbox 65 1037 281 1094; x_wconf 87' lang='lat' dir='ltr'>propitiae</span> <span class='ocrx_word' id='word_1_101' title='bbox 319 1039 569 1093; x_wconf 85' lang='lat' dir='ltr'>potestates,</span> <span class='ocrx_word' id='word_1_102' title='bbox 600 1051 712 1093; x_wconf 91' lang='lat' dir='ltr'>quae</span> <span class='ocrx_word' id='word_1_103' title='bbox 749 1037 946 1080; x_wconf 86' lang='lat' dir='ltr'>caritatis</span> <span class='ocrx_word' id='word_1_104' title='bbox 984 1036 1108 1080; x_wconf 91' lang='lat' dir='ltr'>cultu</span> <span class='ocrx_word' id='word_1_105' title='bbox 1145 1036 1377 1079; x_wconf 89' lang='lat' dir='ltr'>deuotione</span> <span class='ocrx_word' id='word_1_106' title='bbox 1411 1035 1512 1079; x_wconf 89' lang='lat' dir='ltr'>obe-</span> <span class='ocrx_word' id='word_1_107' title='bbox 1530 1044 1556 1075; x_wconf 87' lang='lat' dir='ltr'>c</span> 
     </span>
     <span class='ocr_line' id='line_1_14' title="bbox 66 1105 1516 1162; baseline -0.001 -14"><span class='ocrx_word' id='word_1_108' title='bbox 66 1105 214 1148; x_wconf 86' lang='lat' dir='ltr'>diendi</span> <span class='ocrx_word' id='word_1_109' title='bbox 244 1106 432 1149; x_wconf 88' lang='lat' dir='ltr'>Domino</span> <span class='ocrx_word' id='word_1_110' title='bbox 460 1106 633 1149; x_wconf 87' lang='lat' dir='ltr'>assidue</span> <span class='ocrx_word' id='word_1_111' title='bbox 660 1106 944 1157; x_wconf 83' lang='lat' dir='ltr'>famulantur,</span> <span class='ocrx_word' id='word_1_112' title='bbox 965 1106 1027 1149; x_wconf 89' lang='lat' dir='ltr'>eis</span> <span class='ocrx_word' id='word_1_113' title='bbox 1054 1105 1230 1162; x_wconf 89' lang='lat' dir='ltr'>quidem</span> <span class='ocrx_word' id='word_1_114' title='bbox 1256 1108 1440 1162; x_wconf 84' lang='lat' dir='ltr'>possunt</span> <span class='ocrx_word' id='word_1_115' title='bbox 1469 1107 1516 1147; x_wconf 94' lang='lat' dir='ltr'>et</span> 
     </span>
     <span class='ocr_line' id='line_1_15' title="bbox 0 1173 1516 1234; baseline -0.001 -17"><span class='ocrx_word' id='word_1_116' title='bbox 0 1210 1 1234; x_wconf 26' lang='grc' dir='ltr'>ἶ</span> <span class='ocrx_word' id='word_1_117' title='bbox 65 1174 287 1217; x_wconf 89' lang='lat' dir='ltr'>interdum</span> <span class='ocrx_word' id='word_1_118' title='bbox 315 1174 555 1218; x_wconf 88' lang='lat' dir='ltr'>creduntur</span> <span class='ocrx_word' id='word_1_119' title='bbox 587 1175 756 1218; x_wconf 81' lang='lat' dir='ltr'>occulta</span> <span class='ocrx_word' id='word_1_120' title='bbox 789 1174 994 1217; x_wconf 89' lang='lat' dir='ltr'>reuelare.</span> <span class='ocrx_word' id='word_1_121' title='bbox 1052 1174 1146 1217; x_wconf 91' lang='lat' dir='ltr'>Nec</span> <span class='ocrx_word' id='word_1_122' title='bbox 1179 1176 1329 1216; x_wconf 86' lang='lat' dir='ltr'>tamen</span> <span class='ocrx_word' id='word_1_123' title='bbox 1362 1173 1516 1216; x_wconf 89' lang='lat' dir='ltr'>statim</span> 
     </span>
     <span class='ocr_line' id='line_1_16' title="bbox 0 1238 1515 1300; baseline -0.002 -12"><span class='ocrx_word' id='word_1_124' title='bbox 0 1238 50 1290; x_wconf 63' lang='lat'>315</span> <span class='ocrx_word' id='word_1_125' title='bbox 66 1257 220 1286; x_wconf 86' lang='lat' dir='ltr'>uerum</span> <span class='ocrx_word' id='word_1_126' title='bbox 240 1246 308 1286; x_wconf 93' lang='lat' dir='ltr'>est</span> <span class='ocrx_word' id='word_1_127' title='bbox 327 1244 443 1300; x_wconf 92' lang='lat' dir='ltr'>quod</span> <span class='ocrx_word' id='word_1_128' title='bbox 470 1244 642 1300; x_wconf 90' lang='lat' dir='ltr'>reprobi</span> <span class='ocrx_word' id='word_1_129' title='bbox 669 1244 867 1287; x_wconf 89' lang='lat' dir='ltr'>sentiunt</span> <span class='ocrx_word' id='word_1_130' title='bbox 886 1247 966 1286; x_wconf 92' lang='lat' dir='ltr'>aut</span> <span class='ocrx_word' id='word_1_131' title='bbox 991 1243 1262 1300; x_wconf 90' lang='lat' dir='ltr'>praedicunt,</span> <span class='ocrx_word' id='word_1_132' title='bbox 1282 1242 1357 1285; x_wconf 90' lang='lat' dir='ltr'>sed</span> <span class='ocrx_word' id='word_1_133' title='bbox 1377 1256 1515 1299; x_wconf 88' lang='lat' dir='ltr'>quan-</span> 
     </span>
     <span class='ocr_line' id='line_1_17' title="bbox 66 1310 1514 1369; baseline -0.001 -14"><span class='ocrx_word' id='word_1_134' title='bbox 66 1311 208 1369; x_wconf 91' lang='lat' dir='ltr'>doque</span> <span class='ocrx_word' id='word_1_135' title='bbox 241 1326 352 1368; x_wconf 85' lang='lat' dir='ltr'>quae</span> <span class='ocrx_word' id='word_1_136' title='bbox 386 1312 665 1369; x_wconf 86' lang='lat' dir='ltr'>suspicantur</span> <span class='ocrx_word' id='word_1_137' title='bbox 695 1315 774 1355; x_wconf 90' lang='lat' dir='ltr'>aut</span> <span class='ocrx_word' id='word_1_138' title='bbox 808 1312 977 1362; x_wconf 85' lang='lat' dir='ltr'>timent,</span> <span class='ocrx_word' id='word_1_139' title='bbox 1006 1315 1059 1355; x_wconf 90' lang='lat' dir='ltr'>ut</span> <span class='ocrx_word' id='word_1_140' title='bbox 1089 1312 1326 1355; x_wconf 87' lang='lat' dir='ltr'>uideantur</span> <span class='ocrx_word' id='word_1_141' title='bbox 1354 1310 1514 1355; x_wconf 90' lang='lat' dir='ltr'>conscii</span> 
     </span>
     <span class='ocr_line' id='line_1_18' title="bbox 11 1378 1515 1438; baseline -0.001 -14"><span class='ocrx_word' id='word_1_142' title='bbox 11 1378 19 1382; x_wconf 46' lang='lat'>⁵</span> <span class='ocrx_word' id='word_1_143' title='bbox 65 1383 341 1431; x_wconf 84' lang='lat' dir='ltr'>secretorum,</span> <span class='ocrx_word' id='word_1_144' title='bbox 369 1383 606 1438; x_wconf 82' lang='lat' dir='ltr'>properant</span> <span class='ocrx_word' id='word_1_145' title='bbox 634 1381 850 1424; x_wconf 84' lang='lat' dir='ltr'>nuntiare.</span> <span class='ocrx_word' id='word_1_146' title='bbox 909 1380 1048 1433; x_wconf 80' lang='lat' dir='ltr'>Quale</span> <span class='ocrx_word' id='word_1_147' title='bbox 1077 1383 1144 1424; x_wconf 90' lang='lat' dir='ltr'>est</span> <span class='ocrx_word' id='word_1_148' title='bbox 1175 1380 1291 1437; x_wconf 91' lang='lat' dir='ltr'>quod</span> <span class='ocrx_word' id='word_1_149' title='bbox 1325 1379 1515 1423; x_wconf 93' lang='lat' dir='ltr'>Domino</span> 
     </span>
     <span class='ocr_line' id='line_1_19' title="bbox 65 1449 1514 1507; baseline -0.001 -15"><span class='ocrx_word' id='word_1_150' title='bbox 65 1449 286 1492; x_wconf 85' lang='lat' dir='ltr'>nascituro</span> <span class='ocrx_word' id='word_1_151' title='bbox 322 1449 371 1492; x_wconf 94' lang='lat' dir='ltr'>in</span> <span class='ocrx_word' id='word_1_152' title='bbox 407 1450 584 1506; x_wconf 86' lang='lat' dir='ltr'>templis</span> <span class='ocrx_word' id='word_1_153' title='bbox 616 1450 782 1507; x_wconf 90' lang='lat' dir='ltr'>Egypti</span> <span class='ocrx_word' id='word_1_154' title='bbox 817 1450 1128 1493; x_wconf 84' lang='lat' dir='ltr'>desolationem</span> <span class='ocrx_word' id='word_1_155' title='bbox 1163 1463 1313 1493; x_wconf 89' lang='lat' dir='ltr'>eorum</span> <span class='ocrx_word' id='word_1_156' title='bbox 1345 1452 1390 1492; x_wconf 91' lang='lat' dir='ltr'>et</span> <span class='ocrx_word' id='word_1_157' title='bbox 1424 1449 1514 1491; x_wconf 88' lang='lat' dir='ltr'>dis-</span> 
     </span>
     <span class='ocr_line' id='line_1_20' title="bbox 66 1517 1516 1576; baseline 0 -15"><span class='ocrx_word' id='word_1_158' title='bbox 66 1531 234 1561; x_wconf 83' lang='lat' dir='ltr'>cessum</span> <span class='ocrx_word' id='word_1_159' title='bbox 263 1532 391 1560; x_wconf 89' lang='lat' dir='ltr'>suum</span> <span class='ocrx_word' id='word_1_160' title='bbox 419 1518 623 1562; x_wconf 88' lang='lat' dir='ltr'>demones</span> <span class='ocrx_word' id='word_1_161' title='bbox 651 1519 914 1576; x_wconf 92' lang='lat' dir='ltr'>templorum</span> <span class='ocrx_word' id='word_1_162' title='bbox 943 1518 1164 1575; x_wconf 87' lang='lat' dir='ltr'>praesides</span> <span class='ocrx_word' id='word_1_163' title='bbox 1194 1517 1516 1574; x_wconf 83' lang='lat' dir='ltr'>praedicebant.</span> 
     </span>
     <span class='ocr_line' id='line_1_21' title="bbox 0 1583 1515 1645; baseline 0.001 -18"><span class='ocrx_word' id='word_1_164' title='bbox 0 1583 52 1626; x_wconf 65' lang='lat'>&#39;20</span> <span class='ocrx_word' id='word_1_165' title='bbox 68 1586 195 1629; x_wconf 91' lang='lat' dir='ltr'>Vnde</span> <span class='ocrx_word' id='word_1_166' title='bbox 232 1586 343 1629; x_wconf 86' lang='lat' dir='ltr'>illud</span> <span class='ocrx_word' id='word_1_167' title='bbox 387 1587 505 1644; x_wconf 90' lang='lat' dir='ltr'>apud</span> <span class='ocrx_word' id='word_1_168' title='bbox 547 1587 859 1645; x_wconf 83' lang='lat' dir='ltr'>Trimegistum</span> <span class='ocrx_word' id='word_1_169' title='bbox 897 1588 951 1631; x_wconf 94' lang='lat' dir='ltr'>de</span> <span class='ocrx_word' id='word_1_170' title='bbox 989 1587 1250 1630; x_wconf 88' lang='lat' dir='ltr'>exterminio</span> <span class='ocrx_word' id='word_1_171' title='bbox 1290 1586 1515 1643; x_wconf 84' lang='lat' dir='ltr'>religionis</span> 
     </span>
     <span class='ocr_line' id='line_1_22' title="bbox 66 1655 1514 1714; baseline -0.001 -16"><span class='ocrx_word' id='word_1_172' title='bbox 66 1655 321 1698; x_wconf 87' lang='lat' dir='ltr'>idolatriae:</span> <span class='ocrx_word' id='word_1_173' title='bbox 375 1655 561 1713; x_wconf 87' lang='lat' dir='ltr'>Egypte,</span> <span class='ocrx_word' id='word_1_174' title='bbox 598 1656 755 1713; x_wconf 85' lang='lat' dir='ltr'>inquit,</span> <span class='ocrx_word' id='word_1_175' title='bbox 796 1657 982 1714; x_wconf 89' lang='lat' dir='ltr'>Egypte,</span> <span class='ocrx_word' id='word_1_176' title='bbox 1020 1656 1106 1699; x_wconf 92' lang='lat' dir='ltr'>erit</span> <span class='ocrx_word' id='word_1_177' title='bbox 1147 1670 1247 1699; x_wconf 91' lang='lat' dir='ltr'>cum</span> <span class='ocrx_word' id='word_1_178' title='bbox 1289 1655 1514 1712; x_wconf 87' lang='lat' dir='ltr'>religionis</span> 
     </span>
     <span class='ocr_line' id='line_1_23' title="bbox 65 1723 1514 1782; baseline 0 -15"><span class='ocrx_word' id='word_1_179' title='bbox 65 1726 170 1767; x_wconf 90' lang='lat' dir='ltr'>tuae</span> <span class='ocrx_word' id='word_1_180' title='bbox 189 1723 304 1766; x_wconf 88' lang='lat' dir='ltr'>solae</span> <span class='ocrx_word' id='word_1_181' title='bbox 324 1727 584 1781; x_wconf 88' lang='lat' dir='ltr'>supererunt</span> <span class='ocrx_word' id='word_1_182' title='bbox 599 1724 786 1768; x_wconf 82' lang='lat' dir='ltr'>fabulae.</span> <span class='ocrx_word' id='word_1_183' title='bbox 836 1725 895 1768; x_wconf 91' lang='lat' dir='ltr'>Et</span> <span class='ocrx_word' id='word_1_184' title='bbox 910 1739 1037 1782; x_wconf 89' lang='lat' dir='ltr'>saepe</span> <span class='ocrx_word' id='word_1_185' title='bbox 1052 1724 1168 1781; x_wconf 90' lang='lat' dir='ltr'>quod</span> <span class='ocrx_word' id='word_1_186' title='bbox 1184 1739 1240 1767; x_wconf 90' lang='lat' dir='ltr'>ex</span> <span class='ocrx_word' id='word_1_187' title='bbox 1254 1724 1514 1767; x_wconf 85' lang='lat' dir='ltr'>necessitate</span> 
     </span>
     <span class='ocr_line' id='line_1_24' title="bbox 66 1791 1513 1850; baseline 0 -15"><span class='ocrx_word' id='word_1_188' title='bbox 66 1791 237 1836; x_wconf 78' lang='lat' dir='ltr'>faciunt</span> <span class='ocrx_word' id='word_1_189' title='bbox 257 1795 303 1835; x_wconf 91' lang='lat' dir='ltr'>et</span> <span class='ocrx_word' id='word_1_190' title='bbox 321 1793 469 1844; x_wconf 72' lang='lat' dir='ltr'>coacti,</span> <span class='ocrx_word' id='word_1_191' title='bbox 481 1808 526 1837; x_wconf 87' lang='lat' dir='ltr'>se</span> <span class='ocrx_word' id='word_1_192' title='bbox 546 1796 701 1850; x_wconf 90' lang='lat' dir='ltr'>sponte</span> <span class='ocrx_word' id='word_1_193' title='bbox 721 1793 863 1837; x_wconf 84' lang='lat' dir='ltr'>facere</span> <span class='ocrx_word' id='word_1_194' title='bbox 883 1794 1104 1844; x_wconf 90' lang='lat' dir='ltr'>simulant,</span> <span class='ocrx_word' id='word_1_195' title='bbox 1117 1793 1242 1850; x_wconf 87' lang='lat' dir='ltr'>quasi</span> <span class='ocrx_word' id='word_1_196' title='bbox 1261 1793 1513 1835; x_wconf 89' lang='lat' dir='ltr'>hominibus</span> 
     </span>
     <span class='ocr_line' id='line_1_25' title="bbox 66 1857 1556 1919; baseline 0.003 -16"><span class='ocrx_word' id='word_1_197' title='bbox 66 1860 358 1917; x_wconf 85' lang='lat' dir='ltr'>indignantes,</span> <span class='ocrx_word' id='word_1_198' title='bbox 398 1862 556 1917; x_wconf 80' lang='lat' dir='ltr'>quibus</span> <span class='ocrx_word' id='word_1_199' title='bbox 604 1876 650 1904; x_wconf 94' lang='lat' dir='ltr'>se</span> <span class='ocrx_word' id='word_1_200' title='bbox 697 1857 873 1919; x_wconf 88' lang='lat' dir='ltr'>fingunt</span> <span class='ocrx_word' id='word_1_201' title='bbox 910 1861 1115 1905; x_wconf 84' lang='lat' dir='ltr'>infensos.</span> <span class='ocrx_word' id='word_1_202' title='bbox 1194 1861 1333 1918; x_wconf 89' lang='lat' dir='ltr'>Saepe</span> <span class='ocrx_word' id='word_1_203' title='bbox 1376 1861 1510 1904; x_wconf 88' lang='lat' dir='ltr'>etiam</span> <span class='ocrx_word' id='word_1_204' title='bbox 1526 1867 1556 1907; x_wconf 90' lang='lat' dir='ltr'>d</span> 
     </span>
     <span class='ocr_line' id='line_1_26' title="bbox 9 1929 1513 1987; baseline 0.001 -16"><span class='ocrx_word' id='word_1_205' title='bbox 9 1941 50 1976; x_wconf 77' lang='lat'>25</span> <span class='ocrx_word' id='word_1_206' title='bbox 66 1929 342 1972; x_wconf 89' lang='lat' dir='ltr'>mentiuntur</span> <span class='ocrx_word' id='word_1_207' title='bbox 379 1932 459 1972; x_wconf 87' lang='lat' dir='ltr'>aut</span> <span class='ocrx_word' id='word_1_208' title='bbox 499 1929 764 1986; x_wconf 84' lang='lat' dir='ltr'>decipientes</span> <span class='ocrx_word' id='word_1_209' title='bbox 801 1933 880 1973; x_wconf 86' lang='lat' dir='ltr'>aut</span> <span class='ocrx_word' id='word_1_210' title='bbox 913 1930 1096 1987; x_wconf 88' lang='lat' dir='ltr'>decepti.</span> <span class='ocrx_word' id='word_1_211' title='bbox 1153 1929 1240 1972; x_wconf 88' lang='lat' dir='ltr'>Sed</span> <span class='ocrx_word' id='word_1_212' title='bbox 1271 1930 1373 1973; x_wconf 89' lang='lat' dir='ltr'>licet</span> <span class='ocrx_word' id='word_1_213' title='bbox 1406 1943 1513 1972; x_wconf 87' lang='lat' dir='ltr'>uera</span> 
     </span>
     <span class='ocr_line' id='line_1_27' title="bbox 66 1997 1515 2054; baseline 0 -14"><span class='ocrx_word' id='word_1_214' title='bbox 66 1997 302 2040; x_wconf 87' lang='lat' dir='ltr'>dumtaxat</span> <span class='ocrx_word' id='word_1_215' title='bbox 339 1997 581 2050; x_wconf 90' lang='lat' dir='ltr'>enuntient,</span> <span class='ocrx_word' id='word_1_216' title='bbox 611 1998 919 2041; x_wconf 89' lang='lat' dir='ltr'>nichilominus</span> <span class='ocrx_word' id='word_1_217' title='bbox 956 2001 1036 2041; x_wconf 89' lang='lat' dir='ltr'>aut</span> <span class='ocrx_word' id='word_1_218' title='bbox 1073 1998 1371 2054; x_wconf 87' lang='lat' dir='ltr'>compescendi</span> <span class='ocrx_word' id='word_1_219' title='bbox 1409 2000 1515 2040; x_wconf 89' lang='lat' dir='ltr'>sunt</span> 
     </span>
     <span class='ocr_line' id='line_1_28' title="bbox 66 2065 1513 2122; baseline -0.001 -13"><span class='ocrx_word' id='word_1_220' title='bbox 66 2068 146 2109; x_wconf 85' lang='lat' dir='ltr'>aut</span> <span class='ocrx_word' id='word_1_221' title='bbox 177 2065 389 2122; x_wconf 72' lang='lat' dir='ltr'>fugiendi.</span> <span class='ocrx_word' id='word_1_222' title='bbox 445 2065 571 2109; x_wconf 90' lang='lat' dir='ltr'>Vnde</span> <span class='ocrx_word' id='word_1_223' title='bbox 604 2066 652 2108; x_wconf 92' lang='lat' dir='ltr'>in</span> <span class='ocrx_word' id='word_1_224' title='bbox 682 2066 1047 2109; x_wconf 89' lang='lat' dir='ltr'>Deuteronomio:</span> <span class='ocrx_word' id='word_1_225' title='bbox 1098 2066 1147 2108; x_wconf 86' lang='lat' dir='ltr'>Si</span> <span class='ocrx_word' id='word_1_226' title='bbox 1187 2066 1428 2108; x_wconf 89' lang='lat' dir='ltr'>surrexerit</span> <span class='ocrx_word' id='word_1_227' title='bbox 1465 2066 1513 2107; x_wconf 91' lang='lat' dir='ltr'>in</span> 
     </span>
     <span class='ocr_line' id='line_1_29' title="bbox 66 2133 1514 2191; baseline -0.001 -14"><span class='ocrx_word' id='word_1_228' title='bbox 66 2134 210 2177; x_wconf 89' lang='lat' dir='ltr'>medio</span> <span class='ocrx_word' id='word_1_229' title='bbox 247 2133 316 2177; x_wconf 92' lang='lat' dir='ltr'>tui</span> <span class='ocrx_word' id='word_1_230' title='bbox 354 2134 579 2190; x_wconf 89' lang='lat' dir='ltr'>propheta,</span> <span class='ocrx_word' id='word_1_231' title='bbox 620 2138 699 2178; x_wconf 88' lang='lat' dir='ltr'>aut</span> <span class='ocrx_word' id='word_1_232' title='bbox 737 2135 813 2191; x_wconf 90' lang='lat' dir='ltr'>qui</span> <span class='ocrx_word' id='word_1_233' title='bbox 852 2135 960 2177; x_wconf 92' lang='lat' dir='ltr'>dicit</span> <span class='ocrx_word' id='word_1_234' title='bbox 998 2149 1043 2177; x_wconf 89' lang='lat' dir='ltr'>se</span> <span class='ocrx_word' id='word_1_235' title='bbox 1082 2134 1299 2177; x_wconf 91' lang='lat' dir='ltr'>somnium</span> <span class='ocrx_word' id='word_1_236' title='bbox 1339 2134 1514 2185; x_wconf 82' lang='lat' dir='ltr'>uidisse,</span> 
     </span>
     <span class='ocr_line' id='line_1_30' title="bbox 67 2201 1515 2259; baseline -0.001 -13"><span class='ocrx_word' id='word_1_237' title='bbox 67 2205 113 2246; x_wconf 91' lang='lat' dir='ltr'>et</span> <span class='ocrx_word' id='word_1_238' title='bbox 145 2201 415 2259; x_wconf 83' lang='lat' dir='ltr'>praedixerit</span> <span class='ocrx_word' id='word_1_239' title='bbox 445 2202 619 2259; x_wconf 89' lang='lat' dir='ltr'>signum</span> <span class='ocrx_word' id='word_1_240' title='bbox 654 2206 787 2259; x_wconf 89' lang='lat' dir='ltr'>atque</span> <span class='ocrx_word' id='word_1_241' title='bbox 819 2205 1085 2259; x_wconf 87' lang='lat' dir='ltr'>portentum,</span> <span class='ocrx_word' id='word_1_242' title='bbox 1116 2205 1161 2245; x_wconf 92' lang='lat' dir='ltr'>et</span> <span class='ocrx_word' id='word_1_243' title='bbox 1195 2202 1366 2245; x_wconf 90' lang='lat' dir='ltr'>uenerit</span> <span class='ocrx_word' id='word_1_244' title='bbox 1397 2202 1515 2258; x_wconf 91' lang='lat' dir='ltr'>quod</span> 
     </span>
     <span class='ocr_line' id='line_1_31' title="bbox 0 2271 1513 2327; baseline -0.001 -11"><span class='ocrx_word' id='word_1_245' title='bbox 0 2283 52 2318; x_wconf 73' lang='grc' dir='ltr'>3ο</span> <span class='ocrx_word' id='word_1_246' title='bbox 67 2271 239 2315; x_wconf 90' lang='lat' dir='ltr'>locutus</span> <span class='ocrx_word' id='word_1_247' title='bbox 286 2273 364 2321; x_wconf 89' lang='lat' dir='ltr'>est,</span> <span class='ocrx_word' id='word_1_248' title='bbox 403 2273 448 2313; x_wconf 90' lang='lat' dir='ltr'>et</span> <span class='ocrx_word' id='word_1_249' title='bbox 492 2271 657 2314; x_wconf 84' lang='lat' dir='ltr'>dixerit</span> <span class='ocrx_word' id='word_1_250' title='bbox 701 2271 796 2322; x_wconf 91' lang='lat' dir='ltr'>tibi,</span> <span class='ocrx_word' id='word_1_251' title='bbox 837 2271 999 2313; x_wconf 86' lang='lat' dir='ltr'>Eamus</span> <span class='ocrx_word' id='word_1_252' title='bbox 1044 2275 1090 2314; x_wconf 89' lang='lat' dir='ltr'>et</span> <span class='ocrx_word' id='word_1_253' title='bbox 1134 2285 1369 2327; x_wconf 89' lang='lat' dir='ltr'>sequamur</span> <span class='ocrx_word' id='word_1_254' title='bbox 1410 2271 1513 2315; x_wconf 92' lang='lat' dir='ltr'>deos</span> 
     </span>
    </p>
   </div>
   <div class='ocr_carea' id='block_1_3' title="bbox 67 2404 1511 2547">
    <p class='ocr_par' dir='ltr' id='par_1_3' title="bbox 67 2404 1511 2547">
     <span class='ocr_line' id='line_1_32' title="bbox 91 2404 1511 2453; baseline -0.001 -9.96"><span class='ocrx_word' id='word_1_255' title='bbox 91 2413 230 2453; x_wconf 74' lang='lat' dir='ltr'>2po⁸t</span> <span class='ocrx_word' id='word_1_256' title='bbox 260 2407 365 2444; x_wconf 87' lang='lat' dir='ltr'>cultu</span> <span class='ocrx_word' id='word_1_257' title='bbox 397 2409 480 2443; x_wconf 80' lang='lat' dir='ltr'>add.</span> <span class='ocrx_word' id='word_1_258' title='bbox 514 2407 554 2443; x_wconf 90' lang='lat' dir='ltr'>et</span> <span class='ocrx_word' id='word_1_259' title='bbox 586 2405 619 2442; x_wconf 79' lang='lat' dir='ltr'>A</span> <span class='ocrx_word' id='word_1_260' title='bbox 822 2415 863 2441; x_wconf 88' lang='lat'>21</span> <span class='ocrx_word' id='word_1_261' title='bbox 904 2404 1091 2450; x_wconf 82' lang='lat' dir='ltr'>ydolatrie</span> <span class='ocrx_word' id='word_1_262' title='bbox 1123 2404 1245 2442; x_wconf 80' lang='lat' dir='ltr'>OBAS</span> <span class='ocrx_word' id='word_1_263' title='bbox 1465 2416 1511 2443; x_wconf 87' lang='lat'>22</span> 
     </span>
     <span class='ocr_line' id='line_1_33' title="bbox 67 2451 1511 2547; baseline 0 -57"><span class='ocrx_word' id='word_1_264' title='bbox 67 2452 215 2547; x_wconf 53' lang='grc' dir='ltr'>Ξὶοίιιῑέῗί</span> <span class='ocrx_word' id='word_1_265' title='bbox 217 2455 310 2537; x_wconf 42' lang='lat' dir='ltr'>afbffi)</span> <span class='ocrx_word' id='word_1_266' title='bbox 336 2454 437 2490; x_wconf 85' lang='lat' dir='ltr'>ASM</span> <span class='ocrx_word' id='word_1_267' title='bbox 651 2462 696 2497; x_wconf 92' lang='lat'>24</span> <span class='ocrx_word' id='word_1_268' title='bbox 728 2454 768 2489; x_wconf 91' lang='lat' dir='ltr'>et</span> <span class='ocrx_word' id='word_1_269' title='bbox 792 2464 857 2489; x_wconf 87' lang='lat' dir='ltr'>om.</span> <span class='ocrx_word' id='word_1_270' title='bbox 881 2452 921 2487; x_wconf 82' lang='lat' dir='ltr'><strong>M</strong></span> <span class='ocrx_word' id='word_1_271' title='bbox 1137 2455 1181 2489; x_wconf 89' lang='lat'>28</span> <span class='ocrx_word' id='word_1_272' title='bbox 1214 2451 1430 2499; x_wconf 84' lang='lat' dir='ltr'>sompnium</span> <span class='ocrx_word' id='word_1_273' title='bbox 1452 2453 1511 2490; x_wconf 81' lang='lat' dir='ltr'>A:</span> 
     </span>
    </p>
   </div>
   <div class='ocr_carea' id='block_1_4' title="bbox 68 2621 1513 2811">
    <p class='ocr_par' dir='ltr' id='par_1_4' title="bbox 68 2621 1513 2811">
     <span class='ocr_line' id='line_1_34' title="bbox 116 2621 1510 2679; baseline -0.001 -18"><span class='ocrx_word' id='word_1_274' title='bbox 116 2634 147 2668; x_wconf 86' lang='lat'>7,</span> <span class='ocrx_word' id='word_1_275' title='bbox 167 2627 187 2661; x_wconf 91' lang='grc'><strong>8</strong></span> <span class='ocrx_word' id='word_1_276' title='bbox 212 2627 383 2679; x_wconf 75' lang='lat' dir='ltr'>antiquus</span> <span class='ocrx_word' id='word_1_277' title='bbox 397 2627 558 2661; x_wconf 79' lang='lat' dir='ltr'>dierum:</span> <span class='ocrx_word' id='word_1_278' title='bbox 583 2623 677 2659; x_wconf 90' lang='lat' dir='ltr'>Dan.</span> <span class='ocrx_word' id='word_1_279' title='bbox 694 2622 756 2658; x_wconf 88' lang='lat' dir='ltr'>vii.</span> <span class='ocrx_word' id='word_1_280' title='bbox 774 2632 797 2668; x_wconf 91' lang='lat'>9</span> <span class='ocrx_word' id='word_1_281' title='bbox 812 2622 874 2667; x_wconf 90' lang='lat' dir='ltr'>(de</span> <span class='ocrx_word' id='word_1_282' title='bbox 891 2621 998 2668; x_wconf 90' lang='lat' dir='ltr'>Deo).</span> <span class='ocrx_word' id='word_1_283' title='bbox 1109 2624 1130 2659; x_wconf 94' lang='lat'>8</span> <span class='ocrx_word' id='word_1_284' title='bbox 1154 2625 1251 2669; x_wconf 79' lang='lat' dir='ltr'>quia</span> <span class='ocrx_word' id='word_1_285' title='bbox 1229 2623 1272 2658; x_wconf 85' lang='lat' dir='ltr'>ab</span> <span class='ocrx_word' id='word_1_286' title='bbox 1288 2624 1345 2658; x_wconf 84' lang='lat' dir='ltr'>im</span> <span class='ocrx_word' id='word_1_287' title='bbox 1332 2624 1376 2658; x_wconf 76' lang='lat' dir='ltr'>iit</span> <span class='ocrx_word' id='word_1_288' title='bbox 1363 2636 1396 2659; x_wconf 86' lang='lat' dir='ltr'><em>w</em></span> <span class='ocrx_word' id='word_1_289' title='bbox 1413 2625 1510 2660; x_wconf 86' lang='lat' dir='ltr'>etc.:</span> 
     </span>
     <span class='ocr_line' id='line_1_35' title="bbox 68 2669 1513 2717; baseline -0.001 -9"><span class='ocrx_word' id='word_1_290' title='bbox 68 2683 101 2708; x_wconf 82' lang='lat' dir='ltr'>v.</span> <span class='ocrx_word' id='word_1_291' title='bbox 122 2671 173 2707; x_wconf 85' lang='lat' dir='ltr'>Ez</span> <span class='ocrx_word' id='word_1_292' title='bbox 154 2684 216 2708; x_wconf 70' lang='lat' dir='ltr'>zec</span> <span class='ocrx_word' id='word_1_293' title='bbox 197 2672 254 2707; x_wconf 87' lang='lat' dir='ltr'>c.h</span> <span class='ocrx_word' id='word_1_294' title='bbox 271 2681 471 2717; x_wconf 82' lang='lat' dir='ltr'>xxvm.15‚</span> <span class='ocrx_word' id='word_1_295' title='bbox 493 2681 543 2715; x_wconf 88' lang='lat'>17.</span> <span class='ocrx_word' id='word_1_296' title='bbox 778 2680 824 2705; x_wconf 88' lang='lat'>20</span> <span class='ocrx_word' id='word_1_297' title='bbox 850 2670 1121 2716; x_wconf 68' lang='lat' dir='ltr'>Trimeqistum:</span> <span class='ocrx_word' id='word_1_298' title='bbox 1148 2682 1178 2705; x_wconf 90' lang='lat' dir='ltr'>v.</span> <span class='ocrx_word' id='word_1_299' title='bbox 1195 2669 1308 2716; x_wconf 87' lang='lat' dir='ltr'>Apul.</span> <span class='ocrx_word' id='word_1_300' title='bbox 1326 2672 1379 2706; x_wconf 81' lang='lat' dir='ltr'>As</span> <span class='ocrx_word' id='word_1_301' title='bbox 1365 2672 1513 2716; x_wconf 61' lang='lat' dir='ltr'>ecelpius</span> 
     </span>
     <span class='ocr_line' id='line_1_36' title="bbox 69 2716 1510 2811; baseline 0 -56"><span class='ocrx_word' id='word_1_302' title='bbox 69 2730 105 2801; x_wconf 68' lang='lat'>(13)</span> <span class='ocrx_word' id='word_1_303' title='bbox 101 2729 187 2801; x_wconf 49' lang='grc' dir='ltr'>Θξιιιι</span> <span class='ocrx_word' id='word_1_304' title='bbox 198 2719 274 2800; x_wconf 50' lang='grc' dir='ltr'>ἐξ</span> <span class='ocrx_word' id='word_1_305' title='bbox 276 2719 371 2811; x_wconf 64' lang='lat' dir='ltr'>Alug.</span> <span class='ocrx_word' id='word_1_306' title='bbox 387 2721 430 2754; x_wconf 82' lang='lat' dir='ltr'>de</span> <span class='ocrx_word' id='word_1_307' title='bbox 449 2720 490 2755; x_wconf 78' lang='grc' dir='ltr'>Οἱ</span> <span class='ocrx_word' id='word_1_308' title='bbox 475 2731 519 2754; x_wconf 86' lang='lat' dir='ltr'>w.</span> <span class='ocrx_word' id='word_1_309' title='bbox 538 2719 616 2762; x_wconf 73' lang='lat' dir='ltr'>Dei,</span> <span class='ocrx_word' id='word_1_310' title='bbox 634 2716 709 2752; x_wconf 85' lang='lat' dir='ltr'>viii.</span> <span class='ocrx_word' id='word_1_311' title='bbox 727 2725 828 2762; x_wconf 90' lang='lat'>23—7.</span> <span class='ocrx_word' id='word_1_312' title='bbox 1075 2726 1118 2762; x_wconf 91' lang='lat'>27</span> <span class='ocrx_word' id='word_1_313' title='bbox 1143 2718 1184 2753; x_wconf 75' lang='lat' dir='ltr'>Si.</span> <span class='ocrx_word' id='word_1_314' title='bbox 1171 2729 1369 2754; x_wconf 45' lang='lat' dir='ltr'>surm-exe</span> <span class='ocrx_word' id='word_1_315' title='bbox 1347 2719 1510 2755; x_wconf 48' lang='lat' dir='ltr'>re‘atetc</span> 
     </span>
    </p>
   </div>
   <div class='ocr_carea' id='block_1_5' title="bbox 1335 2834 1398 2878">
    <p class='ocr_par' dir='ltr' id='par_1_5' title="bbox 1335 2834 1398 2878">
     <span class='ocr_line' id='line_1_37' title="bbox 1335 2834 1398 2878; baseline 0 -5"><span class='ocrx_word' id='word_1_316' title='bbox 1335 2834 1398 2878; x_wconf 82' lang='lat'>163</span> 
     </span>
    </p>
   </div>
  </div>
 </body>
</html>
