1820 3138
780 126 1229 176 PROLEGOMENA

278 244 414 304 Troqi
432 246 596 306 passim
619 260 726 290 usus
747 249 824 297 est,
844 260 977 303 quam
1007 245 1265 303 plerumque
1291 245 1374 289 sub
1399 245 1576 290 nomine
1602 245 1736 303 Trogi
1812 231 1820 285 Ξ

277 317 457 374 Pompei
495 316 628 360 citat:
677 315 875 372 loquitur
920 318 1070 358 autem
1110 314 1278 358 Polior.
1319 330 1361 358 v.
1404 328 1456 361 12
1501 315 1556 359 de
1596 314 1736 372 Troqo
1810 328 1815 351 ῑ

276 385 492 442 Pompeio
511 386 586 429 uel
605 385 788 429 Iustino
808 383 1147 442 compendiario
1167 384 1265 428 eius
1287 383 1346 442 (si
1364 384 1549 442 mauis).
1817 407 1820 411 ·

333 456 510 499 AVIANI
537 454 732 498 Fabulas
758 453 877 511 legit.
937 453 993 496 In
1015 453 1181 496 Policr.
1210 453 1290 498 vii.
1313 466 1378 506 24,
1404 453 1510 496 dum
1537 452 1735 496 fabulam

275 524 331 568 de
350 524 509 582 cupido
529 527 575 567 et
594 523 747 566 inuido
766 523 887 574 citat,
907 523 1014 566 haec
1034 522 1182 566 addit:
1212 527 1264 566 wi
1286 523 1428 579 Esopo
1447 523 1521 566 uel
1542 522 1736 566 Auiano
1816 520 1817 523 ’

274 595 454 646 credas3
497 593 699 636 Auianus
738 592 856 635 enim
900 592 994 648 ipse
1033 592 1082 634 in
1122 591 1309 649 epistola
1347 591 1405 635 ad
1443 591 1735 634 Theodosium

273 662 543 705 dedicatoria
562 662 789 717 Aesopum
808 659 949 704 huius
966 660 1187 704 materiae
1206 661 1367 704 ducem
1386 659 1514 704 nobis
1528 660 1734 717 appellat.
1806 672 1820 714 ξ,

333 731 498 775 ORosn
518 730 775 774 Historiam
794 729 1016 773 aduersus
1030 729 1244 786 Payanos
1257 744 1385 787 saepe
1405 729 1515 773 citat
1534 729 1734 773 Ioannes.
1803 719 1820 795 Ξ

332 800 532 843 MARIVM
574 799 898 842 MERCATOREM
933 797 1093 855 Cyrilli
1128 798 1419 842 Alexandrini
1450 798 1735 855 interpretem

270 868 492 913 adhibuit.
550 868 663 911 Vide
683 882 818 924 supra
837 867 891 910 de
911 866 1135 911 CYRILLO.

333 938 570 982 MACROBII
586 935 915 980 Saturnalibus
930 939 976 979 et
992 936 1161 980 G'omm.
1174 936 1231 980 νῖν,
1245 935 1492 980 Somnium
1506 934 1737 993 Scipionis
1803 946 1807 979 ζ

275 1007 439 1064 passim
474 1021 582 1049 usus
616 1009 694 1058 est,
730 1009 776 1049 et
809 1005 1194 1050 Saturnaliorwm
1228 1006 1481 1063 exemplari,
1510 1005 1558 1048 ni
1593 1005 1735 1057 fallor,

275 1077 330 1119 iis
360 1090 474 1133 quae
503 1075 633 1118 hodie
663 1078 844 1118 exstant
872 1074 1145 1132 perfectiore.
1204 1075 1317 1118 Vide
1347 1089 1459 1132 quae
1489 1074 1543 1117 de
1571 1075 1654 1117 hac
1688 1088 1736 1117 re
1801 1079 1804 1088 ²

273 1145 429 1202 scripsi
460 1145 673 1189 Classical
700 1143 885 1195 Review,
912 1145 972 1196 xi,
1002 1159 1043 1201 p.
1068 1158 1151 1197 441
1181 1147 1229 1187 et
1257 1144 1306 1187 in
1335 1144 1649 1188 commentario
1677 1142 1736 1186 ad
1774 1166 1777 1168 <

273 1214 443 1258 Polior.
463 1214 555 1257 viii.
584 1216 624 1267 6,
654 1224 691 1269 7.
763 1213 859 1256 Iam
890 1213 938 1256 in
967 1214 1140 1257 saeculo
1169 1213 1269 1256 xvi⁰
1302 1213 1479 1271 scripsit
1508 1213 1734 1256 Fontanus
1802 1207 1804 1210 ’

272 1284 332 1327 ad
350 1285 444 1328 Sat.
467 1284 526 1327 vi.
552 1298 602 1340 9:
633 1283 741 1326 Nisi
754 1283 894 1339 plane
920 1282 1090 1326 iudicii
1107 1283 1266 1340 fallor,
1294 1282 1596 1338 interpolauit
1615 1296 1732 1325 com·
1802 1307 1808 1318 ι

269 1353 531 1410 pila‘aitque
563 1353 619 1396 iol
652 1354 796 1409 operis
828 1351 899 1406 (sc.
932 1352 1278 1410 disputationem
1313 1352 1367 1396 de
1402 1352 1586 1396 scientia
1623 1351 1734 1401 iuris
1805 1346 1810 1351 ⁴

273 1422 500 1480 auguralis
525 1422 645 1479 apud
672 1421 917 1479 Vergilium
944 1422 1128 1465 inuenta
1154 1421 1441 1479 deperditam,
1469 1436 1581 1479 quae
1606 1420 1733 1478 polli-
1786 1472 1793 1478 ¹

272 1492 388 1535 citus
401 1493 497 1533 erat
514 1491 754 1533 Flauianus
769 1490 817 1532 in
833 1491 926 1535 Sat.
947 1491 975 1533 i.
998 1503 1055 1543 24
1069 1492 1092 1548 ἕ
1115 1491 1196 1547 17),
1211 1495 1264 1535 ut
1275 1491 1496 1547 pleraque
1514 1489 1734 1534 Macrobii

272 1560 373 1604 alia
401 1559 495 1603 1012.
525 1559 699 1606 saresb.
756 1559 864 1616 Le9e
898 1559 1010 1603 libri
1034 1559 1185 1616 primi
1215 1559 1421 1617 (subaudi
1450 1559 1732 1616 Polieratici)
1803 1603 1809 1614 ‚v

266 1633 496 1685 postrema
520 1628 613 1672 duo
643 1627 796 1685 capita
825 1633 864 1671 et
891 1629 1116 1685 quaedam
1145 1629 1285 1672 etiam
1311 1628 1510 1680 secundi,
1528 1633 1567 1671 et
1587 1630 1734 1672 claras
1803 1617 1820 1673 :²

273 1697 463 1755 reperies
499 1697 720 1754 reliquias
765 1698 967 1741 ‘melioris
1012 1698 1155 1741 huius
1193 1697 1318 1741 auri.
1378 1697 1627 1740 Fatendum
1666 1700 1734 1741 est
1811 1717 1817 1739 2-

272 1767 380 1811 haec
399 1766 681 1810 adnotauisse
702 1767 950 1809 Pontanum
971 1767 1028 1809 ad
1048 1767 1186 1809 uerba
1206 1781 1233 1809 a
1248 1781 1294 1810 se
1317 1766 1413 1823 ipso
1432 1766 1600 1818 afficta3
1629 1766 1732 1809 uide
1809 1779 1817 1818 ,2

272 1836 433 1880 Ianum
454 1836 502 1878 in
516 1835 858 1892 Proleqo‘menis,
874 1850 945 1893 pp.
963 1850 1090 1878 xxxv
1105 1850 1221 1892 seqq.
1237 1849 1246 1888 ;
1276 1835 1354 1878 sed
1367 1835 1466 1878 uiro
1481 1834 1732 1879 doctissimo
1786 1836 1815 1876 ,ξ

272 1919 362 1948 non
396 1904 554 1958 defuit,
584 1907 637 1947 ut
675 1905 879 1948 ueritatis
911 1905 1121 1957 studium,
1151 1905 1213 1948 sic
1249 1904 1384 1948 etiam
1422 1903 1732 1961 perspicacitas
1811 1926 1815 1937 ··

273 1974 320 2016 in
349 1973 614 2018 coniciendo.
674 1973 896 2017 Macrobio
923 1974 1101 2030 quidem
1129 1973 1278 2016 deberi
1302 1987 1415 2030 quae
1438 1973 1486 2015 in
1513 1972 1674 2016 Polior.
1701 1972 1729 2015 i.
1795 1959 1814 2018 ‚23

275 2056 342 2096 12,
385 2056 437 2100 13
480 2043 668 2100 legimus
708 2043 822 2085 nihil
866 2046 934 2086 est
975 2057 1062 2100 quo
1106 2043 1215 2086 certi
1256 2042 1350 2085 fieri
1388 2041 1631 2099 possimus;
1679 2055 1733 2085 ea

272 2115 422 2155 tamen
454 2126 566 2169 quae
596 2111 650 2154 de
683 2111 802 2155 cenis
837 2111 1076 2154 luxuriosis
1110 2111 1158 2153 in
1193 2110 1359 2154 Polior.
1389 2110 1482 2154 viii.
1514 2112 1552 2161 6,
1585 2120 1608 2166 7
1639 2113 1729 2153 tra-
1796 2138 1806 2143 =

272 2181 388 2225 didit
407 2181 596 2224 Ioannes
617 2194 706 2223 non
721 2180 900 2223 aliunde
920 2180 1165 2237 pmuenire,
1180 2180 1288 2223 satis
1303 2180 1462 2223 docent
1480 2181 1526 2223 et
1544 2179 1732 2223 materia

271 2254 318 2293 et
346 2250 476 2293 stilus
506 2252 552 2292 et
579 2264 740 2292 nomen
770 2249 1041 2300 Portuniani‚
1076 2249 1104 2292 i.
1122 2264 1158 2292 e.
1196 2248 1468 2292 Postumiani
1503 2247 1579 2304 qui
1610 2246 1731 2304 apud
1791 2283 1795 2286 .

271 2318 544 2362 Macrobium
583 2318 799 2374 colloquia
838 2317 1095 2361 Saturnalia
1133 2317 1269 2361 Decio
1306 2318 1471 2359 narrat.
1543 2314 1731 2360 Constat

271 2386 485 2429 nonnulla
519 2386 731 2429 excidisse
765 2386 883 2428 inter
911 2386 1003 2430 Sat.
1032 2385 1091 2429 iii.
1124 2399 1187 2436 12,
1206 2385 1284 2428 ubi
1311 2384 1365 2428 de
1391 2383 1577 2441 Vergilii
1606 2398 1731 2427 sacra
1794 2400 1796 2431 ῑ

271 2454 473 2498 doctrina
502 2454 742 2510 quaeritur,
769 2458 815 2497 et
843 2454 936 2498 Sat.
966 2454 1026 2497 iii.
1062 2467 1127 2511 13,
1155 2454 1232 2497 ubi
1261 2453 1314 2496 de
1343 2452 1462 2496 cenis
1490 2452 1730 2496 luxuriosis

274 2524 333 2581 (v.
349 2522 448 2565 Iani
468 2522 642 2579 Proleq.
658 2537 698 2579 p.
711 2523 807 2578 xix)
824 2537 833 2575 ;
858 2537 1044 2579 quorum
1065 2522 1255 2579 uestigia
1268 2535 1357 2564 non
1377 2521 1533 2564 dubito
1553 2521 1661 2578 quin
1680 2521 1728 2563 in
1794 2549 1796 2554 ·

271 2591 366 2634 loco
385 2590 650 2634 Policratici
675 2606 810 2648 supra
829 2591 947 2634 dicto
973 2591 1092 2634 cerni
1115 2591 1295 2648 possint.
1354 2589 1579 2633 Vocabula
1603 2603 1729 2646 quae,
1801 2583 1817 2627 's

272 2659 311 2703 si
346 2662 463 2702 recte
495 2659 672 2712 conicio,
707 2660 918 2702 Macrobii
950 2659 1213 2703 auctoritate
1248 2658 1461 2701 fruuntur
1498 2657 1575 2700 sed
1608 2657 1728 2714 apud
1798 2714 1803 2728 ι

272 2727 624 2784 Lexicographos
654 2730 734 2771 aut
762 2728 941 2771 omnino
970 2727 1132 2771 desunt
1157 2729 1237 2770 aut
1260 2727 1378 2771 inter
1406 2726 1593 2770 aliorum
1623 2726 1728 2771 scri·
1795 2727 1809 2780 ς’

382 2810 565 2843 ,Χκκνιιι
