1878 3172
182 141 260 183 52⁵
280 132 309 172 b
656 134 916 178 1oANN1s
955 134 1464 180 SARESBERIENSIS
1609 133 1719 196 [mn.
1734 147 1785 181 tv
1842 155 1853 186 z

325 254 426 297 aliis
446 254 799 298 excellentiorem
818 258 1016 307 nouerat,
1036 257 1161 313 quasi
1182 257 1396 301 bonorum
1415 259 1783 303 hereditariorum
1850 266 1857 267 ’

284 336 310 365 c
326 323 678 377 fundamentum,
709 324 766 367 ad
797 325 976 368 unicum
1011 341 1140 383 quem
1172 327 1378 383 sperabat
1410 328 1536 386 regni
1565 331 1610 371 et
1645 328 1782 373 felici-

324 393 432 436 tatis
471 393 676 436 futurum
714 394 918 437 heredem
956 396 1258 439 transmittere
1297 397 1484 442 curauit.
1561 398 1631 441 Ob
1668 399 1783 443 hanc

325 471 502 505 causam
556 463 742 520 epistola
794 464 887 507 eius
937 464 1159 508 destinata
1210 465 1434 509 Aristotili
1488 481 1631 524 nuper
1682 468 1779 511 nati

324 532 580 584 Alexandri,
616 535 667 576 ut
697 534 968 590 sperabatur,
1000 535 1213 592 magistro
1251 535 1350 578 uisa
1383 538 1451 579 est
1484 537 1781 582 exscribenda.
1799 548 1819 584 5
1848 547 1878 594 3]

325 601 407 644 Est
435 602 575 659 igitur
603 605 812 659 concepta
838 603 895 646 ad
921 604 1034 646 hanc
1061 603 1200 647 ferme
1227 605 1515 648 sententiam:
1550 606 1781 664 Philippus
1847 649 1856 663 ὃ

324 670 547 714 Aristotili
574 672 763 715 salutem
791 672 909 715 dicit.
969 673 1132 716 Filium
1161 673 1295 716 michi
1321 674 1522 731 genitum
1551 675 1673 726 scito,
1693 690 1780 732 quo
1850 682 1875 735 ἰ

323 740 527 797 equidem
559 740 658 784 Diis
689 741 829 784 habeo
862 742 1065 798 gratiam,
1094 757 1183 784 non
1213 742 1396 799 proinde
1423 743 1528 800 quia
1553 747 1686 787 natus
1713 746 1781 788 est
1852 775 1862 796 „

322 824 456 866 quam
476 825 556 867 pro
576 825 626 852 eo
642 810 759 866 quod
774 825 874 853 eum
894 811 1014 853 nasci
1034 811 1222 869 contigit
1235 812 1506 869 temporibus
1525 813 1646 856 uitae
1664 815 1781 859 tuae.
1850 804 1855 829 Γ

323 878 462 935 Spero
494 879 657 922 etenim
672 917 675 920 Α
692 879 787 922 fore
827 882 880 922 ut
917 880 1127 923 educatus
1159 880 1444 938 eruditusque
1479 896 1506 924 a
1539 885 1585 926 te
1619 882 1780 940 dignus
1800 879 1872 922 ιο*

323 948 488 991 existat
522 951 567 991 et
596 948 722 991 nobis
751 951 797 992 et
826 964 973 992 rerum
1001 949 1188 992 istarum
1217 950 1502 1007 susceptione.
1561 951 1781 995 Romanos
1838 989 1867 1008 2„

322 1017 609 1074 imperatores
636 1021 716 1061 aut
739 1019 883 1071 duces,
903 1019 1009 1061 dum
1030 1034 1180 1062 eorum
1205 1020 1451 1076 respublica
1469 1020 1628 1078 uiguit,
1647 1021 1780 1064 illite-
1825 1076 1827 1078 η
1859 1078 1861 1083 Ι

322 1089 443 1129 ratos
475 1087 674 1130 extitisse
709 1103 798 1130 non
831 1088 1024 1132 memini.
1082 1088 1141 1131 Et
1174 1089 1319 1132 nescio
1349 1089 1566 1146 quomodo
1594 1090 1783 1147 contigit

324 1155 453 1211 quod,
492 1170 548 1198 ex
591 1171 678 1212 quo
717 1156 764 1199 in
803 1157 1075 1214 principibus
1114 1158 1259 1201 uirtus
1298 1158 1473 1216 languit
1517 1158 1779 1210 litterarum,
1856 1199 1878 1215 ,Ι

277 1227 307 1266 d
323 1227 520 1267 armatae
558 1239 731 1282 quoque
770 1226 955 1269 militiae
994 1227 1218 1270 infirmata
1257 1230 1324 1270 est
1362 1242 1519 1270 manus
1557 1230 1603 1271 et
1641 1227 1779 1285 ipsius
1798 1239 1836 1275 15

322 1294 596 1351 principatus
631 1295 756 1351 quasi
791 1296 986 1352 praecisa
1019 1296 1159 1339 radix.
1218 1296 1312 1339 Nec
1345 1296 1520 1347 mirum,
1550 1311 1650 1340 cum
1684 1297 1779 1341 sine
1840 1344 1866 1355 ⁴.

321 1363 540 1420 sapientia
553 1364 702 1407 nullus
717 1367 834 1408 stare
855 1368 934 1408 aut
954 1380 1045 1408 esse
1065 1365 1213 1408 ualeat
1232 1365 1518 1423 principatus.
1578 1365 1780 1410 Socrates
1834 1382 1842 1387 ·

321 1432 540 1488 Apollinis
571 1433 747 1476 oraculo
776 1434 1125 1490 sapientissimus
1159 1435 1380 1477 iudicatus
1408 1437 1475 1477 est
1505 1437 1550 1478 et
1579 1435 1655 1492 qui
1685 1435 1779 1479 sine
1856 1476 1868 1486 ,

321 1501 666 1544 contradictione
690 1505 857 1559 septem
884 1503 982 1545 illos
1007 1503 1082 1559 qui
1106 1503 1213 1546 dicti
1240 1506 1345 1546 sunt
1370 1503 1589 1560 sapientes
1614 1505 1778 1548 incom-
1853 1549 1859 1553 m

322 1570 580 1626 parabiliter
598 1572 832 1614 antecessit
851 1586 940 1615 non
960 1571 1007 1613 in
1022 1572 1226 1629 opinione
1241 1573 1482 1629 sapientiae
1502 1574 1578 1616 sed
1596 1574 1777 1625 uirtute,
1796 1585 1840 1610 20
1852 1581 1864 1620 ζ

322 1643 430 1682 tunc
453 1639 630 1682 demum
660 1640 926 1696 respublicas
953 1640 1047 1684 fore
1074 1641 1225 1684 beatas
1249 1642 1447 1692 asseruit,
1471 1643 1509 1685 si
1537 1658 1609 1686 eas
1636 1643 1777 1700 philo·
1838 1679 1840 1683 .
1864 1648 1869 1658 ²

323 1709 449 1765 sophi
477 1712 679 1765 regerent
702 1711 782 1751 aut
802 1713 990 1753 rectores
1010 1725 1162 1753 earum
1181 1711 1358 1754 studere
1377 1711 1620 1768 sapientiae
1639 1713 1777 1755 conti-

322 1778 470 1835 gisset.
510 1778 569 1821 Et
582 1778 634 1832 (si
642 1779 733 1821 vtibi
748 1778 940 1822 Socratis
953 1779 1131 1822 uidetur
1143 1780 1492 1837 contempnenda
1503 1781 1780 1840 auctoritas).
1769 1798 1779 1808 ·

324 1847 406 1890 Per
424 1863 506 1898 me,
518 1848 665 1904 inquit
685 1848 923 1905 Sapientia,
936 1863 1059 1906 reges
1079 1852 1279 1927 regnant,
1298 1852 1344 1892 et
1363 1849 1609 1893 conditores
1628 1851 1776 1908 legum
1856 1895 1872 1902 ,

174 1921 254 1970 526
274 1930 305 1960 a
321 1917 440 1960 iusta
473 1917 736 1970 decernunt3
771 1932 850 1974 per
878 1933 948 1961 me
981 1919 1200 1975 principes
1234 1919 1465 1976 imperant,
1495 1921 1541 1962 et
1574 1922 1776 1976 potentes
1795 1928 1878 1964 ²5

321 1986 563 2029 decernunt
582 1986 823 2039 iustitiam;
853 2002 934 2044 ego
960 1987 1192 2045 diligentes
1216 2003 1285 2031 me
1309 1988 1456 2045 diligo,
1477 1990 1522 2031 et
1545 1989 1622 2045 qui
1647 2004 1776 2032 mane
1850 2002 1878 2086 ἢ

319 2055 511 2113 uigilant
526 2056 583 2098 ad
598 2071 679 2106 me,
694 2056 924 2099 inuenient
938 2072 1007 2100 me
1020 2072 1030 2109 3
1059 2071 1229 2100 mecum
1245 2059 1350 2100 sunt
1363 2057 1547 2100 diuitiae
1562 2060 1607 2100 et
1625 2058 1778 2115 gloria,
1855 2089 1878 2140 Ν

320 2139 424 2182 opes
459 2125 671 2182 superbae
706 2128 752 2168 et
782 2126 978 2178 iustitia3
1012 2126 1167 2169 melior
1198 2129 1265 2169 est
1304 2126 1476 2169 fructus
1514 2141 1638 2169 meus
1669 2141 1778 2170 auro

321 2198 366 2237 et
396 2194 542 2251 lapide
576 2194 780 2251 pretioso,
809 2195 1033 2252 genimina
1066 2210 1164 2238 mea
1199 2198 1383 2252 argento
1417 2194 1576 2248 electo;
1614 2195 1662 2238 in
1690 2195 1777 2239 uiis
1860 2247 1861 2250 Ἴ

319 2263 517 2306 iustitiae
557 2263 746 2314 ambulo,
777 2264 825 2306 in
864 2264 1008 2307 medio
1047 2265 1303 2307 semitarum
1342 2264 1504 2315 iudicii,
1542 2266 1596 2307 ut
1638 2264 1776 2307 ditem
1794 2275 1836 2310 30
1853 2260 1878 2312 ’ζ’

320 2394 340 2429 3
366 2383 479 2429 hanc]
499 2395 613 2428 quam
631 2383 671 2419 M
819 2384 842 2420 6
868 2383 1078 2429 Phylippus
1095 2383 1135 2418 M
1276 2393 1319 2419 12
1342 2382 1562 2419 illitteratos
1589 2383 1619 2418 B
1734 2385 1777 2420 16
1832 2383 1834 2385 ’
1855 2408 1858 2425 ,

318 2430 481 2476 prescisa
502 2430 568 2466 SM
713 2439 754 2475 17
774 2435 857 2476 post
881 2430 1118 2476 principatus
1143 2432 1227 2467 add.
1252 2429 1342 2475 quia
1366 2429 1553 2476 sapientia
1580 2430 1643 2466 dei
1667 2430 1776 2468 dixit.

320 2476 409 2513 Sine
427 2489 486 2514 me
502 2477 622 2514 nichil
633 2477 790 2524 potestis
809 2478 933 2514 facere
949 2479 982 2513 A
998 2490 1109 2524 mary.
1127 2477 1158 2513 P
1299 2488 1340 2513 21
1368 2476 1592 2523 phylosophi
1609 2477 1650 2512 M

367 2583 390 2618 6
413 2583 609 2627 Philippus
641 2583 735 2618 eto:
778 2580 988 2627 Epistulam
1021 2579 1191 2627 Philippi
1222 2591 1269 2616 ex
1300 2579 1421 2616 Gellio
1454 2578 1524 2615 loc.
1558 2579 1622 2616 cit
1654 2580 1774 2618 traxit
1851 2599 1855 2622 ;

321 2627 491 2672 Ioannes,
509 2629 614 2664 cuius
631 2629 815 2665 lectiones
833 2628 997 2664 contulit
1020 2628 1194 2664 Hertzius
1215 2627 1256 2663 in
1281 2626 1448 2663 editione
1472 2626 1614 2662 maiore
1633 2627 1774 2673 (Berol.

323 2675 629 2721 1883).17
655 2678 815 2712 Socrates
831 2678 921 2711 etc.:
947 2688 977 2711 v.
996 2675 1078 2711 Val.
1099 2675 1198 2710 Max.
1217 2673 1263 2710 iv.
1289 2684 1311 2718 4
1330 2676 1403 2709 ext.
1423 2672 1440 2719 ξ
1464 2684 1506 2718 13
1533 2674 1580 2710 cf.
1599 2673 1645 2711 iv.
1667 2676 1773 2711 lext.
1842 2664 1865 2690 *¹

321 2721 339 2768 ξ
360 2731 391 2766 7.
535 2733 576 2757 21
605 2728 690 2758 tunc
705 2725 846 2758 demum
863 2725 957 2759 etc.:
982 2735 1014 2758 v.
1032 2722 1114 2758 Val.
1134 2722 1234 2758 Max.
1251 2720 1313 2756 vii.
1331 2730 1351 2756 2
1370 2722 1446 2756 ext.
1466 2720 1547 2766 §4;
1573 2721 1704 2757 Boeth.
1730 2723 1774 2758 de

323 2770 461 2806 consol.
479 2770 612 2806 Philos.
630 2769 653 2805 i.
674 2769 812 2806 Prosa
801 2782 847 2806 iv.
992 2780 1038 2815 24
1061 2771 1133 2806 Per
1146 2781 1200 2805 me
1217 2770 1311 2805 etc.:
1336 2767 1440 2805 Prov.
1459 2767 1535 2804 viii.
1557 2777 1679 2815 1521.

430 2838 494 2882 256
