1878 3172
114 155 203 195 409
224 155 255 185 a
599 142 859 187 IOANNIS
899 141 1411 186 SARESBERIENSIS
1587 141 1700 203 [mn.
1717 151 1739 186 1

272 265 318 305 et
347 262 560 319 inspectio
589 261 781 314 tabulae,
802 276 914 318 quae
935 261 1184 319 Pitagorica
1203 261 1463 318 appellatur,
1488 261 1743 305 obseruatio

225 338 256 377 b
274 346 447 388 quoque
462 331 672 388 cuiusque
687 346 813 374 casus
828 332 875 373 in
895 331 959 374 rei
980 331 1034 374 de
1050 345 1137 387 qua
1158 331 1387 387 quaeritur
1406 331 1738 388 significatione.

331 401 583 458 Augurium
604 416 721 451 uero,
742 401 860 457 quod
881 403 948 443 est
968 401 1015 442 in
1035 400 1188 442 auium
1213 400 1533 451 obseruatione,
1554 400 1738 458 Phriges

273 470 495 513 inuenisse
534 470 787 520 traduntur,
827 470 944 526 quod
984 470 1032 511 in
1071 484 1178 512 uoce
1212 469 1418 526 proditur
1456 471 1536 512 aut
1569 468 1736 512 uolatu.

275 540 356 583 Est
402 543 551 583 autem
598 539 838 582 secundum
889 539 1174 582 traditionem
1224 553 1376 582 eorum
1425 538 1602 581 uolatus
1644 542 1738 581 tam
1758 558 1776 592 5

275 610 446 652 alarum
487 624 619 666 quam
659 609 844 665 pedum:
890 609 999 652 uola
1038 608 1255 664 siquidem
1297 611 1364 651 est
1406 607 1591 651 interior
1635 622 1739 665 pars

273 679 446 736 palmae
471 678 543 721 uel
570 678 705 735 pedis.
765 678 894 721 Vnde
919 678 1038 734 apud
1060 678 1288 720 Maronem
1312 677 1360 719 in
1384 681 1511 720 sexto
1535 677 1741 720 ‘evolante-3

273 762 354 804 pro
385 747 691 804 gradientibus
723 747 949 789 columbae
982 746 1304 789 describuntur.
1364 746 1461 789 Hoc
1491 746 1655 788 etenim
1682 746 1740 789 ad

273 816 434 860 ominis
467 816 663 873 pertinet
695 815 969 867 felicitatem,
1002 816 1039 858 si
1072 815 1301 858 columbae
1330 815 1596 873 gradientes,
1631 815 1740 858 dum
1813 848 1815 850 -

273 888 424 928 tamen
454 886 502 927 in
531 888 675 942 pastu,
706 885 969 928 itinerantes
999 885 1276 942 praecedant.
1759 902 1802 926 10
1875 892 1878 903 ¹

611 986 717 1044 Cap.
752 1000 817 1044 13.
876 986 941 1030 De
969 986 1125 1030 uariis
1154 986 1398 1030 ominibus.

332 1062 388 1104 In
409 1062 734 1119 expeditionem
759 1063 919 1106 missus
944 1063 1095 1105 consul
1117 1062 1428 1113 Romanorum,
1449 1062 1556 1105 dum
1575 1062 1742 1105 nullius

273 1131 378 1174 boni
395 1131 554 1174 ominis
575 1132 811 1174 sortiretur
824 1132 1082 1188 auspicium,
1095 1132 1319 1175 columbas
1333 1131 1498 1174 ieiunio
1519 1131 1743 1175 confectas

274 1201 426 1258 granis
458 1201 622 1258 sparsis
654 1201 840 1244 triticeis
880 1201 927 1243 in
967 1202 1042 1243 uia
1083 1216 1170 1257 qua
1204 1201 1350 1244 iturus
1382 1203 1490 1253 erat,
1525 1200 1741 1258 praeferri

274 1270 417 1323 iussit,
452 1273 504 1313 ut
543 1270 615 1313 uel
651 1285 802 1313 earum
842 1270 987 1313 omine
1021 1270 1207 1327 auspicii
1242 1269 1454 1312 duritiam
1489 1270 1740 1312 sulleuaret.
1760 1291 1799 1324 15
1871 1302 1878 1331 ξ

233 1357 257 1386 c
276 1339 400 1392 Quae
431 1354 532 1383 cum
564 1340 823 1397 diligentius
854 1355 881 1382 a
911 1340 1019 1382 cibis
1050 1339 1336 1392 abstinerent,
1357 1354 1431 1382 eas
1457 1339 1741 1396 praecipitari

274 1409 405 1452 iussit
444 1409 491 1451 in
530 1409 732 1461 fluuium,
763 1412 816 1451 ut
855 1409 1011 1451 saltem
1051 1409 1279 1461 biberent;
1321 1409 1658 1465 submersaeque
1693 1408 1741 1451 ui

274 1477 471 1520 fluminis
498 1477 742 1520 docuerunt
765 1477 986 1520 consulem
1012 1492 1111 1520 cum
1137 1477 1333 1519 exercitu
1358 1477 1740 1534 submergendum.

276 1547 363 1589 Hic
391 1547 554 1589 etenim
578 1549 754 1589 secutus
786 1549 853 1589 est
885 1549 1081 1589 euentus.
1141 1546 1260 1606 Apes
1293 1546 1490 1589 Platonis
1525 1545 1739 1588 infantuli

275 1615 363 1658 mel
396 1615 526 1658 labiis
558 1614 820 1665 inferebant,
852 1615 1121 1673 singularem
1153 1615 1429 1658 dulcedinem
1464 1615 1740 1672 eloquentiae
1760 1634 1802 1658 20

276 1685 370 1727 eius
390 1683 589 1727 futuram
610 1684 953 1741 praesignantes.
1014 1685 1163 1735 Hiero,
1179 1699 1376 1727 summus
1395 1687 1548 1742 postea
1565 1685 1742 1727 Siciliae

276 1754 575 1811 magistratus,
608 1753 726 1810 quod
760 1754 929 1796 uirtute
962 1755 1218 1811 promeruit,
1250 1769 1278 1797 a
1311 1758 1438 1811 patre
1469 1754 1742 1797 nobilissimo

276 1824 375 1866 uiro
395 1823 623 1880 expositus
644 1826 722 1874 est,
742 1838 793 1866 eo
814 1824 931 1880 quod
959 1839 1015 1866 ex
1039 1824 1199 1867 ancilla
1228 1827 1457 1881 susceptus
1483 1824 1741 1867 dehonesta-

273 1897 476 1934 mentum
491 1891 666 1948 generis
685 1891 934 1943 uidebatur,
950 1896 995 1935 et
1016 1893 1142 1949 quasi
1163 1893 1375 1949 probrosa
1389 1893 1498 1936 clari
1513 1891 1743 1949 sanguinis

276 1961 458 2004 macula.
519 1960 606 2003 Sed
634 1962 872 2017 paruulum
898 1965 943 2004 et
970 1962 1242 2018 indigentem
1269 1962 1365 2019 opis
1392 1962 1612 2004 humanae
1638 1975 1742 2018 apes
1762 1979 1802 2012 ²5
1860 1955 1864 1974 ³

275 2031 391 2073 circa
427 2044 526 2072 eum
566 2029 695 2072 melle
735 2035 942 2088 congesto
973 2031 1177 2087 plurimis
1209 2031 1357 2074 aluere
1388 2031 1567 2083 diebus3
1601 2032 1647 2073 et
1680 2030 1743 2073 sic

276 2134 299 2170 9
322 2123 488 2160 hominis
505 2123 651 2160 CBMS¹
797 2133 837 2159 11
865 2122 1038 2160 omnibus
1055 2121 1087 2158 B
1234 2131 1274 2168 15
1302 2122 1523 2160 subleuaret
1541 2121 1567 2158 S
1697 2132 1744 2159 20

275 2171 493 2218 eloquentie
510 2170 750 2208 dulcedinem
764 2169 799 2205 A
987 2172 1033 2207 26
1051 2168 1219 2208 coniesto
1236 2169 1366 2206 GBMS

327 2263 342 2289 1
369 2255 493 2289 tabula
520 2254 749 2298 Pitaqorica:
783 2252 830 2289 de
856 2252 1006 2288 ratione
1030 2251 1276 2288 divinationis
1306 2262 1377 2297 per
1398 2252 1591 2297 sphaeram
1615 2252 1744 2296 Pytha-

275 2313 381 2346 9orae
399 2301 480 2337 vide
497 2313 592 2346 quae
611 2312 659 2336 ex
677 2299 806 2336 codice
823 2312 892 2335 ms.
917 2299 958 2335 in
982 2299 1219 2336 bibliotheca
1242 2298 1459 2345 Petriburg.
1480 2299 1581 2344 apud
1606 2297 1743 2334 Russos

276 2350 421 2383 servato
449 2348 565 2383 refert
590 2348 636 2382 K.
663 2347 803 2383 Gillert
827 2347 868 2383 in
892 2349 1010 2383 Neues
1033 2348 1168 2383 Archiv
1192 2348 1258 2381 der
1283 2347 1517 2391 Gesellschafl
1538 2347 1613 2391 fiir
1633 2347 1743 2381 altere

276 2396 439 2430 deutsche
460 2396 779 2430 Geschichtskunde
796 2406 828 2430 v.
845 2407 882 2440 p.
902 2404 983 2440 254.
1081 2405 1101 2440 3
1118 2395 1270 2438 Phr-eyes
1286 2395 1380 2430 etc.:
1403 2392 1490 2429 Isid.
1512 2394 1608 2438 Oriy.
1626 2392 1702 2429 viii.
1720 2402 1742 2438 9

279 2441 297 2488 §
327 2452 394 2486 32;
431 2442 478 2477 cf.
499 2442 646 2488 Hugon.
666 2442 711 2478 de
738 2441 772 2478 S.
791 2441 945 2482 Victore
969 2444 1087 2478 Erud.
1104 2443 1190 2477 Did.
1207 2440 1254 2476 vi.
1275 2449 1329 2486 15.
1489 2449 1506 2494 5
1533 2441 1602 2475 Est
1623 2445 1744 2475 autem

277 2490 374 2524 etc.:
400 2501 431 2524 v.
450 2488 536 2525 Isid.
559 2491 656 2534 Oriq.
678 2489 742 2525 xii.
763 2498 782 2533 7
804 2488 821 2535 ξ
841 2498 897 2535 75.
1110 2490 1132 2524 6
1156 2489 1240 2524 uola
1259 2490 1330 2524 etc.
1348 2498 1358 2523 ε
1385 2485 1431 2524 cf.
1452 2487 1539 2522 Isld.
1559 2489 1655 2532 Oriy.
1674 2486 1740 2522 xii.

278 2545 298 2579 7
319 2535 337 2581 ξ
356 2547 390 2579 4.
605 2545 625 2579 7
651 2538 839 2572 Maronem
863 2539 904 2571 in
929 2541 1048 2572 sexto:
1083 2535 1193 2581 Verg.
1219 2537 1311 2570 Aen.
1335 2534 1383 2571 vi.
1404 2544 1489 2578 1915
1515 2546 1547 2570 v·
1575 2533 1673 2570 Serv.
1701 2536 1742 2569 in

278 2584 369 2619 Aen.
386 2581 432 2617 vi.
455 2583 520 2628 198
538 2583 586 2618 ad
604 2583 668 2619 fin.
768 2594 810 2619 12
836 2585 960 2619 consul
968 2585 1231 2619 Romanorum:
1250 2581 1317 2617 viz.
1334 2582 1372 2617 P.
1390 2581 1568 2617 Claudius
1579 2581 1742 2618 Pulcher

279 2638 364 2664 13.c.
400 2639 489 2674 249;
523 2642 553 2665 v.
584 2630 666 2666 Val.
696 2631 795 2666 Max.
822 2630 868 2666 iv.
897 2642 930 2675 3,
961 2630 1026 2676 qui
1051 2633 1183 2666 tamen
1208 2641 1285 2664 non
1309 2629 1553 2664 columbarum
1573 2628 1636 2665 sed
1652 2630 1741 2674 pul-

277 2678 395 2712 lorum
427 2676 658 2713 mentionem
691 2677 805 2720 facit;
838 2678 886 2713 cf.
913 2677 988 2715 Cic.
1014 2679 1057 2713 de
1083 2679 1165 2713 Div.
1189 2675 1228 2712 ii.
1254 2677 1296 2718 8;
1330 2675 1432 2712 Suet.
1462 2677 1538 2711 Tib.
1562 2687 1605 2720 23
1641 2675 1740 2712 Flor-

278 2725 378 2769 Epit.
396 2722 435 2759 ii.
454 2734 474 2759 2
494 2723 511 2770 ξ
535 2734 590 2770 29.
786 2735 827 2770 19
845 2726 943 2771 Apes
959 2726 1029 2762 etc.
1047 2736 1055 2760 :
1083 2737 1114 2760 v.
1134 2723 1208 2760 Cic.
1225 2725 1267 2759 de
1286 2725 1366 2760 Div.
1384 2723 1408 2759 i.
1429 2724 1485 2768 36,
1503 2722 1543 2758 ii.
1563 2733 1605 2769 31
1622 2736 1632 2766 ς
1655 2723 1743 2759 Val.

280 2770 378 2806 Max.
397 2770 421 2806 i.
441 2771 474 2807 6.
619 2782 660 2807 21
680 2772 792 2808 Hiero
810 2774 881 2808 etc.
899 2783 907 2808 :
935 2772 1067 2808 lustin.
1087 2771 1192 2807 xxiii.
1211 2782 1245 2816 4.
1819 2783 1821 2786 ’

388 2851 431 2885 54
