1878 3172
19 128 37 228 ς’
92 170 189 204 ω.
204 156 308 219 x1v]
593 157 1026 203 POLIORATICVS
1557 168 1644 209 ⁵09
1665 161 1694 199 b

90 292 236 322 sorore
266 277 434 321 tradita
465 277 513 319 in
547 276 775 319 affinitatis
812 275 1003 333 gratiam
1042 275 1233 320 admisit.
1291 274 1404 319 Cum
1437 289 1544 318 uero

15 383 18 387 .
91 346 208 390 idem
236 346 448 389 aduersus
475 345 700 402 priuatum
731 344 949 400 quendam
978 344 1160 401 grauius
1189 343 1544 387 excandesceret:

91 413 300 472 Loquere,
329 414 486 471 inquit,
524 413 737 470 Auguste,
777 412 893 469 quod
932 412 1086 468 placet,
1125 412 1230 468 quia
1268 412 1544 469 diligentiam

73 483 283 533 'auribus,
312 483 489 540 linguae
520 481 871 525 taciturnitatem
911 481 1065 531 indixi,
1086 481 1279 537 quietem
1316 481 1543 532 manibus3

53 563 73 597 5
91 553 138 594 et
178 551 227 593 in
269 551 471 595 omnibus
512 551 583 593 his
624 550 868 607 potentiam
905 551 1030 592 tuam
1071 563 1237 600 accusa,
1266 549 1372 606 quia
1407 550 1544 592 nichil

90 620 213 663 aliud
235 620 363 678 argui
391 621 537 676 potest
568 619 615 661 in
644 618 860 676 patientia
889 633 997 661 mea.
1056 618 1128 660 Ad
1160 618 1267 661 haec
1294 633 1384 661 non
1414 619 1545 661 modo

91 688 139 731 in
177 703 224 732 se
261 689 468 732 seruabat
508 688 780 745 patientiam,
819 687 895 730 sed
937 686 1119 730 eandem
1167 687 1268 730 aliis
1312 687 1544 730 indicebat.

11 798 14 800 ,
91 756 232 808 Vnde,
250 752 351 800 cum
381 757 581 799 Tiberius
613 758 870 812 quereretur
902 770 981 812 per
1014 755 1243 812 epistolam
1273 770 1399 798 suam
1428 755 1545 812 quod

91 825 222 868 multi
264 826 319 869 de
363 826 440 869 illo
484 840 713 882 perperam
758 825 1052 880 loquerentur,
1090 824 1157 867 ita
1189 825 1435 881 rescripsit:
1482 824 1545 866 Mi
1564 837 1589 867 c

34 905 76 931 10
92 892 251 944 Tiberi,
299 894 391 937 noli
439 894 572 936 nimis
624 893 847 950 indignari
904 906 1167 948 quemquam
1223 907 1316 936 6886
1361 893 1438 949 qui
1493 892 1548 935 de

91 964 138 1006 te
167 962 282 1006 male
309 963 540 1019 loquatur;
580 962 689 1005 satis
720 963 787 1004 est
818 961 935 1004 enim
964 961 1002 1003 si
1029 961 1111 1005 hoc
1140 961 1363 1012 habemus,
1393 962 1548 1018 nequis

90 1031 218 1074 nobis
237 1031 491 1074 malefacere
516 1030 664 1087 possit.
724 1029 849 1072 Idem
874 1032 1003 1072 tanta
1029 1030 1235 1073 comitate
1261 1030 1479 1086 quoslibet
1502 1045 1548 1073 se

91 1099 304 1143 adeuntes
329 1099 586 1156 excipiebat,
605 1101 659 1141 ut
684 1098 941 1155 quendam
929 1113 1022 1141 1060
1048 1099 1320 1176 corripuerit,
1344 1099 1460 1155 quod
1487 1100 1549 1142 sic

92 1168 177 1212 sibi
207 1168 404 1211 libellum
433 1168 657 1225 porrigere
685 1169 924 1217 uemretur,
954 1167 1080 1223 quasi
1112 1167 1344 1224 elephanto
1376 1168 1549 1224 stipem.

36 1244 76 1280 ¹5
93 1236 152 1280 Et
171 1239 387 1294 quantum
413 1237 533 1279 Nero
556 1236 883 1279 adulationibus
910 1238 1066 1292 captus
1086 1238 1163 1286 est,
1183 1238 1359 1278 tantum
1381 1237 1465 1279 iste
1491 1237 1548 1279 ab

20 1359 21 1362 Ἴ
92 1305 156 1348 618
173 1319 355 1348 auersus
373 1308 453 1349 est.
510 1305 637 1348 Vnde
655 1304 993 1361 appellationem
1014 1305 1180 1347 domini
1194 1307 1248 1347 ut
1266 1305 1548 1348 maledictum

0 1389 8 1427 1
91 1376 139 1417 et
163 1374 445 1431 obprobrium
471 1388 642 1430 semper
666 1373 909 1418 exhorruit.
969 1373 1168 1429 Denique
1190 1388 1291 1416 cum
1314 1374 1454 1416 eidem
1475 1374 1548 1416 de-

91 1443 316 1486 scendenti
354 1457 433 1500 per
470 1457 639 1486 sacram
677 1442 797 1484 uiam
843 1442 1099 1498 desperatus
1143 1442 1322 1498 quidam
1361 1443 1548 1486 diceret:

94 1511 134 1555 0
173 1512 371 1565 tiranne3
419 1511 469 1555 Si
504 1526 653 1562 essem,
692 1511 849 1567 inquit,
886 1525 976 1553 non
1015 1511 1192 1554 diceres.
1252 1511 1548 1554 Obseruatum

0 1564 79 1641 {220
94 1580 258 1623 etenim
292 1582 370 1631 est,
404 1580 605 1637 quotiens
638 1580 970 1637 ingrediebatur
1002 1579 1167 1630 urbem,
1194 1594 1251 1623 ne
1284 1580 1548 1636 supplicium

94 1648 149 1692 de
182 1663 401 1705 quoquam
431 1651 688 1691 sumeretur.
747 1647 930 1692 Curtius
960 1663 1091 1704 eques
1125 1648 1348 1691 Romanus
1382 1649 1549 1692 deliciis
1565 1651 1594 1690 d

0 1706 22 1765 ’ἶ
94 1716 286 1768 affluens,
298 1731 398 1761 cum
413 1732 608 1760 macrum
620 1717 800 1759 turdum
816 1717 1099 1773 sumpsisset
1086 1732 1134 1759 111
1149 1718 1352 1760 conuiuio
1366 1717 1549 1768 cesaris,

0 1740 24 1847 ἰ.
91 1785 385 1843 interrogauit
403 1801 461 1828 an
486 1786 662 1828 mittere
684 1786 834 1829 liceret
846 1800 856 1837 ;
885 1786 1111 1843 respondit
1129 1786 1353 1843 princeps:
1384 1787 1550 1839 Quidni

0 1845 30 1917 J
93 1853 254 1897 liceat?
311 1854 394 1896 Ille
432 1854 585 1896 statim
627 1869 706 1911 per
745 1854 984 1897 fenestram
1022 1855 1156 1897 misit.
1214 1855 1341 1898 Miles
1380 1856 1549 1912 peritus

3 1947 10 2007 ,ἦ
39 1966 41 1968 ’
94 1967 116 2002 8
141 1965 310 2012 tyberius
326 1965 386 2001 CB
480 1977 586 2001 8113111
605 1977 671 2002 om.
689 1965 823 2002 BASM
943 1975 995 2010 13,
1018 1975 1060 2010 14
1086 1965 1157 2002 sibi
1179 1965 1231 2002 sic
1248 1965 1282 2001 A
1409 1976 1452 2011 14
1479 1967 1550 2003 ele-

12 2028 20 2050 z-
93 2012 203 2049 fanto
221 2012 246 2048 S
389 2021 431 2057 17
456 2012 697 2058 opprobrium
716 2012 750 2047 A
894 2023 936 2059 19
960 2015 1120 2058 tyranne
1138 2013 1178 2048 M

145 2132 177 2164 1,
187 2132 208 2157 2
237 2121 328 2157 Cum
342 2132 428 2157 uero
445 2122 539 2156 idem
555 2122 651 2157 etc..
674 2121 769 2156 haec
780 2132 856 2157 non
867 2119 940 2156 nisi
957 2120 1123 2157 hocloco
1134 2123 1299 2164 narrata,
1315 2121 1414 2166 quod
1423 2120 1549 2164 sciam,

95 2170 250 2211 extant;
274 2180 307 2203 v.
323 2167 528 2204 Woelfflin.
549 2169 647 2204 caeo.
667 2169 770 2203 Balb.
786 2179 822 2213 p.
842 2177 875 2212 9.
1029 2178 1049 2213 3
1074 2170 1319 2212 diliyentiam:
1345 2168 1547 2204 Woelfflin.

96 2217 159 2251 loc.
182 2217 242 2252 cit.
266 2214 338 2250 ‘Vt
363 2215 410 2250 de
427 2214 539 2268 gravi
562 2214 673 2250 huius
693 2213 793 2250 vocis
815 2225 952 2259 corrup
954 2213 1033 2250 tela
1053 2214 1114 2249 vix
1139 2214 1306 2250 dubitari
1330 2217 1470 2260 potest,
1494 2215 1551 2269 ita

95 2261 181 2308 ipsa
212 2260 438 2298 emendandi
469 2261 531 2297 via
560 2261 707 2298 incerta
739 2262 806 2297 est.
870 2260 967 2296 Nam
999 2261 1229 2303 surditatem,
1265 2262 1365 2306 quod
1396 2262 1548 2307 proprie

96 2308 303 2362 opponitur
311 2310 553 2344 taciturnitati
554 2308 719 2353 ,longius
729 2319 752 2343 a
765 2307 934 2343 codicum
945 2308 1130 2353 scriptura
1139 2307 1297 2344 recedit:
1312 2310 1550 2354 dffdentiam

96 2367 183 2392 vero
200 2355 374 2391 restituto
386 2354 447 2390 vix
463 2366 545 2391 eam
562 2354 787 2391 sententiam
801 2353 940 2397 6116138,
952 2357 995 2390 ut
1008 2354 1152 2390 dictum
1168 2354 1219 2390 sit
1234 2366 1301 2400 pro
1320 2358 1437 2391 Aures
1452 2368 1549 2410 meae

97 2407 296 2445 assuerunt,
322 2414 366 2437 ne
389 2403 521 2437 talibus
535 2403 649 2446 fidem
665 2403 839 2437 habeant?
887 2401 1006 2437 Locus
1020 2403 1158 2444 tamen,
1179 2401 1300 2438 nihilo
1317 2404 1476 2446 mutato,
1494 2403 1547 2439 816

96 2448 310 2495 intellegip
311 2450 432 2485 otest:
462 2450 543 2483 Tibi
564 2460 619 2483 me
634 2450 837 2494 increpanti
857 2460 962 2483 aures
984 2450 1172 2494 diliyenter
1199 2450 1300 2495 dabo,
1317 2451 1413 2484 nihil
1428 2455 1549 2486 tamen

96 2497 319 2540 respondebo.
455 2496 477 2531 8
501 2507 582 2531 cum
602 2496 765 2530 Tiberius
781 2496 877 2531 etc.:
905 2507 938 2530 v.
957 2494 1058 2531 Suet.
1075 2497 1168 2540 Auy.
1189 2505 1246 2541 51.
1378 2507 1420 2532 12
1445 2502 1548 2532 tanta

97 2544 194 2579 etc.:
220 2542 323 2578 Suet.
345 2543 438 2587 Auy.
459 2551 476 2587 5
483 2552 516 2587 3
658 2550 700 2586 15
725 2543 820 2577 Nero
832 2543 1101 2578 adulationfbus
1117 2548 1259 2588 captus.
1283 2555 1315 2578 v.
1334 2542 1437 2579 Suet.
1453 2545 1547 2580 Nero

97 2598 153 2624 20.
299 2590 341 2625 16
364 2590 641 2635 appellationem
657 2591 753 2624 etc.:
781 2587 883 2625 Suet.
900 2590 984 2633 Auy
936 2598 1066 2635 uy..53
1224 2598 1279 2635 17,
1300 2591 1341 2626 18
1366 2592 1478 2626 eidem
1494 2593 1547 2626 de-

95 2637 274 2671 scandenti
290 2638 385 2672 etc.:
410 2647 482 2682 quo
498 2637 648 2672 auctore
664 2635 735 2671 1106
751 2637 879 2671 narret
895 2635 1030 2671 Noster
1045 2635 1182 2672 nescio.
1309 2647 1353 2682 19
1380 2639 1548 2673 Obserua—

98 2686 175 2716 tum
189 2684 283 2719 etc.:
311 2681 413 2719 Suet.
439 2684 536 2728 Auy.
563 2691 617 2727 57.
666 2681 747 2718 Hoc
773 2693 820 2718 ex
844 2681 1021 2719 Suetonio
1044 2682 1204 2719 citatum
1228 2694 1304 2719 esse
1330 2695 1407 2719 non
1431 2684 1547 2719 anim-

99 2728 261 2765 advertit
273 2729 524 2772 Woelfflinus;
548 2741 580 2765 v.
598 2730 696 2764 Caec.
710 2730 813 2765 Balb.
829 2741 865 2775 p.
880 2739 933 2765 10.
1030 2739 1071 2765 21
1095 2731 1244 2766 Curtius
1258 2733 1352 2768 etc.:
1380 2731 1545 2768 Macrob.

98 2775 227 2812 Sat.ii.
243 2786 266 2820 4
285 2775 303 2823 ξ
324 2786 379 2813 22.
521 2785 566 2821 24
589 2777 696 2811 Miles
712 2777 804 2812 etc.:
828 2788 861 2812 v.
881 2775 1041 2813 Macrob.
1059 2777 1133 2814 Sat.
1152 2776 1192 2814 ii.
1209 2788 1232 2823 4
1250 2776 1268 2824 ξ
1288 2779 1344 2815 26.

1375 2858 1438 2881 22⁷
