<?xml version="1.0" encoding="UTF-8"?>
<!DOCTYPE html PUBLIC "-//W3C//DTD XHTML 1.0 Transitional//EN"
    "http://www.w3.org/TR/xhtml1/DTD/xhtml1-transitional.dtd">
<html xmlns="http://www.w3.org/1999/xhtml" xml:lang="en" lang="en">
 <head>
  <title>
</title>
<meta http-equiv="Content-Type" content="text/html;charset=utf-8" />
  <meta name='ocr-system' content='tesseract 3.04.00' />
  <meta name='ocr-capabilities' content='ocr_page ocr_carea ocr_par ocr_line ocrx_word'/>
</head>
<body>
  <div class='ocr_page' id='page_1' title='image "./ioannissaresberi01johnuoft_0178.png"; bbox 0 0 1878 3172; ppageno 0'>
   <div class='ocr_carea' id='block_1_1' title="bbox 166 147 1775 209">
    <p class='ocr_par' dir='ltr' id='par_1_1' title="bbox 166 147 1775 209">
     <span class='ocr_line' id='line_1_1' title="bbox 166 147 1775 209; baseline 0.001 -17"><span class='ocrx_word' id='word_1_1' title='bbox 166 152 251 200; x_wconf 85' lang='lat'><strong>448</strong></span> <span class='ocrx_word' id='word_1_2' title='bbox 271 151 299 191; x_wconf 84' lang='lat' dir='ltr'><strong>d</strong></span> <span class='ocrx_word' id='word_1_3' title='bbox 643 148 903 193; x_wconf 88' lang='lat' dir='ltr'>IOANNIS</span> <span class='ocrx_word' id='word_1_4' title='bbox 944 147 1456 192; x_wconf 86' lang='lat' dir='ltr'>SARESBERIENSIS</span> <span class='ocrx_word' id='word_1_5' title='bbox 1609 147 1718 209; x_wconf 75' lang='grc' dir='ltr'>[ΜΒ.</span> <span class='ocrx_word' id='word_1_6' title='bbox 1734 160 1775 193; x_wconf 90' lang='lat'><strong>11</strong></span> 
     </span>
    </p>
   </div>
   <div class='ocr_carea' id='block_1_2' title="bbox 163 266 1863 2466">
    <p class='ocr_par' dir='ltr' id='par_1_2' title="bbox 163 266 1863 2466">
     <span class='ocr_line' id='line_1_2' title="bbox 313 266 1777 326; baseline 0 -14"><span class='ocrx_word' id='word_1_7' title='bbox 313 268 613 326; x_wconf 89' lang='lat' dir='ltr'><strong>impossibilia,</strong></span> <span class='ocrx_word' id='word_1_8' title='bbox 645 271 689 311; x_wconf 91' lang='lat' dir='ltr'><strong>et</strong></span> <span class='ocrx_word' id='word_1_9' title='bbox 725 283 781 311; x_wconf 83' lang='lat' dir='ltr'><strong>ex</strong></span> <span class='ocrx_word' id='word_1_10' title='bbox 812 267 970 324; x_wconf 87' lang='lat' dir='ltr'><strong>quouis</strong></span> <span class='ocrx_word' id='word_1_11' title='bbox 1004 266 1118 310; x_wconf 80' lang='lat' dir='ltr'><strong>falso</strong></span> <span class='ocrx_word' id='word_1_12' title='bbox 1149 266 1372 324; x_wconf 88' lang='lat' dir='ltr'><strong>quaelibet</strong></span> <span class='ocrx_word' id='word_1_13' title='bbox 1403 266 1527 311; x_wconf 80' lang='lat' dir='ltr'><strong>falsa.</strong></span> <span class='ocrx_word' id='word_1_14' title='bbox 1587 267 1635 311; x_wconf 82' lang='lat' dir='ltr'><strong>Si</strong></span> <span class='ocrx_word' id='word_1_15' title='bbox 1670 282 1777 312; x_wconf 87' lang='lat' dir='ltr'><strong>uero</strong></span> 
     </span>
     <span class='ocr_line' id='line_1_3' title="bbox 313 336 1777 387; baseline -0.001 -7"><span class='ocrx_word' id='word_1_16' title='bbox 313 338 580 381; x_wconf 78' lang='lat' dir='ltr'><strong>obtinuisses</strong></span> <span class='ocrx_word' id='word_1_17' title='bbox 608 353 664 381; x_wconf 86' lang='lat' dir='ltr'><strong>ex</strong></span> <span class='ocrx_word' id='word_1_18' title='bbox 699 352 806 381; x_wconf 91' lang='lat' dir='ltr'><strong>uero</strong></span> <span class='ocrx_word' id='word_1_19' title='bbox 840 336 1015 387; x_wconf 84' lang='lat' dir='ltr'><strong>falsum,</strong></span> <span class='ocrx_word' id='word_1_20' title='bbox 1045 336 1140 379; x_wconf 90' lang='lat' dir='ltr'><strong>iure</strong></span> <span class='ocrx_word' id='word_1_21' title='bbox 1171 339 1216 379; x_wconf 87' lang='lat' dir='ltr'><strong>et</strong></span> <span class='ocrx_word' id='word_1_22' title='bbox 1246 351 1302 379; x_wconf 84' lang='lat' dir='ltr'><strong>ex</strong></span> <span class='ocrx_word' id='word_1_23' title='bbox 1331 337 1553 379; x_wconf 84' lang='lat' dir='ltr'><strong>sententia</strong></span> <span class='ocrx_word' id='word_1_24' title='bbox 1580 337 1777 380; x_wconf 90' lang='lat' dir='ltr'><strong>omnium</strong></span> 
     </span>
     <span class='ocr_line' id='line_1_4' title="bbox 314 405 1778 463; baseline -0.001 -13"><span class='ocrx_word' id='word_1_25' title='bbox 314 421 519 463; x_wconf 87' lang='lat' dir='ltr'><strong>quererer</strong></span> <span class='ocrx_word' id='word_1_26' title='bbox 538 422 608 450; x_wconf 91' lang='lat' dir='ltr'><strong>me</strong></span> <span class='ocrx_word' id='word_1_27' title='bbox 636 422 663 450; x_wconf 89' lang='lat' dir='ltr'><strong>a</strong></span> <span class='ocrx_word' id='word_1_28' title='bbox 687 407 844 449; x_wconf 88' lang='lat' dir='ltr'><strong>semita</strong></span> <span class='ocrx_word' id='word_1_29' title='bbox 867 405 1071 448; x_wconf 87' lang='lat' dir='ltr'><strong>ueritatis</strong></span> <span class='ocrx_word' id='word_1_30' title='bbox 1095 405 1346 448; x_wconf 79' lang='lat' dir='ltr'><strong>abductum.</strong></span> <span class='ocrx_word' id='word_1_31' title='bbox 1406 405 1510 448; x_wconf 88' lang='lat' dir='ltr'><strong>Non</strong></span> <span class='ocrx_word' id='word_1_32' title='bbox 1535 408 1685 449; x_wconf 88' lang='lat' dir='ltr'><strong>tamen</strong></span> <span class='ocrx_word' id='word_1_33' title='bbox 1707 406 1778 449; x_wconf 90' lang='lat' dir='ltr'><strong>his</strong></span> 
     </span>
     <span class='ocr_line' id='line_1_5' title="bbox 314 474 1778 532; baseline 0.001 -15"><span class='ocrx_word' id='word_1_34' title='bbox 314 476 727 532; x_wconf 71' lang='lat' dir='ltr'><strong>importunitatibus</strong></span> <span class='ocrx_word' id='word_1_35' title='bbox 757 478 939 518; x_wconf 90' lang='lat' dir='ltr'><strong>eatenus</strong></span> <span class='ocrx_word' id='word_1_36' title='bbox 968 488 1154 532; x_wconf 90' lang='lat' dir='ltr'><strong>premor,</strong></span> <span class='ocrx_word' id='word_1_37' title='bbox 1178 477 1231 517; x_wconf 88' lang='lat' dir='ltr'><strong>ut</strong></span> <span class='ocrx_word' id='word_1_38' title='bbox 1260 474 1377 531; x_wconf 89' lang='lat' dir='ltr'><strong>quod</strong></span> <span class='ocrx_word' id='word_1_39' title='bbox 1407 475 1676 531; x_wconf 85' lang='lat' dir='ltr'><strong>inopinabile</strong></span> <span class='ocrx_word' id='word_1_40' title='bbox 1699 478 1778 525; x_wconf 88' lang='lat' dir='ltr'><strong>est,</strong></span> 
     </span>
     <span class='ocr_line' id='line_1_6' title="bbox 313 543 1817 600; baseline 0 -14"><span class='ocrx_word' id='word_1_41' title='bbox 313 544 419 588; x_wconf 88' lang='lat' dir='ltr'><strong>licet</strong></span> <span class='ocrx_word' id='word_1_42' title='bbox 449 545 674 588; x_wconf 87' lang='lat' dir='ltr'><strong>inueniam</strong></span> <span class='ocrx_word' id='word_1_43' title='bbox 708 548 930 587; x_wconf 73' lang='lat' dir='ltr'><strong>consortes</strong></span> <span class='ocrx_word' id='word_1_44' title='bbox 961 544 1131 594; x_wconf 86' lang='lat' dir='ltr'><strong>erroris,</strong></span> <span class='ocrx_word' id='word_1_45' title='bbox 1165 543 1345 600; x_wconf 87' lang='lat' dir='ltr'><strong>propria</strong></span> <span class='ocrx_word' id='word_1_46' title='bbox 1377 543 1628 586; x_wconf 87' lang='lat' dir='ltr'><strong>temeritate</strong></span> <span class='ocrx_word' id='word_1_47' title='bbox 1663 543 1778 587; x_wconf 89' lang='lat' dir='ltr'><strong>tueri</strong></span> <span class='ocrx_word' id='word_1_48' title='bbox 1798 563 1817 597; x_wconf 90' lang='lat'><strong>5</strong></span> 
     </span>
     <span class='ocr_line' id='line_1_7' title="bbox 163 612 1779 666; baseline -0.001 -10"><span class='ocrx_word' id='word_1_49' title='bbox 163 627 250 666; x_wconf 84' lang='lat'><strong>449</strong></span> <span class='ocrx_word' id='word_1_50' title='bbox 271 627 300 656; x_wconf 86' lang='lat' dir='ltr'><strong>a</strong></span> <span class='ocrx_word' id='word_1_51' title='bbox 315 614 588 657; x_wconf 80' lang='lat' dir='ltr'><strong>contendam.</strong></span> <span class='ocrx_word' id='word_1_52' title='bbox 648 614 767 656; x_wconf 90' lang='lat' dir='ltr'><strong>Malo</strong></span> <span class='ocrx_word' id='word_1_53' title='bbox 789 628 889 656; x_wconf 90' lang='lat' dir='ltr'><strong>cum</strong></span> <span class='ocrx_word' id='word_1_54' title='bbox 919 613 1203 663; x_wconf 84' lang='lat' dir='ltr'><strong>Academicis,</strong></span> <span class='ocrx_word' id='word_1_55' title='bbox 1221 613 1259 656; x_wconf 88' lang='lat' dir='ltr'><strong>si</strong></span> <span class='ocrx_word' id='word_1_56' title='bbox 1288 615 1439 656; x_wconf 89' lang='lat' dir='ltr'><strong>tamen</strong></span> <span class='ocrx_word' id='word_1_57' title='bbox 1468 613 1557 655; x_wconf 89' lang='lat' dir='ltr'><strong>alia</strong></span> <span class='ocrx_word' id='word_1_58' title='bbox 1584 612 1661 655; x_wconf 87' lang='lat' dir='ltr'><strong>uia</strong></span> <span class='ocrx_word' id='word_1_59' title='bbox 1688 627 1779 655; x_wconf 92' lang='lat' dir='ltr'><strong>non</strong></span> 
     </span>
     <span class='ocr_line' id='line_1_8' title="bbox 315 681 1779 740; baseline -0.001 -14"><span class='ocrx_word' id='word_1_60' title='bbox 315 685 479 740; x_wconf 84' lang='lat' dir='ltr'><strong>pateat,</strong></span> <span class='ocrx_word' id='word_1_61' title='bbox 510 683 564 726; x_wconf 92' lang='lat' dir='ltr'><strong>de</strong></span> <span class='ocrx_word' id='word_1_62' title='bbox 593 683 780 740; x_wconf 84' lang='lat' dir='ltr'><strong>singulis</strong></span> <span class='ocrx_word' id='word_1_63' title='bbox 814 682 1019 725; x_wconf 88' lang='lat' dir='ltr'><strong>dubitare</strong></span> <span class='ocrx_word' id='word_1_64' title='bbox 1053 696 1187 738; x_wconf 87' lang='lat' dir='ltr'><strong>quam</strong></span> <span class='ocrx_word' id='word_1_65' title='bbox 1221 681 1464 738; x_wconf 87' lang='lat' dir='ltr'><strong>perniciosa</strong></span> <span class='ocrx_word' id='word_1_66' title='bbox 1498 682 1779 725; x_wconf 77' lang='lat' dir='ltr'><strong>simulatione</strong></span> 
     </span>
     <span class='ocr_line' id='line_1_9' title="bbox 315 750 1779 809; baseline -0.001 -15"><span class='ocrx_word' id='word_1_67' title='bbox 315 752 523 795; x_wconf 84' lang='lat' dir='ltr'><strong>scientiae</strong></span> <span class='ocrx_word' id='word_1_68' title='bbox 545 753 661 809; x_wconf 92' lang='lat' dir='ltr'><strong>quod</strong></span> <span class='ocrx_word' id='word_1_69' title='bbox 682 753 884 809; x_wconf 85' lang='lat' dir='ltr'><strong>ignotum</strong></span> <span class='ocrx_word' id='word_1_70' title='bbox 900 751 973 794; x_wconf 86' lang='lat' dir='ltr'><strong>uel</strong></span> <span class='ocrx_word' id='word_1_71' title='bbox 993 751 1300 794; x_wconf 87' lang='lat' dir='ltr'><strong>absconditum</strong></span> <span class='ocrx_word' id='word_1_72' title='bbox 1315 754 1383 794; x_wconf 91' lang='lat' dir='ltr'><strong>est</strong></span> <span class='ocrx_word' id='word_1_73' title='bbox 1399 754 1564 794; x_wconf 87' lang='lat' dir='ltr'><strong>temere</strong></span> <span class='ocrx_word' id='word_1_74' title='bbox 1579 750 1779 800; x_wconf 90' lang='lat' dir='ltr'><strong>diffinire,</strong></span> 
     </span>
     <span class='ocr_line' id='line_1_10' title="bbox 314 819 1782 878; baseline -0.001 -15"><span class='ocrx_word' id='word_1_75' title='bbox 314 822 574 877; x_wconf 85' lang='lat' dir='ltr'><strong>praesertim</strong></span> <span class='ocrx_word' id='word_1_76' title='bbox 605 822 652 863; x_wconf 91' lang='lat' dir='ltr'><strong>in</strong></span> <span class='ocrx_word' id='word_1_77' title='bbox 677 836 764 878; x_wconf 92' lang='lat' dir='ltr'><strong>quo</strong></span> <span class='ocrx_word' id='word_1_78' title='bbox 791 821 1022 863; x_wconf 81' lang='lat' dir='ltr'><strong>assertioni</strong></span> <span class='ocrx_word' id='word_1_79' title='bbox 1049 835 1171 863; x_wconf 90' lang='lat' dir='ltr'><strong>meae</strong></span> <span class='ocrx_word' id='word_1_80' title='bbox 1198 820 1291 863; x_wconf 83' lang='lat' dir='ltr'><strong>fere</strong></span> <span class='ocrx_word' id='word_1_81' title='bbox 1319 823 1442 863; x_wconf 87' lang='lat' dir='ltr'><strong>totus</strong></span> <span class='ocrx_word' id='word_1_82' title='bbox 1470 819 1782 863; x_wconf 86' lang='lat' dir='ltr'><strong>aduersabitur</strong></span> 
     </span>
     <span class='ocr_line' id='line_1_11' title="bbox 315 882 1842 946; baseline -0.001 -14"><span class='ocrx_word' id='word_1_83' title='bbox 315 890 518 933; x_wconf 71' lang='lat' dir='ltr'><strong>mundus</strong></span> <span class='ocrx_word' id='word_1_84' title='bbox 579 890 728 946; x_wconf 89' lang='lat' dir='ltr'><strong>quue</strong></span> <span class='ocrx_word' id='word_1_85' title='bbox 758 889 968 932; x_wconf 89' lang='lat' dir='ltr'><strong>libentius</strong></span> <span class='ocrx_word' id='word_1_86' title='bbox 998 889 1282 932; x_wconf 82' lang='lat' dir='ltr'><strong>Academicos</strong></span> <span class='ocrx_word' id='word_1_87' title='bbox 1310 882 1454 940; x_wconf 85' lang='lat' dir='ltr'><strong>audio,</strong></span> <span class='ocrx_word' id='word_1_88' title='bbox 1481 889 1598 946; x_wconf 90' lang='lat' dir='ltr'><strong>quod</strong></span> <span class='ocrx_word' id='word_1_89' title='bbox 1627 902 1779 932; x_wconf 86' lang='lat' dir='ltr'><strong>eorum</strong></span> <span class='ocrx_word' id='word_1_90' title='bbox 1800 907 1842 931; x_wconf 80' lang='grc' dir='ltr'><strong>ιο</strong></span> 
     </span>
     <span class='ocr_line' id='line_1_12' title="bbox 315 958 1779 1015; baseline -0.002 -14"><span class='ocrx_word' id='word_1_91' title='bbox 315 974 428 1015; x_wconf 89' lang='lat' dir='ltr'><strong>quae</strong></span> <span class='ocrx_word' id='word_1_92' title='bbox 458 958 563 1002; x_wconf 89' lang='lat' dir='ltr'><strong>noui</strong></span> <span class='ocrx_word' id='word_1_93' title='bbox 590 959 727 1002; x_wconf 82' lang='lat' dir='ltr'><strong>nichil</strong></span> <span class='ocrx_word' id='word_1_94' title='bbox 752 958 975 1009; x_wconf 83' lang='lat' dir='ltr'><strong>auferunt,</strong></span> <span class='ocrx_word' id='word_1_95' title='bbox 996 961 1042 1001; x_wconf 92' lang='lat' dir='ltr'><strong>et</strong></span> <span class='ocrx_word' id='word_1_96' title='bbox 1067 958 1115 1000; x_wconf 92' lang='lat' dir='ltr'><strong>in</strong></span> <span class='ocrx_word' id='word_1_97' title='bbox 1144 958 1298 1001; x_wconf 79' lang='lat' dir='ltr'><strong>multis</strong></span> <span class='ocrx_word' id='word_1_98' title='bbox 1327 958 1500 1002; x_wconf 82' lang='lat' dir='ltr'><strong>faciunt</strong></span> <span class='ocrx_word' id='word_1_99' title='bbox 1528 958 1779 1008; x_wconf 86' lang='lat' dir='ltr'><strong>cautiorem,</strong></span> 
     </span>
     <span class='ocr_line' id='line_1_13' title="bbox 314 1027 1780 1085; baseline 0.001 -15"><span class='ocrx_word' id='word_1_100' title='bbox 314 1042 577 1085; x_wconf 85' lang='lat' dir='ltr'><strong>magnorum</strong></span> <span class='ocrx_word' id='word_1_101' title='bbox 607 1028 805 1070; x_wconf 90' lang='lat' dir='ltr'><strong>uirorum</strong></span> <span class='ocrx_word' id='word_1_102' title='bbox 836 1028 1099 1070; x_wconf 89' lang='lat' dir='ltr'><strong>auctoritate</strong></span> <span class='ocrx_word' id='word_1_103' title='bbox 1128 1027 1312 1078; x_wconf 86' lang='lat' dir='ltr'><strong>suffulti,</strong></span> <span class='ocrx_word' id='word_1_104' title='bbox 1335 1042 1435 1070; x_wconf 92' lang='lat' dir='ltr'><strong>cum</strong></span> <span class='ocrx_word' id='word_1_105' title='bbox 1465 1027 1523 1070; x_wconf 88' lang='lat' dir='ltr'><strong>ad</strong></span> <span class='ocrx_word' id='word_1_106' title='bbox 1546 1042 1619 1070; x_wconf 90' lang='lat' dir='ltr'><strong>eos</strong></span> <span class='ocrx_word' id='word_1_107' title='bbox 1645 1029 1780 1072; x_wconf 91' lang='lat' dir='ltr'><strong>etiam</strong></span> 
     </span>
     <span class='ocr_line' id='line_1_14' title="bbox 315 1096 1781 1153; baseline 0.002 -15"><span class='ocrx_word' id='word_1_108' title='bbox 315 1098 364 1138; x_wconf 91' lang='lat' dir='ltr'><strong>in</strong></span> <span class='ocrx_word' id='word_1_109' title='bbox 395 1100 619 1140; x_wconf 87' lang='lat' dir='ltr'><strong>senectute</strong></span> <span class='ocrx_word' id='word_1_110' title='bbox 658 1096 887 1140; x_wconf 85' lang='lat' dir='ltr'><strong>transierit</strong></span> <span class='ocrx_word' id='word_1_111' title='bbox 921 1096 1006 1147; x_wconf 93' lang='lat' dir='ltr'><strong>ille,</strong></span> <span class='ocrx_word' id='word_1_112' title='bbox 1039 1096 1087 1138; x_wconf 92' lang='lat' dir='ltr'><strong>in</strong></span> <span class='ocrx_word' id='word_1_113' title='bbox 1122 1111 1208 1153; x_wconf 92' lang='lat' dir='ltr'><strong>quo</strong></span> <span class='ocrx_word' id='word_1_114' title='bbox 1243 1096 1464 1139; x_wconf 82' lang='lat' dir='ltr'><strong>Latinitas</strong></span> <span class='ocrx_word' id='word_1_115' title='bbox 1498 1100 1650 1140; x_wconf 83' lang='lat' dir='ltr'><strong>nostra</strong></span> <span class='ocrx_word' id='word_1_116' title='bbox 1687 1098 1781 1141; x_wconf 87' lang='lat' dir='ltr'><strong>solo</strong></span> 
     </span>
     <span class='ocr_line' id='line_1_15' title="bbox 315 1165 1780 1223; baseline 0.001 -14"><span class='ocrx_word' id='word_1_117' title='bbox 315 1166 501 1216; x_wconf 91' lang='lat' dir='ltr'><strong>inuenit,</strong></span> <span class='ocrx_word' id='word_1_118' title='bbox 537 1165 745 1222; x_wconf 90' lang='lat' dir='ltr'><strong>quicquid</strong></span> <span class='ocrx_word' id='word_1_119' title='bbox 773 1165 981 1209; x_wconf 92' lang='lat' dir='ltr'><strong>insolenti</strong></span> <span class='ocrx_word' id='word_1_120' title='bbox 1012 1165 1192 1208; x_wconf 88' lang='lat' dir='ltr'><strong>Greciae</strong></span> <span class='ocrx_word' id='word_1_121' title='bbox 1227 1166 1452 1223; x_wconf 87' lang='lat' dir='ltr'><strong>eleganter</strong></span> <span class='ocrx_word' id='word_1_122' title='bbox 1480 1166 1665 1223; x_wconf 84' lang='lat' dir='ltr'><strong>opponit</strong></span> <span class='ocrx_word' id='word_1_123' title='bbox 1699 1170 1780 1210; x_wconf 86' lang='lat' dir='ltr'><strong>aut</strong></span> 
     </span>
     <span class='ocr_line' id='line_1_16' title="bbox 315 1235 1839 1292; baseline -0.002 -15"><span class='ocrx_word' id='word_1_124' title='bbox 315 1235 523 1292; x_wconf 79' lang='lat' dir='ltr'><strong>praefert,</strong></span> <span class='ocrx_word' id='word_1_125' title='bbox 544 1235 798 1279; x_wconf 84' lang='lat' dir='ltr'><strong>Ciceronem</strong></span> <span class='ocrx_word' id='word_1_126' title='bbox 818 1235 983 1291; x_wconf 86' lang='lat' dir='ltr'><strong>loquor,</strong></span> <span class='ocrx_word' id='word_1_127' title='bbox 1004 1235 1191 1278; x_wconf 88' lang='lat' dir='ltr'><strong>Romani</strong></span> <span class='ocrx_word' id='word_1_128' title='bbox 1216 1239 1438 1278; x_wconf 87' lang='lat' dir='ltr'><strong>auctorem</strong></span> <span class='ocrx_word' id='word_1_129' title='bbox 1455 1235 1628 1292; x_wconf 89' lang='lat' dir='ltr'><strong>eloquii,</strong></span> <span class='ocrx_word' id='word_1_130' title='bbox 1649 1250 1778 1292; x_wconf 86' lang='lat' dir='ltr'><strong>quem</strong></span> <span class='ocrx_word' id='word_1_131' title='bbox 1801 1251 1839 1284; x_wconf 87' lang='lat'><strong>15</strong></span> 
     </span>
     <span class='ocr_line' id='line_1_17' title="bbox 316 1303 1780 1361; baseline 0.001 -14"><span class='ocrx_word' id='word_1_132' title='bbox 316 1304 373 1346; x_wconf 86' lang='lat' dir='ltr'><strong>ad</strong></span> <span class='ocrx_word' id='word_1_133' title='bbox 405 1319 478 1347; x_wconf 89' lang='lat' dir='ltr'><strong>eos</strong></span> <span class='ocrx_word' id='word_1_134' title='bbox 517 1305 642 1361; x_wconf 87' lang='lat' dir='ltr'><strong>quasi</strong></span> <span class='ocrx_word' id='word_1_135' title='bbox 682 1305 729 1346; x_wconf 92' lang='lat' dir='ltr'><strong>in</strong></span> <span class='ocrx_word' id='word_1_136' title='bbox 768 1304 885 1347; x_wconf 88' lang='lat' dir='ltr'><strong>calce</strong></span> <span class='ocrx_word' id='word_1_137' title='bbox 924 1305 1046 1347; x_wconf 90' lang='lat' dir='ltr'><strong>uitae</strong></span> <span class='ocrx_word' id='word_1_138' title='bbox 1085 1305 1316 1348; x_wconf 89' lang='lat' dir='ltr'><strong>diuertisse</strong></span> <span class='ocrx_word' id='word_1_139' title='bbox 1350 1305 1463 1348; x_wconf 89' lang='lat' dir='ltr'><strong>liber</strong></span> <span class='ocrx_word' id='word_1_140' title='bbox 1500 1303 1567 1347; x_wconf 92' lang='lat' dir='ltr'><strong>De</strong></span> <span class='ocrx_word' id='word_1_141' title='bbox 1603 1305 1780 1348; x_wconf 88' lang='lat' dir='ltr'><strong>Natura</strong></span> 
     </span>
     <span class='ocr_line' id='line_1_18' title="bbox 315 1373 1781 1430; baseline 0.001 -14"><span class='ocrx_word' id='word_1_142' title='bbox 315 1373 511 1416; x_wconf 91' lang='lat' dir='ltr'><strong>Deorum</strong></span> <span class='ocrx_word' id='word_1_143' title='bbox 560 1373 799 1429; x_wconf 89' lang='lat' dir='ltr'><strong>inscriptus</strong></span> <span class='ocrx_word' id='word_1_144' title='bbox 843 1373 979 1416; x_wconf 89' lang='lat' dir='ltr'><strong>docet.</strong></span> <span class='ocrx_word' id='word_1_145' title='bbox 1060 1373 1259 1416; x_wconf 88' lang='lat' dir='ltr'><strong>Efferant</strong></span> <span class='ocrx_word' id='word_1_146' title='bbox 1306 1373 1444 1417; x_wconf 86' lang='lat' dir='ltr'><strong>Stoici</strong></span> <span class='ocrx_word' id='word_1_147' title='bbox 1489 1373 1781 1430; x_wconf 89' lang='lat' dir='ltr'><strong>inopinabiles</strong></span> 
     </span>
     <span class='ocr_line' id='line_1_19' title="bbox 316 1441 1863 1499; baseline 0.001 -15"><span class='ocrx_word' id='word_1_148' title='bbox 316 1442 559 1485; x_wconf 90' lang='lat' dir='ltr'><strong>sententias</strong></span> <span class='ocrx_word' id='word_1_149' title='bbox 606 1457 719 1492; x_wconf 90' lang='lat' dir='ltr'><strong>suas,</strong></span> <span class='ocrx_word' id='word_1_150' title='bbox 763 1456 872 1498; x_wconf 87' lang='lat' dir='ltr'><strong>quas</strong></span> <span class='ocrx_word' id='word_1_151' title='bbox 918 1441 1166 1498; x_wconf 84' lang='lat' dir='ltr'><strong>paradoxas</strong></span> <span class='ocrx_word' id='word_1_152' title='bbox 1211 1445 1384 1493; x_wconf 87' lang='lat' dir='ltr'><strong>uocant,</strong></span> <span class='ocrx_word' id='word_1_153' title='bbox 1429 1457 1559 1485; x_wconf 88' lang='lat' dir='ltr'><strong>ueras</strong></span> <span class='ocrx_word' id='word_1_154' title='bbox 1602 1443 1780 1499; x_wconf 90' lang='lat' dir='ltr'><strong>quidem</strong></span> <span class='ocrx_word' id='word_1_155' title='bbox 1856 1457 1863 1461; x_wconf 79' lang='grc'>’</span> 
     </span>
     <span class='ocr_line' id='line_1_20' title="bbox 270 1510 1780 1568; baseline 0.001 -14"><span class='ocrx_word' id='word_1_156' title='bbox 270 1517 300 1555; x_wconf 89' lang='lat' dir='ltr'><strong>b</strong></span> <span class='ocrx_word' id='word_1_157' title='bbox 317 1511 563 1568; x_wconf 86' lang='lat' dir='ltr'><strong>praeclaras</strong></span> <span class='ocrx_word' id='word_1_158' title='bbox 590 1513 636 1553; x_wconf 91' lang='lat' dir='ltr'><strong>et</strong></span> <span class='ocrx_word' id='word_1_159' title='bbox 662 1510 964 1562; x_wconf 88' lang='lat' dir='ltr'><strong>admirabiles;</strong></span> <span class='ocrx_word' id='word_1_160' title='bbox 994 1525 1074 1553; x_wconf 92' lang='lat' dir='ltr'><strong>nos</strong></span> <span class='ocrx_word' id='word_1_161' title='bbox 1100 1511 1255 1568; x_wconf 86' lang='lat' dir='ltr'><strong>pingui</strong></span> <span class='ocrx_word' id='word_1_162' title='bbox 1277 1510 1346 1566; x_wconf 91' lang='lat' dir='ltr'><strong>(ut</strong></span> <span class='ocrx_word' id='word_1_163' title='bbox 1371 1511 1553 1568; x_wconf 87' lang='lat' dir='ltr'><strong>dicitur)</strong></span> <span class='ocrx_word' id='word_1_164' title='bbox 1577 1511 1780 1555; x_wconf 88' lang='lat' dir='ltr'><strong>Minerua</strong></span> 
     </span>
     <span class='ocr_line' id='line_1_21' title="bbox 317 1580 1842 1637; baseline 0 -15"><span class='ocrx_word' id='word_1_165' title='bbox 317 1582 498 1637; x_wconf 85' lang='lat' dir='ltr'><strong>agentes</strong></span> <span class='ocrx_word' id='word_1_166' title='bbox 544 1580 679 1622; x_wconf 82' lang='lat' dir='ltr'><strong>nichil</strong></span> <span class='ocrx_word' id='word_1_167' title='bbox 729 1594 880 1622; x_wconf 90' lang='lat' dir='ltr'><strong>eorum</strong></span> <span class='ocrx_word' id='word_1_168' title='bbox 933 1580 1239 1636; x_wconf 86' lang='lat' dir='ltr'><strong>approbamus,</strong></span> <span class='ocrx_word' id='word_1_169' title='bbox 1286 1595 1398 1637; x_wconf 87' lang='lat' dir='ltr'><strong>quae</strong></span> <span class='ocrx_word' id='word_1_170' title='bbox 1447 1581 1651 1624; x_wconf 85' lang='lat' dir='ltr'><strong>omnibus</strong></span> <span class='ocrx_word' id='word_1_171' title='bbox 1699 1584 1779 1624; x_wconf 89' lang='lat' dir='ltr'><strong>aut</strong></span> <span class='ocrx_word' id='word_1_172' title='bbox 1799 1598 1842 1622; x_wconf 83' lang='lat'><strong>20</strong></span> 
     </span>
     <span class='ocr_line' id='line_1_22' title="bbox 316 1649 1779 1708; baseline 0.002 -17"><span class='ocrx_word' id='word_1_173' title='bbox 316 1649 519 1706; x_wconf 90' lang='lat' dir='ltr'><strong>pluribus</strong></span> <span class='ocrx_word' id='word_1_174' title='bbox 558 1652 638 1691; x_wconf 90' lang='lat' dir='ltr'><strong>aut</strong></span> <span class='ocrx_word' id='word_1_175' title='bbox 676 1649 949 1705; x_wconf 85' lang='lat' dir='ltr'><strong>sapientibus</strong></span> <span class='ocrx_word' id='word_1_176' title='bbox 989 1649 1175 1706; x_wconf 87' lang='lat' dir='ltr'><strong>singulis</strong></span> <span class='ocrx_word' id='word_1_177' title='bbox 1215 1650 1263 1691; x_wconf 92' lang='lat' dir='ltr'><strong>in</strong></span> <span class='ocrx_word' id='word_1_178' title='bbox 1307 1649 1521 1693; x_wconf 85' lang='lat' dir='ltr'><strong>facultate</strong></span> <span class='ocrx_word' id='word_1_179' title='bbox 1560 1665 1641 1693; x_wconf 87' lang='lat' dir='ltr'><strong>sua</strong></span> <span class='ocrx_word' id='word_1_180' title='bbox 1679 1666 1779 1708; x_wconf 89' lang='lat' dir='ltr'><strong>pro-</strong></span> 
     </span>
     <span class='ocr_line' id='line_1_23' title="bbox 316 1718 1782 1777; baseline 0.002 -17"><span class='ocrx_word' id='word_1_181' title='bbox 316 1718 605 1761; x_wconf 88' lang='lat' dir='ltr'><strong>babilioribus</strong></span> <span class='ocrx_word' id='word_1_182' title='bbox 634 1718 749 1760; x_wconf 85' lang='lat' dir='ltr'><strong>falsa</strong></span> <span class='ocrx_word' id='word_1_183' title='bbox 778 1733 870 1760; x_wconf 89' lang='lat' dir='ltr'><strong>esse</strong></span> <span class='ocrx_word' id='word_1_184' title='bbox 905 1718 1126 1761; x_wconf 88' lang='lat' dir='ltr'><strong>uidentur.</strong></span> <span class='ocrx_word' id='word_1_185' title='bbox 1187 1718 1292 1769; x_wconf 90' lang='lat' dir='ltr'><strong>Nec,</strong></span> <span class='ocrx_word' id='word_1_186' title='bbox 1322 1719 1360 1761; x_wconf 89' lang='lat' dir='ltr'><strong>si</strong></span> <span class='ocrx_word' id='word_1_187' title='bbox 1395 1718 1548 1763; x_wconf 86' lang='lat' dir='ltr'><strong>Cicero</strong></span> <span class='ocrx_word' id='word_1_188' title='bbox 1578 1720 1672 1777; x_wconf 87' lang='lat' dir='ltr'><strong>ipse</strong></span> <span class='ocrx_word' id='word_1_189' title='bbox 1701 1724 1782 1763; x_wconf 88' lang='lat' dir='ltr'><strong>aut</strong></span> 
     </span>
     <span class='ocr_line' id='line_1_24' title="bbox 317 1786 1781 1846; baseline 0.002 -17"><span class='ocrx_word' id='word_1_190' title='bbox 317 1786 571 1830; x_wconf 87' lang='lat' dir='ltr'><strong>Aristotiles</strong></span> <span class='ocrx_word' id='word_1_191' title='bbox 600 1787 868 1843; x_wconf 86' lang='lat' dir='ltr'><strong>impossibile</strong></span> <span class='ocrx_word' id='word_1_192' title='bbox 898 1802 953 1830; x_wconf 84' lang='lat' dir='ltr'><strong>ex</strong></span> <span class='ocrx_word' id='word_1_193' title='bbox 983 1787 1181 1844; x_wconf 88' lang='lat' dir='ltr'><strong>possibili</strong></span> <span class='ocrx_word' id='word_1_194' title='bbox 1210 1788 1467 1844; x_wconf 88' lang='lat' dir='ltr'><strong>producant,</strong></span> <span class='ocrx_word' id='word_1_195' title='bbox 1500 1789 1781 1846; x_wconf 88' lang='lat' dir='ltr'><strong>adquiescen-</strong></span> 
     </span>
     <span class='ocr_line' id='line_1_25' title="bbox 317 1856 1780 1915; baseline 0.001 -16"><span class='ocrx_word' id='word_1_196' title='bbox 317 1857 424 1900; x_wconf 90' lang='lat' dir='ltr'><strong>dum</strong></span> <span class='ocrx_word' id='word_1_197' title='bbox 463 1871 628 1907; x_wconf 89' lang='lat' dir='ltr'><strong>censeo‚</strong></span> <span class='ocrx_word' id='word_1_198' title='bbox 664 1871 738 1915; x_wconf 76' lang='lat' dir='ltr'><strong>nie</strong></span> <span class='ocrx_word' id='word_1_199' title='bbox 775 1857 925 1913; x_wconf 89' lang='lat' dir='ltr'><strong>potius</strong></span> <span class='ocrx_word' id='word_1_200' title='bbox 965 1857 1113 1913; x_wconf 89' lang='lat' dir='ltr'><strong>aliqua</strong></span> <span class='ocrx_word' id='word_1_201' title='bbox 1153 1856 1354 1900; x_wconf 87' lang='lat' dir='ltr'><strong>fallaciae</strong></span> <span class='ocrx_word' id='word_1_202' title='bbox 1393 1858 1511 1901; x_wconf 92' lang='lat' dir='ltr'><strong>nube</strong></span> <span class='ocrx_word' id='word_1_203' title='bbox 1549 1859 1780 1915; x_wconf 89' lang='lat' dir='ltr'><strong>deceptum</strong></span> 
     </span>
     <span class='ocr_line' id='line_1_26' title="bbox 315 1918 1841 1982; baseline 0.004 -14"><span class='ocrx_word' id='word_1_204' title='bbox 315 1925 618 1968; x_wconf 88' lang='lat' dir='ltr'><strong>uerisimiliter</strong></span> <span class='ocrx_word' id='word_1_205' title='bbox 659 1924 883 1981; x_wconf 85' lang='lat' dir='ltr'><strong>opinabor.</strong></span> <span class='ocrx_word' id='word_1_206' title='bbox 962 1925 1059 1968; x_wconf 91' lang='lat' dir='ltr'><strong>Hac</strong></span> <span class='ocrx_word' id='word_1_207' title='bbox 1104 1940 1208 1982; x_wconf 86' lang='lat' dir='ltr'><strong>ergo</strong></span> <span class='ocrx_word' id='word_1_208' title='bbox 1258 1927 1334 1968; x_wconf 91' lang='lat' dir='ltr'><strong>uia</strong></span> <span class='ocrx_word' id='word_1_209' title='bbox 1382 1918 1637 1971; x_wconf 66' lang='lat' dir='ltr'><strong>tendiculas</strong></span> <span class='ocrx_word' id='word_1_210' title='bbox 1678 1930 1781 1971; x_wconf 87' lang='lat' dir='ltr'><strong>tuas</strong></span> <span class='ocrx_word' id='word_1_211' title='bbox 1801 1939 1841 1974; x_wconf 86' lang='lat'><strong>²5</strong></span> 
     </span>
     <span class='ocr_line' id='line_1_27' title="bbox 317 1994 1781 2053; baseline 0.001 -16"><span class='ocrx_word' id='word_1_212' title='bbox 317 1996 528 2053; x_wconf 85' lang='lat' dir='ltr'><strong>egredior,</strong></span> <span class='ocrx_word' id='word_1_213' title='bbox 548 1998 601 2038; x_wconf 89' lang='lat' dir='ltr'><strong>ut</strong></span> <span class='ocrx_word' id='word_1_214' title='bbox 620 1995 763 2037; x_wconf 90' lang='lat' dir='ltr'><strong>dicam</strong></span> <span class='ocrx_word' id='word_1_215' title='bbox 783 1994 1110 2051; x_wconf 88' lang='lat' dir='ltr'><strong>prouidentiam</strong></span> <span class='ocrx_word' id='word_1_216' title='bbox 1131 1995 1227 2037; x_wconf 81' lang='lat' dir='ltr'><strong>falli</strong></span> <span class='ocrx_word' id='word_1_217' title='bbox 1252 2011 1341 2039; x_wconf 92' lang='lat' dir='ltr'><strong>non</strong></span> <span class='ocrx_word' id='word_1_218' title='bbox 1361 2011 1498 2053; x_wconf 85' lang='lat' dir='ltr'><strong>posse,</strong></span> <span class='ocrx_word' id='word_1_219' title='bbox 1518 2011 1611 2039; x_wconf 89' lang='lat' dir='ltr'><strong>rem</strong></span> <span class='ocrx_word' id='word_1_220' title='bbox 1630 2000 1781 2040; x_wconf 90' lang='lat' dir='ltr'><strong>tamen</strong></span> 
     </span>
     <span class='ocr_line' id='line_1_28' title="bbox 317 2063 1781 2122; baseline 0.001 -16"><span class='ocrx_word' id='word_1_221' title='bbox 317 2079 430 2120; x_wconf 91' lang='lat' dir='ltr'><strong>quae</strong></span> <span class='ocrx_word' id='word_1_222' title='bbox 470 2063 649 2120; x_wconf 86' lang='lat' dir='ltr'><strong>prouisa</strong></span> <span class='ocrx_word' id='word_1_223' title='bbox 688 2067 765 2114; x_wconf 92' lang='lat' dir='ltr'><strong>est,</strong></span> <span class='ocrx_word' id='word_1_224' title='bbox 801 2078 927 2120; x_wconf 90' lang='lat' dir='ltr'><strong>posse</strong></span> <span class='ocrx_word' id='word_1_225' title='bbox 961 2078 1050 2106; x_wconf 92' lang='lat' dir='ltr'><strong>non</strong></span> <span class='ocrx_word' id='word_1_226' title='bbox 1086 2065 1274 2108; x_wconf 89' lang='lat' dir='ltr'><strong>euenire.</strong></span> <span class='ocrx_word' id='word_1_227' title='bbox 1345 2065 1434 2108; x_wconf 87' lang='lat' dir='ltr'><strong>Sed</strong></span> <span class='ocrx_word' id='word_1_228' title='bbox 1474 2065 1581 2122; x_wconf 90' lang='lat' dir='ltr'><strong>quid</strong></span> <span class='ocrx_word' id='word_1_229' title='bbox 1615 2065 1781 2109; x_wconf 81' lang='lat' dir='ltr'><strong>inferre</strong></span> 
     </span>
     <span class='ocr_line' id='line_1_29' title="bbox 317 2133 1780 2191; baseline 0 -14"><span class='ocrx_word' id='word_1_230' title='bbox 317 2133 596 2177; x_wconf 89' lang='lat' dir='ltr'><strong>consueueris</strong></span> <span class='ocrx_word' id='word_1_231' title='bbox 631 2133 730 2176; x_wconf 89' lang='lat' dir='ltr'><strong>scio.</strong></span> <span class='ocrx_word' id='word_1_232' title='bbox 790 2133 908 2190; x_wconf 86' lang='lat' dir='ltr'><strong>Ergo</strong></span> <span class='ocrx_word' id='word_1_233' title='bbox 940 2133 1146 2190; x_wconf 91' lang='lat' dir='ltr'><strong>possibile</strong></span> <span class='ocrx_word' id='word_1_234' title='bbox 1179 2137 1246 2176; x_wconf 88' lang='lat' dir='ltr'><strong>est</strong></span> <span class='ocrx_word' id='word_1_235' title='bbox 1280 2149 1377 2177; x_wconf 92' lang='lat' dir='ltr'><strong>eam</strong></span> <span class='ocrx_word' id='word_1_236' title='bbox 1411 2149 1500 2177; x_wconf 92' lang='lat' dir='ltr'><strong>non</strong></span> <span class='ocrx_word' id='word_1_237' title='bbox 1535 2149 1627 2177; x_wconf 87' lang='lat' dir='ltr'><strong>esse</strong></span> <span class='ocrx_word' id='word_1_238' title='bbox 1657 2149 1780 2191; x_wconf 89' lang='lat' dir='ltr'><strong>prae-</strong></span> 
     </span>
     <span class='ocr_line' id='line_1_30' title="bbox 316 2202 1782 2260; baseline 0.001 -16"><span class='ocrx_word' id='word_1_239' title='bbox 316 2203 471 2245; x_wconf 90' lang='lat' dir='ltr'><strong>uisam.</strong></span> <span class='ocrx_word' id='word_1_240' title='bbox 551 2202 670 2252; x_wconf 90' lang='lat' dir='ltr'><strong>Esto,</strong></span> <span class='ocrx_word' id='word_1_241' title='bbox 709 2202 903 2258; x_wconf 91' lang='lat' dir='ltr'><strong>inquam.</strong></span> <span class='ocrx_word' id='word_1_242' title='bbox 985 2202 1083 2254; x_wconf 79' lang='lat' dir='ltr'><strong>Quo</strong></span> <span class='ocrx_word' id='word_1_243' title='bbox 1122 2202 1242 2245; x_wconf 89' lang='lat' dir='ltr'><strong>ultra</strong></span> <span class='ocrx_word' id='word_1_244' title='bbox 1280 2203 1588 2259; x_wconf 59' lang='lat' dir='ltr'><strong>progrederis?</strong></span> <span class='ocrx_word' id='word_1_245' title='bbox 1653 2203 1782 2260; x_wconf 90' lang='lat' dir='ltr'><strong>Ergo,</strong></span> 
     </span>
     <span class='ocr_line' id='line_1_31' title="bbox 317 2271 1843 2328; baseline -0.001 -14"><span class='ocrx_word' id='word_1_246' title='bbox 317 2271 476 2327; x_wconf 83' lang='lat' dir='ltr'><strong>inquis,</strong></span> <span class='ocrx_word' id='word_1_247' title='bbox 511 2271 777 2314; x_wconf 90' lang='lat' dir='ltr'><strong>reclamante</strong></span> <span class='ocrx_word' id='word_1_248' title='bbox 816 2271 1106 2328; x_wconf 88' lang='lat' dir='ltr'><strong>philosophia,</strong></span> <span class='ocrx_word' id='word_1_249' title='bbox 1139 2274 1184 2313; x_wconf 91' lang='lat' dir='ltr'><strong>et</strong></span> <span class='ocrx_word' id='word_1_250' title='bbox 1222 2271 1337 2327; x_wconf 89' lang='lat' dir='ltr'><strong>quod</strong></span> <span class='ocrx_word' id='word_1_251' title='bbox 1375 2274 1443 2314; x_wconf 89' lang='lat' dir='ltr'><strong>est</strong></span> <span class='ocrx_word' id='word_1_252' title='bbox 1473 2286 1562 2315; x_wconf 91' lang='lat' dir='ltr'><strong>non</strong></span> <span class='ocrx_word' id='word_1_253' title='bbox 1597 2286 1701 2323; x_wconf 87' lang='lat' dir='ltr'><strong>esse,</strong></span> <span class='ocrx_word' id='word_1_254' title='bbox 1736 2275 1782 2316; x_wconf 85' lang='lat' dir='ltr'><strong>et</strong></span> <span class='ocrx_word' id='word_1_255' title='bbox 1799 2288 1843 2321; x_wconf 79' lang='lat'><strong>30</strong></span> 
     </span>
     <span class='ocr_line' id='line_1_32' title="bbox 318 2339 1782 2397; baseline 0.001 -15"><span class='ocrx_word' id='word_1_256' title='bbox 318 2340 436 2396; x_wconf 92' lang='lat' dir='ltr'><strong>quod</strong></span> <span class='ocrx_word' id='word_1_257' title='bbox 457 2339 546 2382; x_wconf 75' lang='lat' dir='ltr'><strong>fuit</strong></span> <span class='ocrx_word' id='word_1_258' title='bbox 565 2340 771 2396; x_wconf 89' lang='lat' dir='ltr'><strong>possibile</strong></span> <span class='ocrx_word' id='word_1_259' title='bbox 787 2343 854 2382; x_wconf 89' lang='lat' dir='ltr'><strong>est</strong></span> <span class='ocrx_word' id='word_1_260' title='bbox 873 2355 962 2383; x_wconf 91' lang='lat' dir='ltr'><strong>non</strong></span> <span class='ocrx_word' id='word_1_261' title='bbox 982 2340 1130 2390; x_wconf 84' lang='lat' dir='ltr'><strong>fuisse,</strong></span> <span class='ocrx_word' id='word_1_262' title='bbox 1146 2343 1192 2382; x_wconf 86' lang='lat' dir='ltr'><strong>et</strong></span> <span class='ocrx_word' id='word_1_263' title='bbox 1207 2355 1319 2396; x_wconf 89' lang='lat' dir='ltr'><strong>quae</strong></span> <span class='ocrx_word' id='word_1_264' title='bbox 1339 2340 1427 2382; x_wconf 89' lang='lat' dir='ltr'><strong>iam</strong></span> <span class='ocrx_word' id='word_1_265' title='bbox 1447 2340 1782 2397; x_wconf 84' lang='lat' dir='ltr'><strong>praeterierunt,</strong></span> 
     </span>
     <span class='ocr_line' id='line_1_33' title="bbox 278 2409 1782 2466; baseline 0 -14"><span class='ocrx_word' id='word_1_266' title='bbox 278 2423 302 2452; x_wconf 87' lang='lat' dir='ltr'><strong>c</strong></span> <span class='ocrx_word' id='word_1_267' title='bbox 319 2409 515 2453; x_wconf 87' lang='lat' dir='ltr'><strong>reuocari</strong></span> <span class='ocrx_word' id='word_1_268' title='bbox 535 2412 720 2465; x_wconf 90' lang='lat' dir='ltr'><strong>possunt</strong></span> <span class='ocrx_word' id='word_1_269' title='bbox 739 2423 794 2451; x_wconf 90' lang='lat' dir='ltr'><strong>ne</strong></span> <span class='ocrx_word' id='word_1_270' title='bbox 815 2409 994 2452; x_wconf 82' lang='lat' dir='ltr'><strong>fuerint.</strong></span> <span class='ocrx_word' id='word_1_271' title='bbox 1056 2409 1271 2465; x_wconf 90' lang='lat' dir='ltr'><strong>Equidem</strong></span> <span class='ocrx_word' id='word_1_272' title='bbox 1295 2409 1517 2451; x_wconf 88' lang='lat' dir='ltr'><strong>infinitam</strong></span> <span class='ocrx_word' id='word_1_273' title='bbox 1536 2409 1782 2466; x_wconf 86' lang='lat' dir='ltr'><strong>potentiam</strong></span> 
     </span>
    </p>
   </div>
   <div class='ocr_carea' id='block_1_3' title="bbox 318 2525 1782 2617">
    <p class='ocr_par' dir='ltr' id='par_1_3' title="bbox 318 2525 1782 2617">
     <span class='ocr_line' id='line_1_34' title="bbox 318 2525 1782 2574; baseline 0 -11"><span class='ocrx_word' id='word_1_274' title='bbox 318 2527 342 2563; x_wconf 90' lang='lat'><strong>6</strong></span> <span class='ocrx_word' id='word_1_275' title='bbox 366 2525 627 2562; x_wconf 87' lang='lat' dir='ltr'><strong>achademicos</strong></span> <span class='ocrx_word' id='word_1_276' title='bbox 645 2526 677 2561; x_wconf 90' lang='lat' dir='ltr'>A</span> <span class='ocrx_word' id='word_1_277' title='bbox 801 2536 844 2572; x_wconf 89' lang='lat'><strong>²3</strong></span> <span class='ocrx_word' id='word_1_278' title='bbox 870 2525 1182 2571; x_wconf 84' lang='lat' dir='ltr'><strong>acquiescendum</strong></span> <span class='ocrx_word' id='word_1_279' title='bbox 1199 2525 1295 2562; x_wconf 84' lang='lat' dir='ltr'><strong>CBA</strong></span> <span class='ocrx_word' id='word_1_280' title='bbox 1417 2535 1463 2571; x_wconf 88' lang='lat'><strong>30</strong></span> <span class='ocrx_word' id='word_1_281' title='bbox 1487 2525 1737 2574; x_wconf 77' lang='lat' dir='ltr'><strong>phylosophia</strong></span> <span class='ocrx_word' id='word_1_282' title='bbox 1753 2525 1782 2563; x_wconf 85' lang='lat' dir='ltr'>G</span> 
     </span>
     <span class='ocr_line' id='line_1_35' title="bbox 320 2572 934 2617; baseline 0.002 -10"><span class='ocrx_word' id='word_1_283' title='bbox 320 2583 365 2617; x_wconf 90' lang='lat'><strong>32</strong></span> <span class='ocrx_word' id='word_1_284' title='bbox 392 2572 442 2608; x_wconf 88' lang='lat' dir='ltr'><strong>Et</strong></span> <span class='ocrx_word' id='word_1_285' title='bbox 460 2572 614 2617; x_wconf 88' lang='lat' dir='ltr'><strong>quidem</strong></span> <span class='ocrx_word' id='word_1_286' title='bbox 632 2573 671 2608; x_wconf 90' lang='lat' dir='ltr'>M</span> <span class='ocrx_word' id='word_1_287' title='bbox 928 2578 934 2583; x_wconf 90' lang='lat'>&#39;</span> 
     </span>
    </p>
   </div>
   <div class='ocr_carea' id='block_1_4' title="bbox 318 2674 1779 2817">
    <p class='ocr_par' dir='ltr' id='par_1_4' title="bbox 318 2674 1779 2817">
     <span class='ocr_line' id='line_1_36' title="bbox 368 2674 1779 2722; baseline 0.001 -10"><span class='ocrx_word' id='word_1_288' title='bbox 368 2677 422 2718; x_wconf 86' lang='lat'><strong>16,</strong></span> <span class='ocrx_word' id='word_1_289' title='bbox 443 2685 484 2720; x_wconf 91' lang='lat'><strong>17</strong></span> <span class='ocrx_word' id='word_1_290' title='bbox 513 2677 567 2711; x_wconf 84' lang='lat' dir='ltr'><strong>De</strong></span> <span class='ocrx_word' id='word_1_291' title='bbox 583 2678 728 2711; x_wconf 81' lang='lat' dir='ltr'><strong>Natura</strong></span> <span class='ocrx_word' id='word_1_292' title='bbox 750 2678 927 2712; x_wconf 81' lang='lat' dir='ltr'><strong>Deorum:</strong></span> <span class='ocrx_word' id='word_1_293' title='bbox 952 2689 984 2712; x_wconf 85' lang='lat' dir='ltr'><strong>v.</strong></span> <span class='ocrx_word' id='word_1_294' title='bbox 1005 2675 1079 2712; x_wconf 81' lang='lat' dir='ltr'><strong>cic.</strong></span> <span class='ocrx_word' id='word_1_295' title='bbox 1099 2678 1142 2712; x_wconf 84' lang='lat' dir='ltr'><strong>de</strong></span> <span class='ocrx_word' id='word_1_296' title='bbox 1157 2677 1204 2713; x_wconf 90' lang='lat' dir='ltr'><strong>N.</strong></span> <span class='ocrx_word' id='word_1_297' title='bbox 1224 2677 1269 2712; x_wconf 87' lang='lat' dir='ltr'><strong>D.</strong></span> <span class='ocrx_word' id='word_1_298' title='bbox 1288 2675 1358 2711; x_wconf 81' lang='lat' dir='ltr'><strong>i-v.</strong></span> <span class='ocrx_word' id='word_1_299' title='bbox 1378 2674 1419 2722; x_wconf 62' lang='grc' dir='ltr'><strong>ἕξ</strong></span> <span class='ocrx_word' id='word_1_300' title='bbox 1442 2686 1544 2713; x_wconf 87' lang='lat'>1—12.</span> <span class='ocrx_word' id='word_1_301' title='bbox 1738 2685 1779 2722; x_wconf 87' lang='lat'><strong>17</strong></span> 
     </span>
     <span class='ocr_line' id='line_1_37' title="bbox 318 2722 1778 2772; baseline 0.001 -13"><span class='ocrx_word' id='word_1_302' title='bbox 318 2725 579 2769; x_wconf 76' lang='lat' dir='ltr'><strong>inopinabiles:</strong></span> <span class='ocrx_word' id='word_1_303' title='bbox 607 2724 654 2759; x_wconf 90' lang='lat' dir='ltr'><strong>cf.</strong></span> <span class='ocrx_word' id='word_1_304' title='bbox 678 2722 771 2760; x_wconf 87' lang='lat' dir='ltr'><strong>Gell.</strong></span> <span class='ocrx_word' id='word_1_305' title='bbox 797 2726 841 2759; x_wconf 90' lang='lat' dir='ltr'><strong>N.</strong></span> <span class='ocrx_word' id='word_1_306' title='bbox 868 2725 914 2759; x_wconf 80' lang='grc' dir='ltr'><strong>Α.</strong></span> <span class='ocrx_word' id='word_1_307' title='bbox 941 2723 1026 2759; x_wconf 86' lang='lat' dir='ltr'><strong>xvii.</strong></span> <span class='ocrx_word' id='word_1_308' title='bbox 1049 2734 1113 2766; x_wconf 84' lang='lat'><strong>123</strong></span> <span class='ocrx_word' id='word_1_309' title='bbox 1139 2724 1186 2760; x_wconf 85' lang='lat' dir='ltr'><strong>cf.</strong></span> <span class='ocrx_word' id='word_1_310' title='bbox 1214 2722 1287 2760; x_wconf 85' lang='lat' dir='ltr'><strong>Cic.</strong></span> <span class='ocrx_word' id='word_1_311' title='bbox 1314 2725 1495 2760; x_wconf 78' lang='lat' dir='ltr'><strong>Paradox.</strong></span> <span class='ocrx_word' id='word_1_312' title='bbox 1516 2724 1685 2761; x_wconf 90' lang='lat' dir='ltr'><strong>Prooem.</strong></span> <span class='ocrx_word' id='word_1_313' title='bbox 1707 2723 1778 2772; x_wconf 72' lang='lat'><strong>§4</strong></span> 
     </span>
     <span class='ocr_line' id='line_1_38' title="bbox 322 2770 1100 2817; baseline -0.001 -9"><span class='ocrx_word' id='word_1_314' title='bbox 322 2781 365 2816; x_wconf 91' lang='lat'><strong>19</strong></span> <span class='ocrx_word' id='word_1_315' title='bbox 386 2772 522 2816; x_wconf 75' lang='lat' dir='ltr'><strong>pinqui</strong></span> <span class='ocrx_word' id='word_1_316' title='bbox 541 2772 730 2807; x_wconf 75' lang='lat' dir='ltr'><strong>Minerva:</strong></span> <span class='ocrx_word' id='word_1_317' title='bbox 757 2770 830 2807; x_wconf 78' lang='lat' dir='ltr'><strong>Cic.</strong></span> <span class='ocrx_word' id='word_1_318' title='bbox 850 2773 948 2807; x_wconf 84' lang='lat' dir='ltr'><strong>Lael.</strong></span> <span class='ocrx_word' id='word_1_319' title='bbox 969 2780 986 2816; x_wconf 87' lang='grc'><strong><em>5</em></strong></span> <span class='ocrx_word' id='word_1_320' title='bbox 1008 2771 1025 2817; x_wconf 60' lang='grc' dir='ltr'><strong><em>ξ</em></strong></span> <span class='ocrx_word' id='word_1_321' title='bbox 1049 2781 1100 2816; x_wconf 90' lang='lat'><strong>19.</strong></span> 
     </span>
    </p>
   </div>
   <div class='ocr_carea' id='block_1_5' title="bbox 431 2851 493 2875">
    <p class='ocr_par' dir='ltr' id='par_1_5' title="bbox 431 2851 493 2875">
     <span class='ocr_line' id='line_1_39' title="bbox 431 2851 493 2875; baseline -0.016 0"><span class='ocrx_word' id='word_1_322' title='bbox 431 2851 493 2875; x_wconf 81' lang='lat'><strong>122</strong></span> 
     </span>
    </p>
   </div>
  </div>
 </body>
</html>
