1878 3172
173 173 257 219 536
277 178 308 207 a
651 167 910 212 IOANNIS
950 167 1462 213 SARESBERIENSIS
1605 167 1715 229 [ΜΒ.
1732 182 1783 214 1v
1852 173 1856 229 J

321 288 510 345 populus
526 288 664 331 Israel
680 303 732 332 ea
751 289 822 332 die
842 289 966 332 uisus
986 292 1053 332 est
1069 290 1295 335 corruisse.
1355 291 1460 334 Heli
1481 306 1665 348 quoque,
1680 292 1783 336 licet
1854 311 1863 346 3¹

321 359 500 400 sanctus
529 357 577 399 in
608 372 654 400 se
686 357 823 401 fuisse
856 358 1041 416 legatur,
1072 359 1176 415 quia
1204 360 1396 403 filiorum
1425 361 1620 418 pepercit
1648 361 1783 412 uitiis,
1853 357 1870 420 ‘L'

321 441 478 477 auersa
508 427 615 469 sella
649 426 803 470 fractis
832 428 1076 471 ceruicibus
1109 443 1315 472 corruens
1344 429 1578 486 expirauit.
1637 430 1700 472 Vt
1729 430 1783 474 de

321 495 477 538 ceteris
497 498 677 547 taceam,
697 500 913 552 quantum
940 511 1101 553 quaeso
1127 498 1349 554 publicam
1375 499 1604 542 hominum
1625 498 1784 542 dilexit
1864 548 1878 555 Μ

321 566 366 607 et
399 565 619 621 quaesiuit
650 566 838 609 salutem
874 566 950 622 qui
981 567 1160 624 proprio
1193 567 1307 611 Filio
1336 583 1427 612 non
1465 568 1671 625 pepercit,
1706 568 1780 611 sed
1800 584 1818 618 5
1877 558 1878 562 ¹

319 648 400 691 pro
420 635 546 677 nobis
566 635 754 677 tradidit
773 635 911 686 illum,
926 638 979 678 ut
999 650 1111 692 quae
1131 651 1431 680 merueramus
1445 637 1594 680 uincla
1607 637 1782 694 flagella

319 718 492 747 crucem
523 704 761 747 sustineret
789 704 998 748 immunis
1028 707 1074 747 et
1107 705 1316 749 innocens
1349 709 1491 749 morte
1524 706 1782 763 turpissima

320 773 666 830 condempnatus
684 775 699 815 ἲ
749 772 920 829 Regum
941 775 1138 816 scrutare
1157 774 1399 826 historiam,
1414 775 1472 818 ad
1490 775 1573 819 hoc
1591 775 1782 831 petitum

1864 686 1875 725 ἑ

321 857 468 899 regem
507 856 535 884 a
573 841 668 884 Deo
706 841 916 892 inuenies,
946 844 999 884 ut
1031 843 1311 899 praecederet
1350 843 1509 888 faciem
1543 843 1694 901 populi
1736 846 1782 886 et
1873 889 1878 896 ‚

273 917 301 955 b
319 911 609 968 praeliaretur
651 911 767 954 bella
813 925 963 954 eorum
1008 914 1054 954 et
1108 912 1165 954 ad
1204 913 1539 956 similitudinem
1577 913 1778 971 gentium
1799 902 1878 973 1οξ1

318 981 458 1023 totius
495 980 647 1037 populi
687 994 820 1022 onera
862 980 1112 1024 sustineret.
1187 981 1274 1035 Qui
1314 984 1464 1025 tamen
1502 997 1591 1026 non
1631 982 1779 1026 fuerat

316 1049 597 1099 necessarius,
627 1048 713 1091 nisi
745 1051 790 1091 et
821 1048 960 1092 Israel
991 1050 1322 1106 praeuaricatus
1353 1053 1468 1094 esset
1496 1051 1544 1093 in
1574 1051 1778 1094 similitu-

317 1118 465 1161 dinem
494 1118 706 1176 gentium,
733 1120 786 1160 ut
815 1118 909 1161 Deo
938 1133 1040 1176 rege
1069 1119 1154 1162 sibi
1183 1134 1273 1162 non
1302 1119 1530 1163 uideretur
1559 1135 1650 1163 esse
1677 1135 1777 1164 con·

315 1190 478 1231 tentus.
538 1187 586 1230 Si
608 1187 725 1230 enim
754 1202 833 1243 per
861 1202 907 1230 se
936 1187 1155 1231 iustitiam
1179 1188 1397 1241 coluisset,
1418 1189 1457 1232 si
1483 1190 1531 1232 in
1555 1190 1777 1234 mandatis
1876 1236 1878 1239 ,

317 1257 497 1300 Domini
525 1256 716 1299 fideliter
749 1256 1028 1307 ambulasset,
1058 1272 1138 1314 pro
1172 1257 1336 1301 nichilo
1369 1258 1626 1302 humiliaret
1655 1259 1777 1302 Deus
1797 1271 1836 1305 1⁵
1874 1286 1878 1316 :

317 1326 464 1369 hostes
504 1339 655 1368 eorum
694 1327 739 1367 et
778 1339 910 1382 super
947 1325 1213 1369 tribulantes
1252 1341 1326 1369 eos
1364 1326 1563 1370 mitteret
1597 1342 1777 1370 manum
1872 1328 1878 1357 ἕ

316 1409 442 1438 suam
461 1397 514 1437 ut
533 1394 662 1437 solito
690 1394 773 1437 Dei
800 1394 968 1437 auxilio
988 1409 1103 1438 unus
1130 1398 1467 1453 persequeretur
1485 1396 1605 1439 mille
1625 1399 1671 1440 et
1690 1396 1778 1439 duo
1833 1386 1840 1391 ’

317 1463 526 1521 fugarent
546 1463 694 1506 decem
714 1463 847 1505 milia.
1353 1478 1356 1482 ·

376 1532 609 1589 Hospitem
624 1546 770 1595 meum
788 1531 1090 1575 Placentinum
1111 1533 1276 1576 dixisse
1291 1533 1442 1585 recolo,
1457 1535 1606 1577 uirum
1621 1534 1777 1591 utique

319 1602 533 1658 sanguine
566 1615 838 1658 generosum,
873 1601 1108 1652 habentem
1142 1602 1425 1658 prudentiam
1455 1603 1610 1646 mundi
1643 1603 1777 1646 huius
1797 1617 1842 1643 πο

317 1669 365 1712 111
394 1671 552 1713 timore
582 1669 773 1720 Domini,
794 1670 875 1712 hoc
905 1669 953 1712 in
982 1669 1240 1713 ciuitatibus
1266 1671 1425 1714 Italiae
1448 1686 1532 1715 usu
1553 1671 1776 1729 frequenti

316 1739 647 1784 celeberrimum
677 1753 769 1781 esse
800 1738 927 1795 quod,
949 1738 1054 1781 dum
1083 1754 1235 1796 pacem
1266 1740 1460 1797 diligunt
1489 1743 1535 1784 et
1558 1741 1776 1784 iustitiam

317 1810 468 1853 colunt
507 1811 552 1851 et
590 1808 795 1864 periuriis
834 1808 1070 1860 abstinent,
1109 1811 1261 1852 tantae
1306 1809 1526 1853 libertatis
1569 1813 1614 1853 et
1656 1811 1777 1867 pacis

275 1895 300 1924 0
316 1878 479 1936 gaudio
507 1877 811 1935 perfruuntur,
842 1877 958 1933 quod
988 1877 1124 1920 nichil
1159 1880 1227 1920 est
1260 1879 1438 1921 omnino
1474 1878 1591 1936 quod
1619 1879 1692 1922 uel
1725 1880 1774 1922 in

314 1947 497 1990 minimo
524 1947 716 2003 quietem
741 1961 891 1989 eorum
921 1947 1156 1990 concutiat.
1216 1946 1330 1990 Cum
1352 1961 1459 1991 uero
1481 1948 1774 2004 prolabuntur
1793 1962 1835 1997 25

314 2017 371 2059 ad
392 2016 571 2059 fraudes
597 2018 642 2058 et
670 2030 750 2072 per
777 2015 925 2058 uarias
954 2015 1199 2059 iniustitiae
1229 2016 1408 2059 semitas
1436 2017 1699 2060 scinduntur
1723 2019 1772 2061 in

315 2088 454 2128 semet
499 2085 618 2142 ipsis,
658 2084 812 2128 statim
857 2084 930 2128 uel
974 2084 1140 2128 fastum
1180 2085 1428 2128 Romanum
1466 2086 1538 2129 uel
1577 2086 1773 2131 furorem

1862 975 1878 1051 1

1866 1059 1878 1134 ³}

313 2168 998 2247 mondemnatus
1014 2198 1038 2236 S
1132 2174 1339 2245 hystoriam
1355 2199 1396 2236 Μ
1525 2210 1569 2245 14
1584 2200 1773 2239 iustitiam
1860 2192 1878 2231 z*

315 2259 384 2293 per
400 2259 438 2284 se
456 2247 496 2283 M
640 2249 682 2284 18
707 2247 853 2293 decem]
870 2259 905 2283 x.
924 2247 964 2283 M
1059 2256 1102 2283 21
1129 2246 1264 2284 ithalie
1280 2247 1330 2284 S:
1354 2247 1497 2294 ytaliae
1513 2247 1555 2284 M
1725 2259 1773 2294 24

314 2295 468 2332 omnino
486 2296 542 2332 est
558 2293 629 2330 0¹8

363 2408 381 2432 1
407 2399 494 2433 Heli
509 2399 604 2433 etc.:
636 2408 649 2433 1
667 2397 755 2443 Reg.
771 2396 810 2432 ii.
827 2407 882 2442 29,
895 2396 950 2432 iii.
969 2406 1020 2442 13,
1035 2396 1081 2433 iv.
1103 2397 1156 2433 18.
1257 2405 1276 2443 5
1293 2398 1358 2450 qui
1366 2399 1522 2443 proprio
1538 2399 1609 2435 etc.
1626 2409 1636 2434 :
1662 2398 1768 2436 Rom.
1850 2419 1851 2422 =
1876 2442 1878 2447 Ι

313 2443 391 2479 viii.
410 2455 466 2489 32.
649 2445 669 2480 8
695 2446 831 2489 Reyum
846 2446 1057 2480 historiam:
1083 2455 1114 2479 v.
1138 2453 1153 2480 1
1173 2443 1263 2491 Reg.
1282 2443 1360 2486 viii,
1377 2443 1440 2481 xii.
1626 2454 1668 2491 17
1692 2458 1771 2491 per-
1849 2487 1852 2490 ⁴

312 2497 517 2538 sequeretur
544 2493 618 2528 etc.
634 2502 642 2526 :
678 2503 709 2527 v.
743 2491 851 2528 Deut.
882 2490 996 2527 xxxii.
1026 2501 1081 2536 30.
1241 2501 1284 2537 19
1319 2492 1505 2537 Hospitem
1532 2493 1626 2528 eta:
1665 2493 1769 2537 Quae
1855 2490 1860 2495 ’

313 2541 519 2583 sequuntur
543 2550 659 2584 usque
686 2538 734 2574 ad
758 2544 1031 2574 consentaneum
1054 2543 1104 2574 est
1133 2537 1270 2583 (5361))
1296 2537 1391 2574 citat
1415 2538 1525 2574 Pauli
1548 2540 1646 2575 Mon.
1671 2542 1766 2577 Hist.

317 2586 434 2620 Germ.
453 2587 580 2630 Script.
602 2585 715 2621 xxvii.
738 2598 775 2631 p.
797 2587 855 2630 46.
952 2586 1226 2622 Placentinum:
1254 2585 1378 2621 ‘Inter
1400 2585 1610 2622 mansiones
1633 2587 1769 2632 quibus
1844 2603 1855 2619 :-

314 2631 430 2676 Angli
441 2632 595 2668 Romam
609 2632 818 2678 profecturi
828 2633 1020 2670 devertere
1034 2632 1206 2669 solebant
1219 2634 1299 2668 erat
1310 2631 1519 2677 hospitium
1533 2633 1767 2678 Placentiae;
1838 2660 1845 2674 η,

315 2679 364 2714 cf.
383 2678 607 2715 Eadmerum
627 2679 688 2716 SS.
707 2680 787 2716 xiii.
805 2692 868 2726 pp.
890 2690 965 2724 141,
985 2680 1075 2723 146.’
1124 2679 1254 2722 Pauli;
1280 2677 1500 2715 v.Eadmeri
1511 2681 1606 2716 Hist.
1619 2682 1704 2717 Nov.
1722 2681 1766 2720 ii.
1838 2682 1845 2715 ’ζ

316 2725 373 2761 ed.
397 2725 492 2761 Rule
516 2727 629 2770 (Rolls
650 2729 764 2762 Series
785 2729 846 2772 81)
862 2739 923 2772 pp.
942 2735 997 2772 95,
1017 2737 1097 2771 241.
1149 2726 1283 2772 Inepte
1304 2725 1456 2772 quidam
1476 2726 1523 2763 de
1544 2727 1766 2765 Placentino
1838 2734 1843 2773 '.

315 2771 530 2818 iurisperito
552 2773 661 2809 istius
683 2774 819 2810 aetatis
842 2773 1086 2811 celeberrimo
1109 2773 1388 2819 cogitaverunt;
1413 2785 1445 2810 v.
1464 2773 1628 2822 Savigny
1646 2777 1765 2812 Geseh.

315 2821 375 2855 des
390 2821 490 2856 Rom.
506 2822 635 2857 Rechts
650 2823 690 2857 in
704 2823 922 2865 Mittelalter,
940 2820 987 2858 iv.
1004 2832 1042 2867 p.
1061 2831 1140 2864 210,
1156 2832 1193 2857 n.
1210 2831 1244 2865 4.

426 2883 491 2918 274
