1878 3172
204 183 290 234 498
310 194 341 225 a
680 179 940 225 IoANms
984 158 1496 224 SARESBER'IENSIS
1627 178 1739 240 [m.
1755 191 1817 224 111

356 301 566 358 quicquid
587 315 861 358 quocumque
881 300 1014 344 titulo
1033 299 1261 343 confertur
1279 300 1327 342 in
1347 300 1495 352 alium,
1514 303 1628 344 teste
1647 299 1818 350 CraSSQ

357 370 446 427 qui,
466 373 518 413 ut
544 370 720 422 dicitur,
740 370 882 412 milite
906 370 1223 420 dissimulante,
1243 384 1294 412 eo
1321 370 1438 426 quod
1464 369 1582 413 solus
1608 372 1688 412 aut
1713 383 1819 426 prae

356 439 512 498 ceteris
528 439 646 496 apud
668 439 854 482 Parthos
875 454 1033 482 aurum
1049 439 1233 490 sitierat,
1245 453 1403 481 aurum
1423 439 1549 483 bibit.
1598 439 1819 496 Iugurtha

357 523 530 565 quoque
565 523 693 565 saepe
728 509 976 551 Romanum
1016 508 1266 551 exarmauit
1305 510 1350 551 et
1388 507 1526 565 fregit
1563 507 1818 559 exercitum,

356 577 496 634 ipsius
516 592 689 634 quoque
708 578 831 620 urbis
851 577 1070 620 concussit
1095 577 1385 629 maiestatem,
1404 591 1523 620 nunc
1542 577 1652 620 dans
1677 577 1819 634 plura,
1840 595 1858 629 ⁵

356 647 622 703 promittens
651 647 876 690 interdum
916 647 1125 703 pluriora.
1197 646 1285 689 Sed
1314 647 1395 690 hoc
1430 646 1618 689 liberum
1654 650 1722 690 est
1750 646 1820 689 his

358 719 404 759 et
432 731 560 773 saepe
590 717 805 767 conducit,
831 716 907 773 qui
938 717 1087 772 aliqua
1115 716 1280 758 donare
1308 718 1642 759 consueuerant.
1700 715 1820 758 Alio-

359 786 467 841 quin
491 786 721 842 promissio
747 786 918 842 gratiae
949 785 1245 828 conciliandae
1269 800 1358 828 non
1384 786 1569 842 proficit,
1593 785 1669 828 sed
1696 784 1821 842 quasi

359 855 558 912 deceptio
593 854 878 898 fraudulenta
912 855 1034 897 illam
1069 869 1181 911 quae
1221 869 1314 898 esse
1352 855 1532 898 uidetur
1563 855 1822 912 plerumque

359 924 596 981 extinguit.
658 925 800 967 Tanto
835 924 1011 980 quidem
1043 924 1247 975 ualidius,
1281 939 1369 981 quo
1407 939 1507 968 cum
1545 923 1821 981 prudentiori
1842 936 1878 961 xe

360 996 405 1036 et
447 993 642 1050 grauior-i
681 993 779 1036 uiro
817 994 1046 1051 negotium
1085 994 1265 1050 geritur.
1325 993 1595 1050 Simplicitas
1634 1007 1823 1049 namque

360 1063 800 1106 circumuenientium
830 1063 1003 1106 insidiis
1032 1063 1167 1106 latius
1195 1065 1320 1120 patet
1346 1066 1392 1106 et
1417 1063 1592 1107 facilius
1616 1063 1822 1120 supplan-

313 1133 343 1171 b
361 1135 495 1175 tatur.
545 1132 672 1174 Vnde
692 1132 766 1175 ille
787 1132 863 1188 qui
883 1147 972 1174 non
991 1133 1146 1175 urbem
1167 1133 1243 1175 sed
1262 1133 1412 1175 orbem
1426 1133 1603 1176 lasciuis
1622 1132 1825 1189 impleuit

360 1201 595 1253 amoribus,
616 1201 945 1244 sollicitatorem
965 1201 1212 1258 puellarum
1239 1203 1285 1244 et
1310 1201 1581 1258 impudicum
1601 1201 1824 1244 instruens

360 1273 602 1313 amatorem
622 1270 708 1313 ait:
1843 1283 1857 1307 1
1864 1282 1878 1318 ⁵

506 1369 745 1412 Promittas
774 1369 921 1420 facito,
952 1371 1058 1427 quid
1088 1370 1205 1413 enim
1234 1370 1492 1427 promittere
1521 1370 1663 1413 ledit?

563 1428 771 1484 pollicitis
801 1428 925 1471 diues
954 1428 1163 1484 quislibet
1191 1443 1284 1471 esse
1313 1431 1470 1485 potest.

361 1530 424 1572 At
453 1530 741 1586 philosophus
775 1545 1016 1586 numquam
1050 1533 1128 1573 aut
1162 1531 1395 1581 rarissime,
1426 1533 1471 1573 et
1504 1530 1586 1574 hoc
1621 1545 1677 1573 ex
1707 1531 1826 1573 iusta

362 1614 504 1649 causa,
525 1600 682 1641 asserit
701 1599 982 1642 conducibile.
1048 1600 1096 1642 Si
1117 1601 1234 1643 enim
1258 1600 1559 1657 promissionis
1578 1600 1826 1656 implendae

363 1667 553 1710 facultas
596 1683 685 1710 non
729 1669 936 1724 suppetit,
975 1669 1258 1711 temerarium
1298 1672 1366 1711 est
1406 1669 1664 1725 promittere
1707 1668 1825 1725 quod
1845 1683 1878 1708 ac

363 1740 588 1794 praestare
621 1752 710 1779 non
742 1740 879 1794 potes.
938 1737 986 1780 Si
1022 1738 1139 1780 enim
1169 1740 1364 1795 potestas
1393 1738 1570 1781 affuerit
1597 1738 1826 1795 largiendi,

346 1807 450 1865 *nisi
482 1806 690 1848 uoluntas
729 1806 928 1849 beneficii
968 1807 1183 1863 producat
1222 1808 1436 1857 effectum,
1467 1807 1704 1864 promissor
1737 1822 1827 1850 non

363 1875 556 1932 gratiam
586 1875 640 1917 de
669 1875 883 1932 promisso
912 1876 988 1918 sed
1018 1876 1072 1918 de
1096 1876 1323 1919 mendacio
1346 1877 1570 1919 contrahit
1598 1876 1827 1920 maculam.

367 1944 495 1997 Quod
515 1944 552 1986 si
573 1959 629 1986 ex
649 1944 884 1987 interuallo
896 1945 1099 2001 promissi
1119 1946 1251 1988 fidem
1270 1946 1533 2002 impleuerit,
1546 1945 1827 1988 liberalitatis

324 2026 349 2055 c
366 2014 495 2056 decor
520 2016 564 2056 et
589 2013 788 2056 beneficii
808 2014 972 2070 species
992 2014 1088 2071 ipsa
1108 2014 1318 2065 fuscatur,
1339 2029 1390 2058 eo
1409 2015 1526 2072 quod
1550 2015 1627 2072 qui
1651 2014 1826 2057 distulit
1845 2031 1878 2066 σε

364 2082 544 2125 interim
564 2083 686 2125 uisus
707 2086 774 2125 est
793 2082 995 2127 noluisse.
1054 2084 1181 2126 Vnde
1201 2084 1473 2127 uersificator
1492 2084 1717 2142 egregius:

367 2231 387 2266 3
414 2219 572 2266 Iugurta
588 2219 621 2255 A
727 2221 749 2256 6
774 2220 939 2266 plurima
955 2219 996 2255 M
1109 2229 1151 2266 17
1177 2218 1340 2267 quilibet
1358 2220 1387 2256 P
1508 2221 1550 2257 18
1574 2220 1829 2268 phylosophus

367 2267 407 2302 M
551 2278 592 2303 21
622 2267 740 2312 enim]
759 2279 850 2304 uero
870 2268 968 2304 BSM

419 2397 432 2422 1
462 2392 544 2422 teste
580 2388 708 2423 Crasso
740 2389 835 2423 etc.:
876 2386 987 2422 huius
1025 2385 1102 2422 loci
1141 2397 1265 2432 neque
1305 2398 1454 2423 sensum
1485 2385 1672 2440 intellego
1705 2397 1828 2432 neque
1864 2393 1866 2395 ’

367 2436 559 2470 auctorem
576 2434 741 2480 reperire
758 2433 889 2487 potui:
915 2436 1044 2470 notam
1060 2433 1257 2470 historiam
1274 2433 1320 2470 de
1337 2445 1428 2469 auro
1445 2433 1486 2469 in
1497 2433 1618 2469 Crassi
1634 2434 1773 2469 mortui
1790 2445 1830 2469 os

366 2481 492 2516 infuso
509 2481 626 2517 refert
644 2480 800 2517 Florus
790 2493 814 2516 1.
832 2491 888 2525 47.
1072 2491 1092 2525 3
1117 2482 1296 2525 Iuyurtha
1313 2483 1404 2518 etc.:
1429 2481 1522 2517 haec
1539 2481 1639 2516 unde
1657 2480 1830 2517 citaverit

368 2528 504 2564 Noster
540 2528 695 2581 nescio;
737 2529 784 2565 de
826 2527 1003 2563 Romanis
1042 2539 1134 2564 auro
1178 2527 1403 2574 Iugurthino
1445 2527 1630 2573 corruptis
1671 2540 1701 2563 v.
1738 2526 1827 2564 Sall.

367 2576 548 2619 Iuyurtha
564 2575 727 2620 passim;
754 2575 801 2611 cf.
820 2575 916 2611 Flor.
934 2575 959 2611 i.
977 2576 1052 2620 36(
1056 2574 1110 2610 iii.
1134 2574 1180 2620 1).
1280 2585 1320 2620 13
1346 2576 1428 2610 ille:
1453 2586 1502 2610 sc.
1519 2574 1686 2610 Ov1d1us.
1785 2575 1830 2610 16

368 2624 563 2657 Promittas
580 2624 652 2658 etc.
665 2635 672 2657 :
683 2630 687 2644 ”
699 2603 761 2658 O’v.
777 2623 862 2658 Ars.
880 2624 1002 2658 Amat.
1019 2622 1044 2657 i.
1061 2632 1141 2667 443,
1160 2631 1239 2666 444.
1417 2623 1458 2657 18
1481 2622 1714 2667 philosophus
1737 2623 1829 2658 etc.:

371 2668 490 2704 Huius
506 2669 717 2705 sententiae
736 2672 928 2705 auctorem
947 2669 1089 2704 frustra
1106 2669 1230 2704 adhuc
1246 2667 1436 2714 quaesivi;
1461 2669 1509 2704 cf.
1527 2668 1607 2704 Cic.
1627 2671 1693 2713 Off.
1710 2668 1766 2705 iii.
1785 2677 1828 2714 25

371 2715 389 2762 §
412 2725 467 2761 95.
610 2726 656 2750 20
674 2718 879 2761 promittere
898 2718 967 2752 etc.
985 2728 992 2752 :
1020 2716 1068 2752 cf.
1088 2715 1180 2751 Cato
1200 2717 1291 2751 Dist.
1308 2715 1332 2750 i.
1350 2725 1392 2760 25
1415 2696 1620 2760 (Baehrens
1641 2717 1730 2752 Poet.
1749 2717 1830 2751 Lat.

369 2764 463 2799 Min.
481 2761 536 2797 iii.
554 2763 637 2808 219)
659 2764 758 2806 Quod
774 2765 861 2798 dare
878 2775 951 2798 non
967 2765 1093 2817 possis,
1112 2764 1230 2798 uerbis
1245 2764 1452 2809 promittere
1472 2764 1559 2799 noli.
1701 2772 1720 2798 2
1726 2772 1743 2810 5
1769 2763 1832 2809 qui

369 2811 511 2845 distulit
525 2810 616 2845 etc..
641 2810 690 2845 cf.
709 2808 792 2846 Sen.
810 2812 852 2846 de
869 2812 993 2856 Benes.
1010 2809 1050 2845 ii.
1071 2809 1176 2857 5§4.

482 2878 547 2913 206
