1878 3172
111 174 212 208 car.
227 160 296 222 vr]
631 156 1030 203 POLICRATICV
1032 157 1064 200 S
1584 164 1671 205 ⁴03
1687 155 1717 194 b

112 285 158 326 et
191 295 331 339 aquae
363 280 559 323 furtiuae
589 279 815 328 dulciores,
839 280 885 320 et
914 276 1043 333 panis
1076 274 1359 318 absconditus
1391 272 1571 317 suauior

112 354 192 395 est.
252 350 312 393 Et
340 350 518 406 quidem
538 348 714 406 Frigius
737 347 894 389 modus
922 345 1097 388 decreto
1121 344 1482 401 philosophorum
1513 342 1571 384 ab

113 420 219 463 aula
257 419 465 462 Graeciae
504 418 593 460 iam
632 416 803 474 pridem
844 415 990 457 iussus
1028 417 1108 465 est,
1147 416 1193 456 et
1234 412 1369 456 ceteri
1409 411 1569 468 quibus

113 489 346 532 descensus
364 489 418 530 fit
441 487 489 529 in
515 486 741 529 lasciuiam
768 487 814 527 et
842 483 1177 540 corruptionem.
1234 481 1397 524 Annon
1417 480 1571 523 recolis

39 560 44 564 ’
75 570 94 603 5
115 557 328 602 Ciconum
360 559 526 599 matres
560 558 606 598 et
638 568 778 596 nurus
810 552 1160 609 indignationem
1190 565 1316 593 suam
1351 552 1492 592 totam
1524 548 1572 590 in

114 626 354 683 Orpheum,
384 625 460 682 qui
494 638 637 666 mares
670 622 813 665 modis
846 622 938 664 suis
968 620 1311 670 effeminauerat‚
1346 633 1484 674 usque
1515 617 1572 659 ad

114 695 350 738 Parcarum
395 693 610 736 inuidiam
661 691 877 741 effudisse,
916 690 1019 733 licet
1069 689 1143 731 ille
1188 688 1363 731 flexerit
1408 687 1572 738 Manes,

112 763 412 819 duritiamque
455 761 575 804 Ditis
625 760 845 810 mollierit,
889 758 1225 813 Euridicemque
1275 771 1401 799 suam
1451 755 1572 799 uocis

113 832 260 890 gratia
294 832 378 874 etsi
417 830 615 873 infausta
653 831 770 872 sorte
805 827 1047 871 meruerit?
1118 825 1290 868 Exinde
1320 824 1572 867 huiusmodi

55 916 97 942 ιο
114 901 343 945 hominum
364 903 573 956 quaestus
586 899 844 956 plerumque
863 896 1035 940 felicem
1056 895 1227 938 exitum
1245 909 1335 937 non
1356 897 1571 951 expectat,

114 973 161 1013 et
180 969 296 1012 forte
316 969 421 1025 quia
1589 977 1614 1005 c

287 1072 376 1100 non
406 1057 541 1099 habet
570 1058 755 1099 euentus
785 1054 962 1098 sordida
990 1053 1154 1110 praeda
1182 1053 1329 1095 bonos.

117 1143 240 1197 Quae
258 1158 365 1186 uero
388 1145 558 1185 mentes
583 1141 813 1184 emolliunt
832 1154 1060 1196 moresque
1080 1139 1357 1188 subuertunt‚
1377 1152 1404 1180 a
1423 1140 1575 1179 nostra

118 1215 236 1256 etate
265 1212 461 1268 undique
488 1211 774 1262 asciscuntur,
803 1209 907 1251 licet
933 1208 1029 1265 ipsa
1058 1208 1178 1250 ultra
1207 1222 1339 1264 quam
1369 1206 1477 1249 satis
1507 1209 1575 1248 est

59 1301 99 1334 ¹5
118 1283 242 1326 uitiis
261 1282 352 1326 suis
372 1281 577 1325 abundet.
636 1280 685 1323 Si
707 1293 970 1336 quemquam
991 1292 1140 1320 eorum
1170 1277 1246 1333 qui
1270 1276 1575 1319 uehementius

117 1352 188 1395 his
227 1351 450 1402 insistunt,
481 1364 663 1408 grauem
703 1348 878 1399 uideris,
913 1347 950 1390 si
989 1347 1247 1397 modestum,
1278 1346 1316 1388 si
1355 1345 1575 1401 pudicum,

117 1421 228 1464 uiris
266 1420 458 1463 fortibus
497 1422 748 1462 nostrorum
786 1420 1035 1473 temporum
1078 1416 1223 1472 ipsum
1263 1428 1576 1457 connumerare

117 1490 378 1532 memineris.
445 1487 809 1544 Quandoquidem
845 1487 951 1528 haec
983 1500 1085 1527 rara
1115 1485 1212 1526 auis
1246 1487 1323 1526 est.
1388 1482 1576 1525 Proinde

119 1559 298 1616 quidam
322 1557 587 1600 uenerabilis
613 1556 696 1606 uir,
716 1555 889 1598 circiter
912 1554 1293 1610 septingentarum
1317 1552 1575 1595 monialium

59 1648 102 1673 20
118 1629 256 1684 pater,
286 1626 400 1669 hanc
423 1624 701 1668 monasteriis
731 1623 823 1666 suis
854 1622 1136 1679 praescripsit
1166 1621 1319 1678 legem,
1346 1623 1399 1663 ut
1428 1619 1576 1662 omnia

118 1710 270 1738 earum
289 1694 460 1738 cantica
479 1694 617 1737 totius
631 1693 810 1735 melicae
831 1690 1207 1748 pronunciationis
1227 1692 1394 1732 exuant
1414 1688 1576 1738 modos,

118 1767 163 1807 et
182 1766 235 1806 ut
253 1764 346 1806 sola
360 1763 627 1820 psalmorum
644 1765 689 1804 et
703 1761 884 1803 laudum
899 1760 990 1802 sint
1005 1759 1301 1816 significatiua
1315 1757 1575 1815 pronuncia-

117 1833 239 1875 tione
272 1835 515 1875 contentae.
586 1831 800 1886 Suspecta
834 1829 1035 1885 equidem
1070 1828 1160 1870 fuit
1191 1830 1342 1870 sancto
1366 1827 1464 1869 uiro
1498 1839 1574 1867 uo-

119 1901 283 1958 luptati
298 1903 486 1957 cognata
500 1899 718 1948 mollities,
731 1913 782 1941 eo
803 1898 919 1954 quod
939 1897 1146 1953 uoluptas
1165 1910 1324 1952 parens
1339 1895 1572 1937 libidinum
1591 1887 1620 1934 d
1669 1891 1671 1893 ’

59 1990 75 2013 2
82 1990 102 2023 5
121 1973 198 2012 est.
258 1969 376 2021 Quid
397 1969 513 2024 quod
533 1969 639 2010 haec
666 1968 762 2023 ipsa
787 1966 1107 2009 cotidianorum
1127 1965 1430 2007 conuiuiorum
1449 1963 1574 2004 mali-

119 2038 230 2081 tiam
261 2037 393 2087 acuit,
422 2052 472 2079 ac
512 2037 549 2079 si
584 2050 766 2086 uenena,
800 2035 886 2077 nisi
925 2035 1122 2077 toxicata
1161 2034 1262 2083 sint,
1294 2047 1447 2075 nocere
1486 2046 1576 2073 non

117 2106 320 2164 possint?
379 2105 481 2162 Igni
513 2105 722 2161 stipulam
753 2104 923 2155 addere,
948 2103 1092 2145 oleum
1121 2102 1303 2151 camino,
1329 2104 1574 2157 serpentem

118 2176 325 2225 toxicare,
340 2189 485 2217 nonne
501 2174 722 2216 dementia
737 2174 828 2215 est?
882 2173 1005 2214 Licet
1020 2186 1167 2214 rerum
1182 2171 1296 2213 uitia
1310 2172 1577 2228 obtegantur

122 2302 136 2327 1
165 2289 442 2327 abscunditusS
506 2299 527 2324 2
553 2286 910 2334 phylosophorumc
983 2294 1000 2331 5
1025 2286 1147 2321 totam
1157 2283 1460 2331 indignationem
1470 2297 1575 2322 suam
1610 2316 1611 2319 ,

116 2333 159 2374 Μ
265 2338 289 2373 6
313 2335 434 2372 modis
452 2335 527 2371 suis
543 2346 664 2371 mares
680 2334 714 2369 A
822 2342 863 2379 15
889 2333 1083 2369 habundet
1101 2331 1172 2367 A’S

170 2453 186 2478 1
213 2454 326 2488 aquae
343 2443 439 2477 etc.:
469 2440 572 2475 Prov.
590 2438 639 2474 ix.
662 2447 715 2483 17.
823 2447 865 2473 12
891 2448 964 2472 non
980 2437 1082 2471 habet
1099 2438 1191 2472 etc.:
1220 2434 1284 2471 Ov.
1302 2436 1383 2472 Am.
1400 2435 1425 2472 i.
1446 2446 1500 2472 10.
1517 2439 1576 2481 48.

125 2491 167 2525 18
194 2501 282 2525 rara
299 2490 401 2524 auis:
428 2487 504 2523 Iuv.
522 2489 596 2522 Sat.
613 2485 659 2521 vi.
681 2485 756 2530 165.
878 2494 920 2528 19
944 2485 1092 2529 quidam
1108 2484 1323 2518 uenerabilis
1336 2484 1418 2518 uir:
1443 2484 1521 2520 scil.
1541 2483 1576 2520 S.

120 2536 310 2572 Gilbertus
322 2536 369 2571 de
384 2533 685 2580 Sempringham,
696 2531 760 2577 qui
774 2530 934 2567 ordinis.
946 2542 983 2566 se
999 2530 1156 2565 fundato
1172 2530 1273 2565 hanc
1287 2530 1458 2576 regulam
1474 2543 1579 2576 prae-

121 2583 272 2629 scripsit
284 2583 358 2628 (ap.
369 2581 551 2627 Dugdale‚
560 2583 713 2616 Mona-et.
724 2580 865 2623 Anqlic.
877 2577 933 2614 ed.
948 2579 1048 2622 1830,
1061 2577 1107 2613 vi.
1115 2579 1169 2623 pt.
1181 2587 1213 2621 2,
1218 2589 1256 2630 p.
1264 2576 1362 2612 lxxx.
1370 2577 1403 2622 *)
1417 2577 1577 2614 ‘Sancti-

121 2629 304 2666 moniales
319 2631 466 2665 nostras
483 2630 637 2664 cantare
654 2638 730 2662 non
748 2624 1021 2671 permittimus3
1046 2626 1102 2661 set
1124 2636 1278 2660 ommno
1302 2624 1574 2668 interdicimus,

121 2676 318 2722 cupientes
349 2675 470 2721 magis
502 2687 587 2711 cum
618 2674 686 2709 illa
717 2673 829 2708 beata
848 2671 1002 2716 Virgine
1018 2699 1026 2707 .
1047 2699 1055 2707 .
1076 2699 1084 2707 .
1107 2671 1148 2706 in
1181 2670 1318 2716 spiritu
1349 2672 1577 2708 humilitatis

120 2724 306 2760 indirecto
323 2723 495 2769 psallere,
515 2733 627 2767 quam
645 2732 730 2756 cum
748 2719 815 2755 illa
832 2718 1055 2755 Herodiadis
1070 2718 1152 2754 filia
1166 2718 1304 2754 lasciva
1320 2718 1574 2759 modulatione

122 2771 354 2806 infirmorum
366 2771 512 2806 mentes
525 2767 760 2815 pervertere?
838 2775 882 2811 27
900 2767 1014 2802 oleum
1026 2768 1186 2802 camino:
1205 2765 1294 2802 Hor.
1306 2767 1383 2802 Sat.
1397 2765 1436 2801 ii.
1449 2777 1481 2811 3.
1494 2777 1575 2812 321.

1422 2847 1465 2879 43
