1878 3172
26 155 42 185 ⁵³
87 177 188 213 mr.
200 164 313 227 xm]
601 166 998 212 POLIGRATIGV
999 167 1032 212 S
1554 174 1638 216 504
1656 175 1687 205 a

87 289 222 337 retur,
247 285 365 344 quod
393 300 634 343 numquam
660 301 760 330 eum
785 290 1018 330 monuerat
1046 287 1179 331 huius
1200 287 1303 330 uitii
1331 301 1540 344 quaerere

7 351 37 415 'J'
87 355 373 400 medicinam:
408 355 635 408 Fecissem,
665 355 823 411 inquit,
854 355 941 398 nisi
975 358 1199 412 putassem
1233 371 1311 399 ora
1343 357 1541 400 uirorum

31 444 37 463 2
88 424 285 467 omnium
310 424 372 467 sic
395 423 522 468 olere.
579 423 779 466 Laudare
807 424 973 481 poteris
994 424 1089 467 eius
1117 425 1388 468 matrimonii
1413 425 1540 482 pudi-

63 493 239 537 'citiam
269 496 315 536 et
342 492 566 550 praeferre
595 492 856 550 patientiam
885 492 1084 536 mulieris
1116 508 1228 550 quae
1262 494 1350 536 uiri
1379 494 1542 536 uitium

11 558 37 609 J
51 578 73 614 ε
88 565 217 606 tanta
253 563 471 620 patientia
507 562 616 606 tulit
653 565 707 605 ut
751 562 825 605 ille
869 562 1175 606 infelicitatem
1214 564 1408 620 corporis
1452 577 1542 606 non

10 628 34 652 ⁹·
82 631 240 675 -uxoris
268 631 449 675 fastidio
477 632 554 675 sed
582 631 814 675 maledicto
843 632 1029 675 senserit
1056 631 1236 675 inimici.
1295 631 1359 675 At
1387 634 1433 674 et
1461 645 1542 688 ego

28 705 30 713 '
90 700 145 743 de
163 700 465 744 adulatoribus
484 700 652 757 aliquid
671 700 760 743 tale
785 700 1035 757 respondeo,
1054 701 1158 757 quia
1182 715 1332 744 omnes
1351 700 1543 743 arbitror

2 758 39 821 35'
90 769 152 812 sic
171 769 298 813 olere.
347 769 510 813 Omnes
525 769 744 812 fallaciam
759 772 805 812 et
824 769 973 812 dolum
988 770 1187 813 redolent
1201 773 1257 820 et,
1269 759 1542 827 quocumque

5 831 33 895 J
91 851 138 880 se
170 840 361 888 uertant,
394 838 565 894 pudicis
595 838 776 880 naribus
810 838 927 881 hune
962 838 1205 895 important
1243 853 1332 881 non
1365 838 1542 881 odorem

3 899 77 971 ‘0310
92 906 169 948 sed
189 905 385 950 fetorem.
443 906 662 963 Quicquid
691 921 795 963 ergo
815 921 877 950 ex
903 921 955 949 ea
977 921 1109 950 causa
1127 907 1388 964 adquiritur,
1407 907 1542 950 etiam

3 978 31 1039 {j
92 974 150 1017 ab
168 974 327 1017 herede
346 975 460 1017 iuste
479 977 624 1052 potest
649 975 792 1017 auelli.
852 975 946 1018 Nee
971 976 1099 1018 credo
1128 976 1245 1032 quod
1270 975 1409 1032 possit
1431 975 1588 1032 peti-b

4 1045 38 1100 ‚3:¹-
91 1043 264 1086 toribus
301 1043 483 1094 obnisu-i,
517 1044 555 1086 si
594 1044 826 1086 uendicare
864 1044 1057 1088 audeant
1091 1044 1207 1101 quod
1240 1044 1543 1087 adulatoribus

92 1112 385 1156 contulerunt.
464 1112 552 1156 Sed
600 1113 698 1169 quis
746 1113 919 1170 sapiens
967 1116 1012 1156 et
1060 1113 1279 1171 inteUiget
1325 1113 1412 1155 ista
1457 1116 1538 1155 aut

4 1175 40 1242 ᾗ]
93 1180 151 1224 ad
185 1180 267 1224 hoc
305 1180 404 1237 quis
436 1181 629 1231 idoneus,
658 1196 756 1224 cum
790 1196 879 1224 non
912 1182 1041 1224 modo
1070 1182 1118 1224 in
1151 1181 1272 1224 omni
1304 1181 1434 1224 domo
1464 1184 1544 1224 aut

6 1244 69 1300 ᾖ
92 1249 422 1293 conuiuentium
449 1252 550 1293 cetu
578 1250 854 1293 adulantium
883 1253 1011 1293 tanta
1038 1251 1099 1293 sit
1126 1250 1252 1308 copia
1279 1253 1344 1300 ut,
1377 1250 1415 1293 si
1445 1250 1544 1307 quis

14 1342 35 1382 ᾗ
93 1317 316 1362 modestus
335 1318 547 1362 aduersus
566 1333 639 1362 eos
658 1319 819 1361 mutire
839 1318 1012 1370 audeat,
1031 1319 1130 1362 illos

190 1406 401 1470 defendat
427 1421 637 1450 numerus
664 1407 925 1464 iunctaeque
955 1408 1146 1451 umbone
1171 1407 1444 1465 phalanges?

6 1487 57 1551 ςῆἐ,
97 1497 240 1549 Certe,
258 1498 364 1541 dum
390 1498 462 1540 uir
486 1498 695 1541 honestus
717 1498 912 1541 innitens
930 1499 1219 1542 conscientiae
1237 1499 1544 1555 uirtutumque

19 1578 50 1627 733,
96 1565 302 1609 insistens
329 1566 480 1610 officiis
509 1566 647 1609 esurit
683 1566 781 1609 sitit
817 1567 937 1624 alget
972 1570 1017 1611 et
1044 1567 1309 1625 multiplices
1337 1566 1543 1610 fortunae

7 1639 74 1700 ξ
97 1634 370 1692 indignantis
397 1635 581 1678 iniurias
601 1635 776 1691 excipit,

8 1700 46 1786 ‘J‘
209 1720 313 1763 unis
340 1720 544 1763 adulator
571 1720 690 1777 picto
718 1721 832 1764 iacet
860 1721 1006 1764 ebrius
1030 1724 1160 1772 ostro,

35 1828 54 1861 5·
100 1809 264 1854 delitiis
288 1811 590 1869 ingurgitatur
615 1811 672 1854 ad
698 1812 933 1868 crapulam,
962 1812 1068 1855 uino
1097 1800 1254 1863 estuat,
1282 1812 1544 1856 lautioribus

10 1890 64 1946 ’,ςρ
96 1879 206 1923 cibis
230 1880 508 1931 distenditur,
528 1883 573 1923 et
598 1895 678 1936 pro
703 1881 886 1923 arbitrio
911 1881 1048 1924 uariis
1074 1881 1271 1924 artificiis
1296 1881 1437 1924 celum
1460 1882 1544 1924 sibi

12 1939 49 1989 1³⁵2*
63 1958 78 1997 ·,
97 1950 408 2005 contemperat.
466 1948 633 1990 Primos
656 1948 790 1991 habet
813 1949 1034 1991 recubitus
1060 1949 1108 1990 in
1133 1949 1261 1999 cenis,
1285 1949 1332 1990 in
1357 1963 1543 1992 conuen-
1562 1957 1588 1987 c

16 2184 62 2207 4,
97 2153 279 2211 profert,
318 2154 366 2196 in
404 2153 848 2196 demonstratiombus
892 2154 1207 2204 honestissime,
1245 2154 1293 2195 in
1334 2154 1546 2197 delibera—

19 2245 34 2275 4:
98 2221 293 2265 tionibus
311 2222 544 2265 utilissime
563 2222 723 2273 sentit3
748 2222 954 2278 quicquid
977 2222 1183 2278 loquitur,
1195 2222 1260 2265 sal
1279 2236 1447 2279 merum
1468 2226 1546 2273 est,

30 2278 62 2349 3,
99 2290 307 2347 quicquid
337 2290 442 2348 agit,
468 2290 640 2333 iustitia
668 2293 747 2332 aut
780 2290 1033 2333 liberalitas.
1090 2290 1185 2347 Age
1219 2305 1322 2347 ergo
1351 2293 1396 2333 et
1429 2291 1547 2334 inter

15 2347 44 2414 ἷῖἦ
65 2360 76 2378 ·’
99 2357 207 2402 istos
235 2374 386 2416 sapere
415 2359 538 2401 aude.
597 2358 704 2402 Ilico
732 2359 874 2401 multa
902 2359 1181 2401 adulatorum
1207 2359 1356 2402 ueniet
1378 2374 1546 2418 manus,

26 2426 31 2434 ’
101 2429 147 2470 et
188 2428 328 2471 ueluti
374 2430 432 2470 ιο
456 2427 582 2470 Iudei
625 2430 782 2484 cogent
821 2427 868 2469 in
907 2441 1031 2470 suam
1077 2427 1309 2471 concedere
1355 2413 1545 2471 turbam.

98 2497 529 2567 W
662 2522 708 2556 24
732 2511 922 2549 recubitus
938 2511 1053 2549 habet
1067 2512 1102 2548 A
1273 2513 1319 2550 26
1341 2511 1384 2549 in
1400 2512 1546 2550 inditiis

32 2586 42 2606 s,
100 2559 312 2596 sententias
326 2560 358 2595 A
499 2570 546 2606 29
569 2558 651 2604 aut]
668 2559 731 2596 uel
747 2559 787 2594 M

151 2638 192 2674 ¹3
215 2631 295 2675 quis
316 2631 460 2674 sapiens
483 2631 579 2665 etc.:
605 2640 638 2664 v.
663 2627 724 2663 Os.
748 2627 819 2663 xiv.
842 2638 897 2672 10,
913 2638 934 2663 2
958 2627 1040 2664 Cor.
1057 2627 1096 2663 ii.
1116 2629 1169 2665 16.
1314 2638 1355 2674 17
1380 2631 1549 2675 defendat

103 2675 198 2711 etc..
235 2675 312 2711 Iuv.
338 2677 412 2711 Sat.
435 2675 476 2712 ιι.
501 2677 557 2719 46.
699 2685 741 2711 21
768 2676 858 2710 αι’ῑίε
881 2677 974 2710 etc.:
1014 2674 1165 2712 Petron.
1190 2677 1265 2712 Sat.
1292 2678 1347 2721 83.
1502 2687 1547 2722 24

31 2749 62 2797 js
102 2721 360 2813 ,ἴὲἶνηιιιῖ3οιοι
384 2734 416 2759 v.
435 2721 546 2759 Matt.
562 2720 665 2757 xxiii.
683 2723 717 2758 6.
872 2731 919 2766 30
941 2723 1054 2757 multa
1076 2725 1172 2760 etc.:
1203 2734 1236 2759 v.
1264 2723 1352 2760 Hor.
1378 2725 1453 2760 Sat.
1470 2724 1495 2761 i.
1511 2736 1544 2769 4.

41 2811 59 2857 ἦ]
159 2845 238 2865 wasa
794 2836 819 2862 F
846 2823 868 2862 f
1375 2840 1437 2875 ²¹7
