1878 3172
167 153 249 201 482
261 151 289 192 d
633 149 833 194 IOANN
835 149 892 193 IS
934 149 1445 194 SARESBERIENSIS
1579 149 1689 210 [LIB.
1705 162 1766 195 111
1846 146 1855 223 μη

305 270 359 313 (10
398 283 542 320 causa,
580 269 736 326 utique
774 268 1057 326 persuadebit
1090 271 1144 312 ut
1182 268 1299 326 quod
1334 269 1517 327 appetit,
1548 269 1697 322 faciat,
1727 270 1765 314 si
1846 280 1855 325 J

304 339 454 396 possit,
486 341 626 391 recte3
667 339 705 381 si
739 353 839 389 non,
870 352 1144 395 quocumque
1178 338 1309 381 modo
1328 353 1432 382 rem.
1491 339 1656 384 Verum
1687 340 1766 397 qui
1848 346 1853 382 ζ

156 410 240 459 483
259 421 288 450 a
304 423 384 452 suo
418 408 607 458 nomine,
638 410 691 451 ut
724 407 900 464 proprie
933 407 1177 464 loquamur,
1207 407 1371 450 dicitur
1404 408 1620 461 adulator,
1650 409 1766 452 uitia

304 478 516 534 cuiusque
536 477 723 527 dealbat,
745 479 790 520 et
813 491 869 519 ne
889 491 935 519 se
962 477 1108 533 ipsum
1134 476 1297 527 uideat,
1312 477 1459 521 oculos
1478 477 1767 535 colloquentis

304 547 495 604 quadam
515 547 632 589 nube
653 546 867 588 uanitatis
887 545 1053 603 implet,
1074 548 1119 588 et
1139 560 1268 589 aures
1288 545 1414 590 falsis
1432 547 1764 604 praeconiorum
1786 567 1804 601 5
1846 547 1853 609 J

304 616 450 659 titulis
471 615 622 659 reficit.
682 615 763 658 Ait
783 615 976 658 ethicus:
1872 612 1873 615 ’

421 707 539 760 Quid
569 706 686 763 quod
716 706 927 749 adulandi
957 721 1065 763 gens
1094 706 1439 763 prudentissima
1467 707 1622 751 laudat

419 780 663 808 sermonem
692 765 869 814 indocti,
899 764 1058 807 faciem
1087 763 1298 807 deformis
1326 765 1467 817 amici,

421 827 467 865 et
495 823 675 880 longum
705 822 892 864 inualidi
921 822 1082 864 collum
1112 822 1356 866 ceruicibus
1384 826 1546 880 aequat
1846 859 1855 870 .

422 881 638 931 Herculis,
665 881 877 935 Anteium
906 879 1059 936 procul
1088 895 1116 922 a
1143 880 1303 923 tellure
1331 882 1536 933 tenentis,
1785 891 1826 916 ¹0
1853 899 1866 922 .’

420 939 610 981 miratur
639 953 790 981 uocem
820 942 1067 995 angustam,
1097 953 1185 995 qua
1214 938 1408 982 deterius
1436 954 1516 983 1100

421 997 495 1039 1110
525 999 665 1047 sonat,
694 1011 781 1053 quo
810 996 1038 1039 mordetur
1066 996 1234 1053 gallina
1262 997 1453 1041 marito?

305 1089 402 1132 Hoc
423 1092 571 1131 autem
591 1088 772 1130 minime
792 1088 972 1131 uidetur
990 1087 1164 1139 mirum,
1185 1087 1223 1131 si
1246 1088 1534 1145 perditissimi
1554 1089 1764 1141 homines,
1817 1099 1819 1101 ’
1854 1074 1864 1083 ³

304 1162 349 1201 et
376 1158 536 1215 quibus
562 1158 634 1200 hic
658 1157 810 1214 grauis
833 1157 1030 1200 moribus
1057 1160 1102 1200 et
1129 1157 1377 1201 feculentus
1402 1158 1595 1201 mundus
1623 1158 1761 1202 sordi·
1847 1178 1851 1206 «ς

303 1228 448 1280 datur,
475 1227 531 1269 ad
561 1229 735 1269 tantam
763 1227 1088 1283 turpitudinem
1115 1229 1302 1283 possunt
1327 1227 1505 1284 impelli.
1564 1227 1653 1271 Sed
1681 1229 1765 1273 hoc
1785 1239 1824 1274 ι5
1849 1239 1853 1286 j

302 1297 452 1354 potius
472 1296 584 1339 duco
604 1296 817 1348 mirabile,
838 1296 955 1352 quod
975 1296 1187 1352 populum
1209 1296 1285 1352 qui
1306 1296 1390 1339 sibi
1410 1297 1562 1340 credat
1587 1297 1766 1349 habent,

304 1365 380 1421 qui
407 1365 461 1407 de
488 1379 534 1407 se
558 1364 699 1421 magis
726 1364 895 1407 alienae
925 1365 1103 1421 linguae
1132 1365 1387 1421 adquiescat
1409 1380 1543 1422 quam
1562 1367 1766 1424 propriae
1827 1404 1851 1411 .

256 1439 284 1477 b
304 1434 466 1477 iudicio
487 1434 788 1484 conscientiae,
811 1434 917 1476 dum
937 1434 1130 1490 seipsum
1157 1434 1344 1490 quilibet
1371 1437 1499 1478 extra
1522 1450 1568 1479 se
1592 1437 1767 1492 quaerit

304 1506 349 1546 et
378 1517 504 1545 nosse
535 1502 802 1559 dedignatur
831 1517 963 1559 quam
994 1503 1054 1545 sit
1080 1503 1164 1545 sibi
1189 1506 1316 1546 curta
1345 1504 1555 1560 supellex.
1613 1505 1766 1549 Nichil
1836 1549 1853 1555 ,,

304 1575 371 1615 est
414 1572 530 1614 enim
566 1571 684 1627 quod
715 1571 890 1614 credere
924 1571 979 1614 de
1019 1586 1065 1614 se
1103 1586 1193 1614 non
1227 1572 1367 1629 possit
1404 1587 1505 1616 cum
1543 1573 1764 1626 laudatur,
1785 1574 1853 1625 πο]-

303 1655 393 1683 11011
423 1640 552 1683 1110ᾶο
582 1640 667 1682 diis
697 1655 838 1696 aequa
866 1643 1074 1696 potestas,
1097 1641 1174 1683 sed
1205 1655 1503 1699 quaecumque
1533 1643 1682 1686 anima
1710 1644 1766 1687 de
1842 1675 1846 1680 ›

304 1709 524 1752 fermento
554 1709 784 1765 superbiae
814 1709 1080 1754 intumescit.

348 1827 453 1885 Cap.
476 1837 514 1883 5.
553 1829 618 1871 De
648 1827 824 1871 cautela
851 1827 1162 1880 adulatorum,
1192 1832 1231 1872 et
1253 1828 1428 1884 fraude
1456 1831 1722 1889 multiplici,

578 1900 616 1940 et
646 1897 881 1940 comitibus
909 1897 1206 1950 adulationi&
1236 1902 1274 1942 et
1303 1899 1490 1955 sequela.

362 1977 480 2020 Sunt
517 1980 668 2020 tamen
707 1977 784 2033 qui
818 1977 1026 2035 uulgares
1055 1981 1101 2021 et
1135 1978 1411 2022 adulationes
1443 1980 1637 2038 plebeias
1674 1996 1764 2025 non
1783 1995 1844 2031 25.
1868 2015 1871 2017 -

304 2046 557 2097 admittant,
591 2050 644 2089 ut
677 2047 754 2103 qui
788 2047 948 2090 nolunt
986 2047 1067 2089 uili
1106 2052 1334 2105 unguento
1368 2049 1519 2092 oleoue
1558 2054 1765 2108 corrupto
1819 2043 1847 2093 s,

304 2116 421 2172 quod
441 2116 645 2158 omnibus
665 2115 778 2159 fetet
798 2116 967 2173 inungi,
986 2131 1086 2159 011111
1107 2117 1348 2160 amicorum
1373 2121 1454 2161 aut
1476 2119 1765 2162 conuiuarum
1841 2127 1847 2159 ἵ

304 2187 521 2241 expetunt
534 2185 737 2242 gratiam.
778 2185 897 2238 Quid
912 2185 1029 2228 enim
1045 2186 1220 2243 turpius
1235 2189 1303 2229 est
1322 2201 1455 2244 quam
1475 2187 1531 2231 ad
1550 2187 1766 2232 lenocinia
1838 2182 1839 2185 ¹

305 2253 534 2297 histrionis
568 2255 886 2312 transfigurare
916 2255 1104 2305 uultum,
1137 2258 1310 2298 mutare
1348 2256 1564 2309 habitum,
1595 2259 1765 2300 motum
1837 2279 1845 2310 j

305 2323 473 2373 ducere,
514 2326 559 2365 et
590 2338 680 2365 11011
710 2326 804 2366 tam
839 2323 990 2366 uidere
1024 2324 1160 2367 alium
1192 2339 1325 2381 quam
1356 2339 1402 2367 se
1433 2325 1579 2382 ipsum
1611 2340 1765 2383 gerere
1782 2343 1844 2378 302

304 2392 594 2435 histrionem2
654 2392 772 2445 Quid
800 2393 995 2450 ineptius
1019 2408 1163 2450 quam,
1186 2408 1286 2437 cum
1310 2394 1424 2437 alius
1450 2409 1611 2452 magno
1636 2395 1766 2439 hiatu

306 2511 326 2546 3
354 2501 572 2546 eloquamur
589 2501 629 2537 M
773 2512 818 2540 10
841 2504 995 2539 anteum
1012 2501 1080 2538 0¹8
1251 2510 1290 2539 11
1318 2504 1519 2548 augustam
1536 2501 1577 2538 M
1720 2513 1764 2549 13
1840 2517 1846 2542 τ

304 2548 442 2583 mirum
458 2548 611 2584 uidetur
626 2548 659 2583 A
793 2560 836 2594 14
861 2549 987 2596 grauis
1003 2549 1065 2586 hic
1083 2549 1116 2585 A
1248 2559 1292 2595 19
1317 2549 1514 2596 suppellex
1528 2548 1588 2586 AS
1717 2551 1765 2588 26
1839 2554 1842 2558 ’

304 2596 475 2641 ungento
493 2594 551 2630 BS

355 2696 385 2730 1,
404 2696 425 2721 2
450 2687 483 2721 si
493 2687 609 2731 possit
624 2688 693 2723 etc.
709 2699 716 2723 :
742 2699 774 2722 v.
792 2686 883 2723 Hor.
900 2688 972 2732 Ep.
991 2686 1016 2722 i.
1039 2697 1067 2722 1.
1085 2687 1145 2723 66.
1297 2694 1318 2731 7
1345 2687 1441 2730 Quid
1455 2689 1549 2734 quod
1565 2688 1660 2724 eta:
1685 2687 1763 2726 Iuv.
1798 2731 1800 2733 ,
1827 2694 1830 2696 ’

303 2734 377 2768 Sat.
396 2732 451 2768 iii.
470 2733 597 2778 86—91.
742 2735 784 2770 18
810 2739 913 2770 extra
927 2746 964 2770 se
980 2736 1072 2770 etc.:
1098 2746 1131 2769 v.
1149 2733 1248 2770 Pers.
1266 2734 1342 2769 Sat.
1365 2733 1391 2770 i.
1408 2742 1441 2778 7.
1588 2744 1632 2780 19
1654 2746 1764 2781 quam
1824 2748 1836 2754 ”

303 2783 349 2816 sit
367 2781 460 2816 ete:
487 2779 584 2816 Pers.
601 2782 675 2816 Sat.
693 2780 741 2817 iv.
760 2789 816 2827 52.
911 2782 1035 2817 Nichil
1051 2782 1142 2817 ete:
1167 2781 1246 2818 Iuv.
1261 2782 1335 2817 Sat.
1354 2779 1400 2817 iv.
1419 2789 1478 2826 70,
1495 2791 1550 2824 71.

417 2851 481 2884 180
