1878 3172
133 109 136 110 ⁷
162 158 239 199 421
258 159 284 189 c
624 143 884 188 IOANNIS
924 142 1436 187 SARESBERIENSIS
1589 141 1700 202 [ΗΒ.
1718 153 1758 185 11

255 284 279 313 c
296 265 606 310 nichilominus
644 268 872 321 tamquam
912 278 997 315 eos,
1036 263 1112 320 qui
1157 263 1370 307 occultius
1411 266 1457 306 et
1501 262 1759 320 diligentius

294 335 615 385 absconderint,
654 334 922 377 cruciabant.
1000 333 1220 376 Indicium
1259 348 1366 376 uero
1410 332 1562 375 haberi
1601 331 1658 374 ab
1697 331 1760 374 eis

295 403 458 461 pabula
489 403 722 460 capiebant
753 403 835 445 hoc
869 402 976 458 ipso,
1008 402 1125 458 quod
1156 402 1300 445 adhuc
1334 402 1550 452 uiuerent,
1580 403 1626 443 et
1655 400 1758 443 sub-

295 473 449 515 sistere
479 472 735 529 corporibus
766 471 1046 521 uidebantur,
1074 474 1303 527 tamquam
1334 471 1409 527 qui
1441 469 1640 527 profecto
1669 469 1759 511 iam

294 543 560 592 interissent,
598 541 685 584 nisi
731 540 1011 583 absconditos
1049 540 1222 597 uspiam
1261 542 1463 598 tegerent
1501 539 1630 582 cibos.
1709 538 1758 581 Si
1778 543 1799 587 εἴ

295 626 404 668 quos
443 626 548 654 sane
586 611 859 653 tabescentes
904 609 1042 652 macie
1088 609 1316 660 uidissent,
1355 610 1435 652 hos
1485 623 1584 651 cum
1627 607 1759 650 uenia

293 680 604 737 praeteribant,
646 679 917 736 superfluum
959 668 1168 734 putantes
1208 679 1433 736 perimere,
1473 692 1582 734 quos
1625 677 1760 734 paulo

293 751 395 806 post
434 750 684 792 absumeret
723 748 876 791 fames.
954 748 1087 790 Multi
1126 750 1277 790 tamen
1316 748 1364 789 in
1410 747 1592 790 occultis
1637 746 1758 789 omni

293 832 426 861 censu
446 832 525 860 suo
548 817 730 860 mercati
754 819 860 859 sunt
883 831 1021 860 unum
1048 819 1251 867 metrum,
1272 816 1309 859 si
1339 816 1502 859 diuites
1531 815 1758 866 frumenti,

293 886 446 929 hordei
467 887 504 928 si
523 885 754 928 inferiores
775 885 970 935 fuerunt,
992 887 1037 928 et
1057 885 1364 928 concludentes
1391 900 1437 928 se
1462 885 1511 927 in
1537 884 1756 927 interiori·
1777 898 1822 923 10

293 956 376 998 bus
407 955 652 1012 quibusque
681 955 981 1012 penetralibus
1011 955 1178 1005 domus,
1204 954 1407 997 nonnulli
1436 969 1516 997 nec
1545 954 1593 996 in
1622 968 1758 1011 panes

293 1023 515 1067 confectas
565 1024 716 1081 fruges
767 1025 969 1067 edebant.
1048 1023 1139 1066 Alii
1184 1038 1301 1075 uero,
1340 1023 1389 1066 in
1429 1025 1646 1081 quantum
1685 1022 1758 1066 uel

293 1094 528 1136 necessitas
547 1094 619 1136 uel
639 1095 784 1136 metus
803 1093 1091 1150 permitteret,
1111 1093 1424 1150 excoquebant.
1484 1093 1543 1135 Et
1561 1107 1758 1135 mensam

248 1167 278 1206 d
295 1163 471 1219 quidem
510 1163 660 1205 nullus
698 1163 961 1219 expectabat
999 1163 1172 1219 apponi,
1204 1162 1281 1204 sed
1318 1177 1374 1205 ex
1412 1162 1507 1219 ipso
1546 1162 1758 1205 semiusta

293 1232 387 1289 igni
418 1232 639 1289 rapientes
674 1231 852 1289 propria
887 1231 1012 1274 uelut
1042 1231 1214 1274 furtiua
1243 1231 1540 1284 deuorabant3
1585 1234 1630 1275 et
1660 1233 1757 1274 erat
1775 1241 1816 1276 Ι5

291 1301 480 1343 infelicis
506 1301 645 1358 ipsius
672 1301 757 1343 cibi
787 1293 1084 1357 spectaculum
1107 1300 1366 1351 miserabile,
1391 1314 1490 1343 cum
1519 1300 1757 1343 ualidiores

292 1369 454 1425 quique
474 1370 659 1411 inuenta
678 1369 944 1426 diriperent3
979 1369 1270 1412 imbecillibus
1297 1384 1403 1412 uero
1424 1369 1560 1412 nichil
1580 1371 1757 1426 praeter

290 1438 458 1481 luctum
479 1441 725 1495 superesset
744 1453 794 1481 ac
820 1438 1046 1490 lacrimas;
1076 1440 1120 1480 et
1146 1438 1343 1480 omnium
1366 1438 1469 1481 licet
1494 1439 1757 1482 acerbitates
1838 1460 1844 1464 -

290 1522 438 1549 rerum
458 1510 686 1564 superaret
706 1507 857 1557 fames,
877 1507 1013 1549 nichil
1037 1509 1187 1549 tamen
1207 1507 1272 1549 ita
1291 1507 1468 1550 subruit
1491 1510 1625 1565 atque
1651 1509 1752 1551 sub-

289 1576 428 1618 uertit
466 1577 580 1619 sicut
618 1576 938 1619 uerecundiam.
1019 1575 1238 1632 Quicquid
1277 1576 1394 1619 enim
1444 1577 1579 1619 saluis
1622 1577 1755 1619 rebus
1773 1590 1816 1614 20

289 1645 456 1701 pudore
490 1645 675 1702 dignum
711 1648 788 1696 est,
822 1645 868 1687 id
908 1645 955 1687 in
995 1645 1077 1688 hac
1115 1645 1375 1689 necessitate
1414 1647 1757 1703 contempnitur.

290 1713 491 1770 Denique
519 1718 564 1756 et
591 1728 752 1756 uxores
782 1714 836 1756 de
866 1714 1064 1757 uirorum
1093 1714 1298 1757 manibus
1330 1717 1375 1757 et
1403 1715 1485 1757 filii
1515 1715 1569 1758 de
1598 1730 1755 1772 paren—

290 1785 399 1833 tum,
429 1785 475 1825 et
506 1782 639 1839 (quod
671 1786 738 1826 est
768 1782 1008 1840 infelicius)
1035 1786 1199 1826 matres
1228 1783 1348 1826 cibos
1382 1784 1436 1826 de
1467 1785 1754 1841 paruulorum

289 1852 494 1894 manibus
526 1854 660 1908 atque
690 1867 764 1895 ore
794 1852 1038 1908 rapiebant,
1069 1855 1114 1895 et
1144 1867 1244 1895 cum
1274 1853 1515 1896 dulcissimi
1548 1854 1675 1896 liberi
1705 1855 1752 1896 in

289 1921 494 1963 manibus
525 1924 658 1978 atque
693 1924 797 1964 ante
836 1937 913 1964 ora
947 1921 1079 1978 positi
1117 1922 1403 1973 tabescerent,
1436 1923 1599 1980 exigua
1631 1923 1752 1966 uitae
1772 1940 1788 1962 2
1794 1939 1812 1972 5

290 1990 486 2032 subsidia
513 2005 539 2032 a
564 1991 771 2033 dentibus
800 1991 908 2047 ipsis
932 1991 1123 2033 eximere
1153 2005 1281 2034 nemo
1310 1991 1530 2048 parcebat.
1587 1992 1753 2035 Verum

143 2067 225 2106 422
244 2068 274 2097 a
291 2073 346 2101 ne
369 2059 486 2115 ipsos
514 2060 691 2116 quidem
718 2059 916 2103 infelices
946 2062 991 2103 et
1017 2060 1279 2117 perexiguos
1306 2063 1529 2104 sumentes
1555 2061 1756 2104 latebant

289 2128 431 2180 cibos3
472 2128 547 2170 sed
582 2128 791 2171 continuo
821 2129 976 2171 aderat
1004 2129 1275 2185 praedonum
1306 2129 1416 2186 quis,
1446 2131 1491 2172 et
1520 2130 1672 2173 statim
1702 2131 1755 2172 ut

288 2197 459 2239 clausas
478 2197 723 2254 cuiuspiam
742 2198 1040 2254 conspexisset
1061 2197 1189 2248 fores,
1209 2198 1420 2241 indicium
1441 2199 1646 2242 credebat
1671 2199 1754 2242 hoc

288 2281 392 2316 esse,
413 2266 530 2322 quod
557 2266 821 2310 intrinsecus
845 2267 978 2323 positi
1006 2267 1187 2310 ederent
1199 2282 1209 2320 ;
1241 2269 1286 2310 et
1312 2270 1491 2324 repente
1518 2268 1753 2324 despicatis
1771 2283 1814 2316 30

289 2334 459 2377 foribus
488 2335 750 2392 praecipites
780 2336 1020 2387 irruebant,
1041 2338 1174 2393 atque
1203 2337 1260 2379 ab
1287 2337 1405 2393 ipsis,
1425 2339 1478 2378 ut
1503 2337 1569 2378 ita
1597 2337 1752 2387 dicam,

289 2402 491 2446 faucibus
511 2405 818 2460 exprimentes,
839 2405 876 2447 si
902 2405 1009 2462 quid
1029 2405 1145 2448 forte
1172 2406 1446 2462 insumptum
1474 2405 1564 2447 iam
1591 2404 1751 2456 fuerat,

289 2472 566 2514 reuocabant.
627 2473 930 2516 Verberantur
963 2488 1099 2524 senes,
1129 2474 1166 2516 si
1199 2474 1344 2516 cibum
1374 2473 1608 2516 uendicare
1639 2476 1749 2517 tem-

288 2542 498 2596 ptassent,
529 2542 692 2597 sparsis
722 2543 855 2584 etiam
887 2543 1082 2585 crinibus
1112 2543 1317 2585 mulieres
1347 2542 1651 2594 trahebantur,
1681 2558 1750 2587 oc-

288 2671 309 2705 8
335 2669 470 2705 ocultis
486 2670 519 2704 A
688 2682 731 2708 10
755 2672 860 2708 ordei
878 2673 918 2708 M
1072 2683 1118 2709 20
1142 2672 1371 2709 uerecundia
1386 2671 1550 2709 GBASM
1702 2683 1748 2719 33

287 2716 570 2810 gsssseberantur
586 2715 634 2753 C:
658 2718 896 2756 Verebantur
913 2719 1028 2766 MCyr
1047 2732 1158 2767 mary.
1178 2720 1223 2756 S:
1248 2719 1552 2757 Verberabantur
1568 2720 1609 2756 M
1634 2733 1750 2767 marg.

397 2835 440 2878 7⁶
