<?xml version="1.0" encoding="UTF-8"?>
<!DOCTYPE html PUBLIC "-//W3C//DTD XHTML 1.0 Transitional//EN"
    "http://www.w3.org/TR/xhtml1/DTD/xhtml1-transitional.dtd">
<html xmlns="http://www.w3.org/1999/xhtml" xml:lang="en" lang="en">
 <head>
  <title>
</title>
<meta http-equiv="Content-Type" content="text/html;charset=utf-8" />
  <meta name='ocr-system' content='tesseract 3.04.00' />
  <meta name='ocr-capabilities' content='ocr_page ocr_carea ocr_par ocr_line ocrx_word'/>
</head>
<body>
  <div class='ocr_page' id='page_1' title='image "./ioannissaresberi01johnuoft_0373.png"; bbox 0 0 1878 3172; ppageno 0'>
   <div class='ocr_carea' id='block_1_1' title="bbox 0 0 954 188">
    <p class='ocr_par' dir='ltr' id='par_1_1' title="bbox 0 0 954 188">
     <span class='ocr_line' id='line_1_1' title="bbox 0 0 954 188; baseline 0 2984"><span class='ocrx_word' id='word_1_1' title='bbox 0 0 954 188; x_wconf 95' lang='lat' dir='ltr'><strong> </strong></span> 
     </span>
    </p>
   </div>
   <div class='ocr_carea' id='block_1_2' title="bbox 78 207 1669 278">
    <p class='ocr_par' dir='ltr' id='par_1_2' title="bbox 78 207 1669 278">
     <span class='ocr_line' id='line_1_2' title="bbox 78 207 1669 278; baseline -0.008 -17"><span class='ocrx_word' id='word_1_2' title='bbox 78 226 178 261; x_wconf 67' lang='lat' dir='ltr'><strong>cn.</strong></span> <span class='ocrx_word' id='word_1_3' title='bbox 193 215 305 278; x_wconf 86' lang='lat' dir='ltr'><strong>vm]</strong></span> <span class='ocrx_word' id='word_1_4' title='bbox 591 212 993 259; x_wconf 81' lang='lat' dir='ltr'><strong>POLICRATICV</strong></span> <span class='ocrx_word' id='word_1_5' title='bbox 994 211 1028 256; x_wconf 89' lang='lat' dir='ltr'><em>S</em></span> <span class='ocrx_word' id='word_1_6' title='bbox 1541 217 1622 260; x_wconf 80' lang='lat'><strong>5⁵9</strong></span> <span class='ocrx_word' id='word_1_7' title='bbox 1637 207 1669 249; x_wconf 83' lang='lat' dir='ltr'><strong>d</strong></span> 
     </span>
    </p>
   </div>
   <div class='ocr_carea' id='block_1_3' title="bbox 16 328 1682 1488">
    <p class='ocr_par' dir='ltr' id='par_1_3' title="bbox 16 328 1682 1488">
     <span class='ocr_line' id='line_1_3' title="bbox 133 328 1528 388; baseline -0.004 -10"><span class='ocrx_word' id='word_1_8' title='bbox 133 335 197 379; x_wconf 85' lang='lat' dir='ltr'><strong>Vt</strong></span> <span class='ocrx_word' id='word_1_9' title='bbox 220 350 328 380; x_wconf 89' lang='lat' dir='ltr'><strong>uero</strong></span> <span class='ocrx_word' id='word_1_10' title='bbox 354 336 403 378; x_wconf 89' lang='lat' dir='ltr'><strong>in</strong></span> <span class='ocrx_word' id='word_1_11' title='bbox 430 335 561 379; x_wconf 84' lang='lat' dir='ltr'><strong>laude</strong></span> <span class='ocrx_word' id='word_1_12' title='bbox 586 333 764 377; x_wconf 81' lang='lat' dir='ltr'><strong>Traiani</strong></span> <span class='ocrx_word' id='word_1_13' title='bbox 793 332 967 376; x_wconf 84' lang='lat' dir='ltr'><strong>facilius</strong></span> <span class='ocrx_word' id='word_1_14' title='bbox 996 331 1281 388; x_wconf 70' lang='lat' dir='ltr'><strong>adquioecant</strong></span> <span class='ocrx_word' id='word_1_15' title='bbox 1310 329 1387 386; x_wconf 90' lang='lat' dir='ltr'><strong>qui</strong></span> <span class='ocrx_word' id='word_1_16' title='bbox 1418 328 1528 372; x_wconf 83' lang='lat' dir='ltr'><strong>alios</strong></span> 
     </span>
     <span class='ocr_line' id='line_1_4' title="bbox 71 400 1528 465; baseline -0.005 -17"><span class='ocrx_word' id='word_1_17' title='bbox 71 405 118 465; x_wconf 26' lang='lat' dir='ltr'><strong>*ei</strong></span> <span class='ocrx_word' id='word_1_18' title='bbox 150 404 461 461; x_wconf 80' lang='lat' dir='ltr'><strong>praeferendos</strong></span> <span class='ocrx_word' id='word_1_19' title='bbox 493 404 744 461; x_wconf 75' lang='lat' dir='ltr'><strong>opinantur,</strong></span> <span class='ocrx_word' id='word_1_20' title='bbox 773 402 965 444; x_wconf 59' lang='lat' dir='ltr'><strong>uirtutes</strong></span> <span class='ocrx_word' id='word_1_21' title='bbox 992 401 1087 444; x_wconf 91' lang='lat' dir='ltr'><strong>eius</strong></span> <span class='ocrx_word' id='word_1_22' title='bbox 1118 400 1284 457; x_wconf 88' lang='lat' dir='ltr'><strong>legitur</strong></span> <span class='ocrx_word' id='word_1_23' title='bbox 1311 413 1528 443; x_wconf 90' lang='lat' dir='ltr'><strong>commen-</strong></span> 
     </span>
     <span class='ocr_line' id='line_1_5' title="bbox 76 466 1529 529; baseline -0.005 -13"><span class='ocrx_word' id='word_1_24' title='bbox 76 472 203 516; x_wconf 83' lang='lat' dir='ltr'><strong>dasse</strong></span> <span class='ocrx_word' id='word_1_25' title='bbox 221 473 521 516; x_wconf 86' lang='lat' dir='ltr'><strong>sanctissimus</strong></span> <span class='ocrx_word' id='word_1_26' title='bbox 546 486 661 529; x_wconf 89' lang='lat' dir='ltr'><strong>papa</strong></span> <span class='ocrx_word' id='word_1_27' title='bbox 679 470 917 527; x_wconf 79' lang='lat' dir='ltr'>Gregorius</span> <span class='ocrx_word' id='word_1_28' title='bbox 942 473 989 512; x_wconf 90' lang='lat' dir='ltr'><strong>et</strong></span> <span class='ocrx_word' id='word_1_29' title='bbox 1013 468 1126 511; x_wconf 80' lang='lat' dir='ltr'><strong>fusis</strong></span> <span class='ocrx_word' id='word_1_30' title='bbox 1153 482 1235 525; x_wconf 92' lang='lat' dir='ltr'><strong>pro</strong></span> <span class='ocrx_word' id='word_1_31' title='bbox 1260 482 1311 511; x_wconf 89' lang='lat' dir='ltr'><strong>eo</strong></span> <span class='ocrx_word' id='word_1_32' title='bbox 1336 466 1529 510; x_wconf 77' lang='lat' dir='ltr'><strong>lacrimis</strong></span> 
     </span>
     <span class='ocr_line' id='line_1_6' title="bbox 75 535 1528 598; baseline -0.003 -15"><span class='ocrx_word' id='word_1_33' title='bbox 75 539 319 583; x_wconf 82' lang='lat' dir='ltr'><strong>inferorum</strong></span> <span class='ocrx_word' id='word_1_34' title='bbox 346 540 658 598; x_wconf 77' lang='lat' dir='ltr'><strong>compescuisse</strong></span> <span class='ocrx_word' id='word_1_35' title='bbox 685 538 898 589; x_wconf 87' lang='lat' dir='ltr'><strong>incendia,</strong></span> <span class='ocrx_word' id='word_1_36' title='bbox 926 538 1116 581; x_wconf 91' lang='lat' dir='ltr'><strong>Domino</strong></span> <span class='ocrx_word' id='word_1_37' title='bbox 1143 539 1452 580; x_wconf 86' lang='lat' dir='ltr'><strong>remunerante</strong></span> <span class='ocrx_word' id='word_1_38' title='bbox 1479 535 1528 577; x_wconf 92' lang='lat' dir='ltr'><strong>in</strong></span> 
     </span>
     <span class='ocr_line' id='line_1_7' title="bbox 38 605 1529 664; baseline -0.004 -12"><span class='ocrx_word' id='word_1_39' title='bbox 38 626 61 659; x_wconf 79' lang='lat'><strong>5</strong></span> <span class='ocrx_word' id='word_1_40' title='bbox 76 609 373 652; x_wconf 76' lang='lat' dir='ltr'><strong>misericordia</strong></span> <span class='ocrx_word' id='word_1_41' title='bbox 390 609 516 652; x_wconf 90' lang='lat' dir='ltr'><strong>uberi</strong></span> <span class='ocrx_word' id='word_1_42' title='bbox 541 608 758 651; x_wconf 87' lang='lat' dir='ltr'><strong>iustitiam</strong></span> <span class='ocrx_word' id='word_1_43' title='bbox 777 622 910 664; x_wconf 90' lang='lat' dir='ltr'><strong>quam</strong></span> <span class='ocrx_word' id='word_1_44' title='bbox 929 606 1091 649; x_wconf 88' lang='lat' dir='ltr'><strong>uiduae</strong></span> <span class='ocrx_word' id='word_1_45' title='bbox 1113 606 1238 648; x_wconf 87' lang='lat' dir='ltr'><strong>flenti</strong></span> <span class='ocrx_word' id='word_1_46' title='bbox 1267 605 1529 648; x_wconf 72' lang='lat' dir='ltr'><strong>exhibuerat</strong></span> 
     </span>
     <span class='ocr_line' id='line_1_8' title="bbox 77 674 1528 732; baseline -0.003 -13"><span class='ocrx_word' id='word_1_47' title='bbox 77 677 303 720; x_wconf 82' lang='lat' dir='ltr'><strong>Traianus.</strong></span> <span class='ocrx_word' id='word_1_48' title='bbox 361 677 475 721; x_wconf 88' lang='lat' dir='ltr'><strong>Cum</strong></span> <span class='ocrx_word' id='word_1_49' title='bbox 508 677 626 719; x_wconf 90' lang='lat' dir='ltr'><strong>enim</strong></span> <span class='ocrx_word' id='word_1_50' title='bbox 662 678 930 719; x_wconf 84' lang='lat' dir='ltr'><strong>memoratus</strong></span> <span class='ocrx_word' id='word_1_51' title='bbox 962 676 1202 732; x_wconf 87' lang='lat' dir='ltr'><strong>imperator</strong></span> <span class='ocrx_word' id='word_1_52' title='bbox 1239 674 1328 716; x_wconf 88' lang='lat' dir='ltr'><strong>iam</strong></span> <span class='ocrx_word' id='word_1_53' title='bbox 1367 687 1528 730; x_wconf 90' lang='lat' dir='ltr'><strong>equum</strong></span> 
     </span>
     <span class='ocr_line' id='line_1_9' title="bbox 77 741 1529 801; baseline -0.003 -12"><span class='ocrx_word' id='word_1_54' title='bbox 77 745 343 790; x_wconf 75' lang='lat' dir='ltr'><strong>ascendisset</strong></span> <span class='ocrx_word' id='word_1_55' title='bbox 366 746 424 788; x_wconf 82' lang='lat' dir='ltr'><strong>ad</strong></span> <span class='ocrx_word' id='word_1_56' title='bbox 448 745 612 788; x_wconf 91' lang='lat' dir='ltr'><strong>bellum</strong></span> <span class='ocrx_word' id='word_1_57' title='bbox 636 744 925 801; x_wconf 85' lang='lat' dir='ltr'><strong>profecturus,</strong></span> <span class='ocrx_word' id='word_1_58' title='bbox 950 744 1098 794; x_wconf 90' lang='lat' dir='ltr'><strong>uidua,</strong></span> <span class='ocrx_word' id='word_1_59' title='bbox 1123 743 1395 800; x_wconf 86' lang='lat' dir='ltr'><strong>apprehenso</strong></span> <span class='ocrx_word' id='word_1_60' title='bbox 1419 741 1529 798; x_wconf 88' lang='lat' dir='ltr'><strong>pede</strong></span> 
     </span>
     <span class='ocr_line' id='line_1_10' title="bbox 77 810 1530 870; baseline -0.002 -14"><span class='ocrx_word' id='word_1_61' title='bbox 77 814 208 864; x_wconf 92' lang='lat' dir='ltr'><strong>illius,</strong></span> <span class='ocrx_word' id='word_1_62' title='bbox 227 814 536 857; x_wconf 82' lang='lat' dir='ltr'><strong>miserabiliter</strong></span> <span class='ocrx_word' id='word_1_63' title='bbox 563 814 719 870; x_wconf 86' lang='lat' dir='ltr'><strong>lugens</strong></span> <span class='ocrx_word' id='word_1_64' title='bbox 744 813 829 856; x_wconf 86' lang='lat' dir='ltr'><strong>sibi</strong></span> <span class='ocrx_word' id='word_1_65' title='bbox 858 812 1075 855; x_wconf 89' lang='lat' dir='ltr'><strong>iustitiam</strong></span> <span class='ocrx_word' id='word_1_66' title='bbox 1100 812 1196 855; x_wconf 89' lang='lat' dir='ltr'><strong>fieri</strong></span> <span class='ocrx_word' id='word_1_67' title='bbox 1222 811 1354 868; x_wconf 90' lang='lat' dir='ltr'><strong>petiit</strong></span> <span class='ocrx_word' id='word_1_68' title='bbox 1379 810 1433 853; x_wconf 92' lang='lat' dir='ltr'><strong>de</strong></span> <span class='ocrx_word' id='word_1_69' title='bbox 1459 810 1530 852; x_wconf 88' lang='lat' dir='ltr'><strong>his</strong></span> 
     </span>
     <span class='ocr_line' id='line_1_11' title="bbox 78 879 1682 940; baseline -0.003 -14"><span class='ocrx_word' id='word_1_70' title='bbox 78 883 156 939; x_wconf 90' lang='lat' dir='ltr'><strong>qui</strong></span> <span class='ocrx_word' id='word_1_71' title='bbox 203 883 346 925; x_wconf 91' lang='lat' dir='ltr'><strong>filium</strong></span> <span class='ocrx_word' id='word_1_72' title='bbox 394 883 488 925; x_wconf 89' lang='lat' dir='ltr'><strong>eius</strong></span> <span class='ocrx_word' id='word_1_73' title='bbox 535 882 751 939; x_wconf 91' lang='lat' dir='ltr'><strong>optimum</strong></span> <span class='ocrx_word' id='word_1_74' title='bbox 790 884 835 924; x_wconf 89' lang='lat' dir='ltr'><strong>et</strong></span> <span class='ocrx_word' id='word_1_75' title='bbox 881 881 1286 924; x_wconf 88' lang='lat' dir='ltr'><strong>innocentissimum</strong></span> <span class='ocrx_word' id='word_1_76' title='bbox 1324 879 1529 922; x_wconf 89' lang='lat' dir='ltr'><strong>iuuenem</strong></span> <span class='ocrx_word' id='word_1_77' title='bbox 1544 892 1631 940; x_wconf 81' lang='lat'><strong>560</strong></span> <span class='ocrx_word' id='word_1_78' title='bbox 1651 901 1682 929; x_wconf 74' lang='lat' dir='ltr'><strong>a</strong></span> 
     </span>
     <span class='ocr_line' id='line_1_12' title="bbox 20 949 1531 1007; baseline -0.002 -14"><span class='ocrx_word' id='word_1_79' title='bbox 20 968 64 993; x_wconf 78' lang='grc' dir='ltr'><strong>ιο</strong></span> <span class='ocrx_word' id='word_1_80' title='bbox 79 951 244 994; x_wconf 88' lang='lat' dir='ltr'><strong>iniuste</strong></span> <span class='ocrx_word' id='word_1_81' title='bbox 272 951 531 995; x_wconf 90' lang='lat' dir='ltr'><strong>occiderant.</strong></span> <span class='ocrx_word' id='word_1_82' title='bbox 609 951 688 1003; x_wconf 76' lang='lat' dir='ltr'><strong>Tu,</strong></span> <span class='ocrx_word' id='word_1_83' title='bbox 717 951 875 1007; x_wconf 89' lang='lat' dir='ltr'><strong>inquit,</strong></span> <span class='ocrx_word' id='word_1_84' title='bbox 904 950 1116 1007; x_wconf 85' lang='lat' dir='ltr'><strong>Auguste,</strong></span> <span class='ocrx_word' id='word_1_85' title='bbox 1144 949 1346 1006; x_wconf 87' lang='lat' dir='ltr'><strong>imperas,</strong></span> <span class='ocrx_word' id='word_1_86' title='bbox 1375 951 1421 991; x_wconf 90' lang='lat' dir='ltr'><strong>et</strong></span> <span class='ocrx_word' id='word_1_87' title='bbox 1450 963 1531 1005; x_wconf 87' lang='lat' dir='ltr'><strong>ego</strong></span> 
     </span>
     <span class='ocr_line' id='line_1_13' title="bbox 80 1017 1533 1076; baseline -0.003 -13"><span class='ocrx_word' id='word_1_88' title='bbox 80 1023 174 1062; x_wconf 86' lang='lat' dir='ltr'><strong>tam</strong></span> <span class='ocrx_word' id='word_1_89' title='bbox 216 1023 407 1063; x_wconf 84' lang='lat' dir='ltr'><strong>atrocem</strong></span> <span class='ocrx_word' id='word_1_90' title='bbox 445 1019 653 1062; x_wconf 86' lang='lat' dir='ltr'><strong>iniuriam</strong></span> <span class='ocrx_word' id='word_1_91' title='bbox 694 1019 878 1076; x_wconf 64' lang='lat' dir='ltr'><strong>patior?</strong></span> <span class='ocrx_word' id='word_1_92' title='bbox 953 1019 1058 1075; x_wconf 89' lang='lat' dir='ltr'><strong>Ego,</strong></span> <span class='ocrx_word' id='word_1_93' title='bbox 1095 1018 1242 1074; x_wconf 92' lang='lat' dir='ltr'><strong>inquit</strong></span> <span class='ocrx_word' id='word_1_94' title='bbox 1282 1017 1533 1074; x_wconf 85' lang='lat' dir='ltr'><strong>imperator,</strong></span> 
     </span>
     <span class='ocr_line' id='line_1_14' title="bbox 80 1085 1534 1143; baseline -0.003 -12"><span class='ocrx_word' id='word_1_95' title='bbox 80 1087 349 1131; x_wconf 76' lang='lat' dir='ltr'><strong>satisfaciam</strong></span> <span class='ocrx_word' id='word_1_96' title='bbox 387 1088 471 1131; x_wconf 88' lang='lat' dir='ltr'><strong>tibi</strong></span> <span class='ocrx_word' id='word_1_97' title='bbox 509 1102 610 1131; x_wconf 88' lang='lat' dir='ltr'><strong>cum</strong></span> <span class='ocrx_word' id='word_1_98' title='bbox 648 1087 827 1130; x_wconf 89' lang='lat' dir='ltr'><strong>rediero.</strong></span> <span class='ocrx_word' id='word_1_99' title='bbox 901 1087 1031 1140; x_wconf 82' lang='lat' dir='ltr'><strong>Quid,</strong></span> <span class='ocrx_word' id='word_1_100' title='bbox 1064 1086 1211 1143; x_wconf 89' lang='lat' dir='ltr'><strong>inquit</strong></span> <span class='ocrx_word' id='word_1_101' title='bbox 1248 1086 1336 1136; x_wconf 87' lang='lat' dir='ltr'><strong>illa,</strong></span> <span class='ocrx_word' id='word_1_102' title='bbox 1367 1085 1406 1128; x_wconf 88' lang='lat' dir='ltr'><strong>si</strong></span> <span class='ocrx_word' id='word_1_103' title='bbox 1444 1099 1534 1128; x_wconf 90' lang='lat' dir='ltr'><strong>non</strong></span> 
     </span>
     <span class='ocr_line' id='line_1_15' title="bbox 80 1154 1532 1207; baseline -0.003 -7"><span class='ocrx_word' id='word_1_104' title='bbox 80 1157 296 1200; x_wconf 64' lang='lat' dir='ltr'><strong>redieris?</strong></span> <span class='ocrx_word' id='word_1_105' title='bbox 364 1156 595 1200; x_wconf 83' lang='lat' dir='ltr'><strong>Successor</strong></span> <span class='ocrx_word' id='word_1_106' title='bbox 632 1170 766 1206; x_wconf 91' lang='lat' dir='ltr'><strong>meus,</strong></span> <span class='ocrx_word' id='word_1_107' title='bbox 794 1156 860 1198; x_wconf 88' lang='lat' dir='ltr'><strong>ait</strong></span> <span class='ocrx_word' id='word_1_108' title='bbox 897 1154 1123 1207; x_wconf 85' lang='lat' dir='ltr'><strong>Traianus,</strong></span> <span class='ocrx_word' id='word_1_109' title='bbox 1156 1154 1399 1197; x_wconf 83' lang='lat' dir='ltr'><strong>satisfaciet</strong></span> <span class='ocrx_word' id='word_1_110' title='bbox 1436 1154 1532 1196; x_wconf 92' lang='lat' dir='ltr'><strong>tibi.</strong></span> 
     </span>
     <span class='ocr_line' id='line_1_16' title="bbox 81 1222 1531 1282; baseline -0.003 -14"><span class='ocrx_word' id='word_1_111' title='bbox 81 1225 142 1267; x_wconf 78' lang='lat' dir='ltr'><strong>Et</strong></span> <span class='ocrx_word' id='word_1_112' title='bbox 163 1225 267 1268; x_wconf 87' lang='lat' dir='ltr'><strong>illa:</strong></span> <span class='ocrx_word' id='word_1_113' title='bbox 298 1225 416 1278; x_wconf 87' lang='lat' dir='ltr'><strong>Quid</strong></span> <span class='ocrx_word' id='word_1_114' title='bbox 442 1225 525 1268; x_wconf 90' lang='lat' dir='ltr'><strong>tibi</strong></span> <span class='ocrx_word' id='word_1_115' title='bbox 544 1225 750 1282; x_wconf 88' lang='lat' dir='ltr'><strong>proderit,</strong></span> <span class='ocrx_word' id='word_1_116' title='bbox 769 1225 807 1267; x_wconf 86' lang='lat' dir='ltr'><strong>si</strong></span> <span class='ocrx_word' id='word_1_117' title='bbox 833 1224 947 1267; x_wconf 86' lang='lat' dir='ltr'><strong>alius</strong></span> <span class='ocrx_word' id='word_1_118' title='bbox 965 1223 1264 1267; x_wconf 63' lang='lat' dir='ltr'><strong>benefecerit‘l</strong></span> <span class='ocrx_word' id='word_1_119' title='bbox 1311 1223 1379 1265; x_wconf 88' lang='lat' dir='ltr'><strong>Tu</strong></span> <span class='ocrx_word' id='word_1_120' title='bbox 1396 1222 1531 1265; x_wconf 89' lang='lat' dir='ltr'><strong>michi</strong></span> 
     </span>
     <span class='ocr_line' id='line_1_17' title="bbox 16 1290 1534 1350; baseline -0.002 -15"><span class='ocrx_word' id='word_1_121' title='bbox 16 1305 64 1344; x_wconf 73' lang='lat'><strong>&#39;15</strong></span> <span class='ocrx_word' id='word_1_122' title='bbox 82 1293 255 1336; x_wconf 87' lang='lat' dir='ltr'><strong>debitor</strong></span> <span class='ocrx_word' id='word_1_123' title='bbox 282 1308 341 1345; x_wconf 91' lang='lat' dir='ltr'><strong>es,</strong></span> <span class='ocrx_word' id='word_1_124' title='bbox 368 1294 607 1337; x_wconf 88' lang='lat' dir='ltr'><strong>secundum</strong></span> <span class='ocrx_word' id='word_1_125' title='bbox 636 1308 768 1350; x_wconf 87' lang='lat' dir='ltr'><strong>opera</strong></span> <span class='ocrx_word' id='word_1_126' title='bbox 805 1293 1047 1336; x_wconf 87' lang='lat' dir='ltr'><strong>mercedem</strong></span> <span class='ocrx_word' id='word_1_127' title='bbox 1086 1295 1365 1348; x_wconf 54' lang='lat' dir='ltr'><strong>recepturum</strong></span> <span class='ocrx_word' id='word_1_128' title='bbox 1409 1290 1534 1333; x_wconf 85' lang='lat' dir='ltr'><strong>fraus</strong></span> 
     </span>
     <span class='ocr_line' id='line_1_18' title="bbox 80 1360 1534 1418; baseline -0.003 -13"><span class='ocrx_word' id='word_1_129' title='bbox 80 1362 235 1418; x_wconf 84' lang='lat' dir='ltr'><strong>utique</strong></span> <span class='ocrx_word' id='word_1_130' title='bbox 273 1365 342 1405; x_wconf 86' lang='lat' dir='ltr'><strong>est</strong></span> <span class='ocrx_word' id='word_1_131' title='bbox 378 1362 494 1405; x_wconf 90' lang='lat' dir='ltr'><strong>nolle</strong></span> <span class='ocrx_word' id='word_1_132' title='bbox 526 1362 708 1405; x_wconf 88' lang='lat' dir='ltr'><strong>reddere</strong></span> <span class='ocrx_word' id='word_1_133' title='bbox 741 1362 859 1418; x_wconf 92' lang='lat' dir='ltr'><strong>quod</strong></span> <span class='ocrx_word' id='word_1_134' title='bbox 896 1361 1091 1404; x_wconf 87' lang='lat' dir='ltr'><strong>debetur.</strong></span> <span class='ocrx_word' id='word_1_135' title='bbox 1160 1360 1391 1403; x_wconf 85' lang='lat' dir='ltr'><strong>Successor</strong></span> <span class='ocrx_word' id='word_1_136' title='bbox 1427 1362 1534 1402; x_wconf 88' lang='lat' dir='ltr'><strong>tuus</strong></span> 
     </span>
     <span class='ocr_line' id='line_1_19' title="bbox 80 1428 1534 1488; baseline -0.001 -15"><span class='ocrx_word' id='word_1_137' title='bbox 80 1430 288 1473; x_wconf 89' lang='lat' dir='ltr'><strong>iniuriam</strong></span> <span class='ocrx_word' id='word_1_138' title='bbox 326 1430 597 1488; x_wconf 87' lang='lat' dir='ltr'><strong>patientibus</strong></span> <span class='ocrx_word' id='word_1_139' title='bbox 634 1445 715 1487; x_wconf 91' lang='lat' dir='ltr'><strong>pro</strong></span> <span class='ocrx_word' id='word_1_140' title='bbox 748 1444 795 1473; x_wconf 89' lang='lat' dir='ltr'><strong>se</strong></span> <span class='ocrx_word' id='word_1_141' title='bbox 832 1430 1079 1481; x_wconf 89' lang='lat' dir='ltr'><strong>tenebitur;</strong></span> <span class='ocrx_word' id='word_1_142' title='bbox 1121 1433 1167 1471; x_wconf 89' lang='lat' dir='ltr'><strong>te</strong></span> <span class='ocrx_word' id='word_1_143' title='bbox 1204 1443 1294 1471; x_wconf 90' lang='lat' dir='ltr'><strong>non</strong></span> <span class='ocrx_word' id='word_1_144' title='bbox 1327 1428 1534 1471; x_wconf 79' lang='lat' dir='ltr'><strong>liberabit</strong></span> 
     </span>
    </p>
   </div>
   <div class='ocr_carea' id='block_1_4' title="bbox 14 1529 1538 2935">
    <p class='ocr_par' dir='ltr' id='par_1_4' title="bbox 14 1529 1538 2935">
     <span class='ocr_line' id='line_1_20' title="bbox 121 1529 1532 1578; baseline -0.002 -9.898"><span class='ocrx_word' id='word_1_145' title='bbox 121 1534 316 1578; x_wconf 60' lang='lat' dir='ltr'><strong>suffitur:</strong></span> <span class='ocrx_word' id='word_1_146' title='bbox 333 1532 382 1568; x_wconf 82' lang='lat' dir='ltr'><strong>cf.</strong></span> <span class='ocrx_word' id='word_1_147' title='bbox 399 1532 596 1568; x_wconf 81' lang='lat' dir='ltr'><strong>Abaelard.</strong></span> <span class='ocrx_word' id='word_1_148' title='bbox 618 1533 735 1568; x_wconf 63' lang='lat' dir='ltr'><strong>Theoi.</strong></span> <span class='ocrx_word' id='word_1_149' title='bbox 755 1531 950 1567; x_wconf 59' lang='lat' dir='ltr'><strong>Christian.</strong></span> <span class='ocrx_word' id='word_1_150' title='bbox 969 1530 1074 1577; x_wconf 94' lang='grc' dir='ltr'><strong>(φρ.</strong></span> <span class='ocrx_word' id='word_1_151' title='bbox 1088 1530 1145 1568; x_wconf 86' lang='lat' dir='ltr'><strong>ed.</strong></span> <span class='ocrx_word' id='word_1_152' title='bbox 1163 1529 1330 1566; x_wconf 85' lang='lat' dir='ltr'><strong>Cousin</strong></span> <span class='ocrx_word' id='word_1_153' title='bbox 1312 1529 1358 1567; x_wconf 93' lang='grc' dir='ltr'><strong>ιι.</strong></span> <span class='ocrx_word' id='word_1_154' title='bbox 1376 1542 1416 1576; x_wconf 91' lang='lat' dir='ltr'><strong>p.</strong></span> <span class='ocrx_word' id='word_1_155' title='bbox 1433 1529 1532 1576; x_wconf 86' lang='lat'><em>439).</em></span> 
     </span>
     <span class='ocr_line' id='line_1_21' title="bbox 82 1578 1533 1624; baseline -0.003 -8"><span class='ocrx_word' id='word_1_156' title='bbox 82 1578 141 1616; x_wconf 77' lang='lat' dir='ltr'><strong>Ex</strong></span> <span class='ocrx_word' id='word_1_157' title='bbox 155 1579 228 1616; x_wconf 70' lang='lat' dir='ltr'><strong>hac</strong></span> <span class='ocrx_word' id='word_1_158' title='bbox 242 1578 375 1615; x_wconf 81' lang='lat' dir='ltr'><strong>fabula</strong></span> <span class='ocrx_word' id='word_1_159' title='bbox 390 1579 643 1621; x_wconf 85' lang='lat' dir='ltr'><strong>celeberrima,</strong></span> <span class='ocrx_word' id='word_1_160' title='bbox 661 1590 776 1624; x_wconf 86' lang='lat' dir='ltr'><strong>quam</strong></span> <span class='ocrx_word' id='word_1_161' title='bbox 791 1581 919 1615; x_wconf 84' lang='lat' dir='ltr'><strong>tamen</strong></span> <span class='ocrx_word' id='word_1_162' title='bbox 936 1580 1085 1614; x_wconf 84' lang='lat' dir='ltr'><strong>constat</strong></span> <span class='ocrx_word' id='word_1_163' title='bbox 1105 1589 1182 1614; x_wconf 86' lang='lat' dir='ltr'><strong>esse</strong></span> <span class='ocrx_word' id='word_1_164' title='bbox 1202 1579 1332 1613; x_wconf 80' lang='lat' dir='ltr'><strong>natam</strong></span> <span class='ocrx_word' id='word_1_165' title='bbox 1347 1588 1395 1613; x_wconf 87' lang='lat' dir='ltr'><strong>ex</strong></span> <span class='ocrx_word' id='word_1_166' title='bbox 1410 1588 1533 1613; x_wconf 87' lang='lat' dir='ltr'><strong>errore</strong></span> 
     </span>
     <span class='ocr_line' id='line_1_22' title="bbox 80 1623 1533 1680; baseline -0.002 -17"><span class='ocrx_word' id='word_1_167' title='bbox 80 1626 280 1663; x_wconf 84' lang='lat' dir='ltr'><strong>hominum</strong></span> <span class='ocrx_word' id='word_1_168' title='bbox 301 1625 553 1663; x_wconf 86' lang='lat' dir='ltr'><strong>recentiorum</strong></span> <span class='ocrx_word' id='word_1_169' title='bbox 577 1625 810 1662; x_wconf 82' lang='lat' dir='ltr'><strong>caelaturam</strong></span> <span class='ocrx_word' id='word_1_170' title='bbox 834 1625 1024 1680; x_wconf 74' lang='lat' dir='ltr'><strong>quandam</strong></span> <span class='ocrx_word' id='word_1_171' title='bbox 1049 1626 1091 1660; x_wconf 89' lang='grc' dir='ltr'><strong>ιιι</strong></span> <span class='ocrx_word' id='word_1_172' title='bbox 1119 1625 1202 1660; x_wconf 87' lang='lat' dir='ltr'><strong>foro</strong></span> <span class='ocrx_word' id='word_1_173' title='bbox 1221 1623 1375 1660; x_wconf 85' lang='lat' dir='ltr'><strong>Traiani</strong></span> <span class='ocrx_word' id='word_1_174' title='bbox 1392 1623 1533 1661; x_wconf 87' lang='lat' dir='ltr'><strong>Romae</strong></span> 
     </span>
     <span class='ocr_line' id='line_1_23' title="bbox 80 1671 1531 1725; baseline -0.001 -16"><span class='ocrx_word' id='word_1_175' title='bbox 80 1673 197 1710; x_wconf 81' lang='lat' dir='ltr'><strong>visam</strong></span> <span class='ocrx_word' id='word_1_176' title='bbox 213 1674 261 1710; x_wconf 84' lang='lat' dir='ltr'><strong>de</strong></span> <span class='ocrx_word' id='word_1_177' title='bbox 270 1672 382 1709; x_wconf 85' lang='lat' dir='ltr'><strong>vidua</strong></span> <span class='ocrx_word' id='word_1_178' title='bbox 391 1673 518 1720; x_wconf 88' lang='lat' dir='ltr'><strong>potius</strong></span> <span class='ocrx_word' id='word_1_179' title='bbox 533 1685 646 1719; x_wconf 87' lang='lat' dir='ltr'><strong>quam</strong></span> <span class='ocrx_word' id='word_1_180' title='bbox 658 1673 704 1709; x_wconf 86' lang='lat' dir='ltr'><strong>de</strong></span> <span class='ocrx_word' id='word_1_181' title='bbox 718 1672 910 1719; x_wconf 83' lang='lat' dir='ltr'><strong>provincia</strong></span> <span class='ocrx_word' id='word_1_182' title='bbox 921 1671 1091 1718; x_wconf 84' lang='lat' dir='ltr'><strong>supplice</strong></span> <span class='ocrx_word' id='word_1_183' title='bbox 1106 1672 1205 1708; x_wconf 85' lang='lat' dir='ltr'><strong>male</strong></span> <span class='ocrx_word' id='word_1_184' title='bbox 1221 1671 1531 1725; x_wconf 82' lang='lat' dir='ltr'><strong>intelligentium,</strong></span> 
     </span>
     <span class='ocr_line' id='line_1_24' title="bbox 82 1717 1534 1767; baseline -0.002 -9"><span class='ocrx_word' id='word_1_185' title='bbox 82 1722 167 1758; x_wconf 83' lang='lat' dir='ltr'><strong>orta</strong></span> <span class='ocrx_word' id='word_1_186' title='bbox 181 1722 239 1757; x_wconf 80' lang='lat' dir='ltr'><strong>est</strong></span> <span class='ocrx_word' id='word_1_187' title='bbox 254 1719 355 1757; x_wconf 87' lang='lat' dir='ltr'><strong>inter</strong></span> <span class='ocrx_word' id='word_1_188' title='bbox 367 1720 565 1767; x_wconf 81' lang='lat' dir='ltr'><strong>theologos</strong></span> <span class='ocrx_word' id='word_1_189' title='bbox 583 1720 686 1756; x_wconf 86' lang='lat' dir='ltr'><strong>haud</strong></span> <span class='ocrx_word' id='word_1_190' title='bbox 707 1732 824 1766; x_wconf 86' lang='lat' dir='ltr'><strong>parva</strong></span> <span class='ocrx_word' id='word_1_191' title='bbox 846 1719 1109 1756; x_wconf 85' lang='lat' dir='ltr'><strong>controversia.</strong></span> <span class='ocrx_word' id='word_1_192' title='bbox 1156 1717 1339 1755; x_wconf 82' lang='lat' dir='ltr'><strong>Narratur</strong></span> <span class='ocrx_word' id='word_1_193' title='bbox 1362 1718 1466 1754; x_wconf 86' lang='lat' dir='ltr'><strong>inter</strong></span> <span class='ocrx_word' id='word_1_194' title='bbox 1489 1730 1534 1755; x_wconf 84' lang='lat' dir='ltr'><strong>ea</strong></span> 
     </span>
     <span class='ocr_line' id='line_1_25' title="bbox 82 1767 1538 1820; baseline -0.002 -17"><span class='ocrx_word' id='word_1_195' title='bbox 82 1779 173 1814; x_wconf 68' lang='lat' dir='ltr'><strong>quae</strong></span> <span class='ocrx_word' id='word_1_196' title='bbox 203 1770 247 1803; x_wconf 77' lang='lat' dir='ltr'><strong>de</strong></span> <span class='ocrx_word' id='word_1_197' title='bbox 273 1768 439 1812; x_wconf 69' lang='lat' dir='ltr'><strong>Greyorii</strong></span> <span class='ocrx_word' id='word_1_198' title='bbox 468 1769 656 1803; x_wconf 76' lang='lat' dir='ltr'><strong>miraculis</strong></span> <span class='ocrx_word' id='word_1_199' title='bbox 679 1779 791 1813; x_wconf 67' lang='lat' dir='ltr'><strong>penes</strong></span> <span class='ocrx_word' id='word_1_200' title='bbox 820 1769 1021 1820; x_wconf 74' lang='lat' dir='ltr'><strong>Anqlorum</strong></span> <span class='ocrx_word' id='word_1_201' title='bbox 1053 1768 1212 1802; x_wconf 67' lang='lat' dir='ltr'><strong>ecelesiae</strong></span> <span class='ocrx_word' id='word_1_202' title='bbox 1235 1767 1343 1811; x_wconf 74' lang='lat' dir='ltr'><strong>uulyo</strong></span> <span class='ocrx_word' id='word_1_203' title='bbox 1366 1768 1538 1811; x_wconf 70' lang='lat' dir='ltr'><strong>leyuntur</strong></span> 
     </span>
     <span class='ocr_line' id='line_1_26' title="bbox 82 1812 1534 1860; baseline -0.002 -10"><span class='ocrx_word' id='word_1_204' title='bbox 82 1825 108 1850; x_wconf 85' lang='lat' dir='ltr'><strong>a</strong></span> <span class='ocrx_word' id='word_1_205' title='bbox 124 1814 267 1850; x_wconf 78' lang='lat' dir='ltr'><strong>Ioanne</strong></span> <span class='ocrx_word' id='word_1_206' title='bbox 287 1813 487 1850; x_wconf 83' lang='lat' dir='ltr'><strong>Diacono&#39;</strong></span> <span class='ocrx_word' id='word_1_207' title='bbox 475 1827 516 1850; x_wconf 89' lang='grc' dir='ltr'><strong>ιιι</strong></span> <span class='ocrx_word' id='word_1_208' title='bbox 532 1814 622 1850; x_wconf 86' lang='lat' dir='ltr'><strong>Vita</strong></span> <span class='ocrx_word' id='word_1_209' title='bbox 645 1813 758 1860; x_wconf 85' lang='lat' dir='ltr'><strong>Greg.</strong></span> <span class='ocrx_word' id='word_1_210' title='bbox 774 1813 935 1860; x_wconf 82' lang='lat' dir='ltr'><strong>Magni</strong></span> <span class='ocrx_word' id='word_1_211' title='bbox 923 1813 964 1850; x_wconf 87' lang='grc' dir='ltr'><strong>ιι.</strong></span> <span class='ocrx_word' id='word_1_212' title='bbox 983 1824 1029 1857; x_wconf 88' lang='lat'><strong>44</strong></span> <span class='ocrx_word' id='word_1_213' title='bbox 1046 1813 1192 1860; x_wconf 76' lang='lat' dir='ltr'><strong>(Migne</strong></span> <span class='ocrx_word' id='word_1_214' title='bbox 1207 1815 1249 1849; x_wconf 88' lang='lat' dir='ltr'><strong>P.</strong></span> <span class='ocrx_word' id='word_1_215' title='bbox 1265 1815 1309 1848; x_wconf 90' lang='lat' dir='ltr'><strong>L.</strong></span> <span class='ocrx_word' id='word_1_216' title='bbox 1325 1812 1421 1848; x_wconf 82' lang='lat' dir='ltr'><strong>lxxv.</strong></span> <span class='ocrx_word' id='word_1_217' title='bbox 1444 1823 1534 1856; x_wconf 86' lang='lat'>104—</span> 
     </span>
     <span class='ocr_line' id='line_1_27' title="bbox 86 1859 1534 1915; baseline -0.002 -17"><span class='ocrx_word' id='word_1_218' title='bbox 86 1861 196 1906; x_wconf 85' lang='lat'>106);</span> <span class='ocrx_word' id='word_1_219' title='bbox 232 1863 356 1897; x_wconf 82' lang='lat' dir='ltr'><strong>exstat</strong></span> <span class='ocrx_word' id='word_1_220' title='bbox 365 1861 532 1898; x_wconf 82' lang='lat' dir='ltr'><strong>etiamin</strong></span> <span class='ocrx_word' id='word_1_221' title='bbox 547 1863 714 1897; x_wconf 84' lang='lat' dir='ltr'><strong>tractatu</strong></span> <span class='ocrx_word' id='word_1_222' title='bbox 727 1863 770 1896; x_wconf 79' lang='lat' dir='ltr'><strong>de</strong></span> <span class='ocrx_word' id='word_1_223' title='bbox 781 1863 839 1896; x_wconf 70' lang='lat' dir='ltr'><strong>his</strong></span> <span class='ocrx_word' id='word_1_224' title='bbox 850 1862 914 1915; x_wconf 66' lang='lat' dir='ltr'><strong>gui</strong></span> <span class='ocrx_word' id='word_1_225' title='bbox 924 1863 962 1895; x_wconf 81' lang='lat' dir='ltr'><strong>in</strong></span> <span class='ocrx_word' id='word_1_226' title='bbox 969 1862 1048 1904; x_wconf 82' lang='lat' dir='ltr'><strong>fide</strong></span> <span class='ocrx_word' id='word_1_227' title='bbox 1063 1862 1286 1896; x_wconf 61' lang='lat' dir='ltr'><strong>dormierunt</strong></span> <span class='ocrx_word' id='word_1_228' title='bbox 1301 1859 1367 1905; x_wconf 87' lang='lat' dir='ltr'><strong>qui</strong></span> <span class='ocrx_word' id='word_1_229' title='bbox 1381 1859 1534 1896; x_wconf 86' lang='lat' dir='ltr'><strong>nomine</strong></span> 
     </span>
     <span class='ocr_line' id='line_1_28' title="bbox 83 1907 1534 1953; baseline -0.001 -10"><span class='ocrx_word' id='word_1_230' title='bbox 83 1907 238 1944; x_wconf 83' lang='lat' dir='ltr'><strong>Ioannis</strong></span> <span class='ocrx_word' id='word_1_231' title='bbox 253 1907 476 1944; x_wconf 84' lang='lat' dir='ltr'><strong>Damasceni</strong></span> <span class='ocrx_word' id='word_1_232' title='bbox 492 1907 596 1950; x_wconf 86' lang='lat' dir='ltr'><strong>falso,</strong></span> <span class='ocrx_word' id='word_1_233' title='bbox 614 1910 658 1943; x_wconf 91' lang='lat' dir='ltr'><strong>ut</strong></span> <span class='ocrx_word' id='word_1_234' title='bbox 674 1907 830 1950; x_wconf 86' lang='lat' dir='ltr'><strong>videtur,</strong></span> <span class='ocrx_word' id='word_1_235' title='bbox 849 1907 1068 1943; x_wconf 75' lang='lat' dir='ltr'><strong>inscribitur</strong></span> <span class='ocrx_word' id='word_1_236' title='bbox 1089 1907 1234 1953; x_wconf 78' lang='lat' dir='ltr'><strong>(Migne</strong></span> <span class='ocrx_word' id='word_1_237' title='bbox 1251 1908 1385 1942; x_wconf 84' lang='lat' dir='ltr'><strong>Potrol.</strong></span> <span class='ocrx_word' id='word_1_238' title='bbox 1408 1909 1534 1942; x_wconf 68' lang='lat' dir='ltr'><strong>Graec.</strong></span> 
     </span>
     <span class='ocr_line' id='line_1_29' title="bbox 83 1935 1537 1999; baseline -0.001 -10"><span class='ocrx_word' id='word_1_239' title='bbox 83 1965 166 1991; x_wconf 86' lang='lat' dir='ltr'><strong>xcv.</strong></span> <span class='ocrx_word' id='word_1_240' title='bbox 181 1956 261 1997; x_wconf 79' lang='lat'><strong>262,</strong></span> <span class='ocrx_word' id='word_1_241' title='bbox 279 1956 376 1999; x_wconf 90' lang='lat'><em>263).</em></span> <span class='ocrx_word' id='word_1_242' title='bbox 425 1954 491 1990; x_wconf 81' lang='lat' dir='ltr'><strong>Ait</strong></span> <span class='ocrx_word' id='word_1_243' title='bbox 512 1935 671 1990; x_wconf 74' lang='lat' dir='ltr'><strong>Ioannes</strong></span> <span class='ocrx_word' id='word_1_244' title='bbox 694 1954 903 1990; x_wconf 85' lang='lat' dir='ltr'><strong>Diaconus.</strong></span> <span class='ocrx_word' id='word_1_245' title='bbox 926 1956 1009 1989; x_wconf 79' lang='lat' dir='ltr'><strong>Non</strong></span> <span class='ocrx_word' id='word_1_246' title='bbox 1034 1955 1165 1998; x_wconf 71' lang='lat' dir='ltr'><strong>leyitur</strong></span> <span class='ocrx_word' id='word_1_247' title='bbox 1186 1955 1351 1998; x_wconf 72' lang='lat' dir='ltr'><strong>Greqorii</strong></span> <span class='ocrx_word' id='word_1_248' title='bbox 1369 1955 1537 1999; x_wconf 71' lang='lat' dir='ltr'><strong>precibus</strong></span> 
     </span>
     <span class='ocr_line' id='line_1_30' title="bbox 85 2002 1536 2046; baseline -0.001 -9"><span class='ocrx_word' id='word_1_249' title='bbox 85 2003 245 2037; x_wconf 67' lang='lat' dir='ltr'><strong>miani</strong></span> <span class='ocrx_word' id='word_1_250' title='bbox 262 2003 389 2037; x_wconf 74' lang='lat' dir='ltr'><strong>anima</strong></span> <span class='ocrx_word' id='word_1_251' title='bbox 407 2003 452 2036; x_wconf 81' lang='lat' dir='ltr'><strong>ab</strong></span> <span class='ocrx_word' id='word_1_252' title='bbox 468 2003 612 2045; x_wconf 74' lang='lat' dir='ltr'><strong>inferno</strong></span> <span class='ocrx_word' id='word_1_253' title='bbox 628 2002 776 2036; x_wconf 70' lang='lat' dir='ltr'><strong>liberata</strong></span> <span class='ocrx_word' id='word_1_254' title='bbox 797 2006 830 2036; x_wconf 78' lang='lat' dir='ltr'><strong>et</strong></span> <span class='ocrx_word' id='word_1_255' title='bbox 850 2003 892 2035; x_wconf 77' lang='lat' dir='ltr'><strong>in</strong></span> <span class='ocrx_word' id='word_1_256' title='bbox 910 2002 1085 2045; x_wconf 74' lang='lat' dir='ltr'><strong>paradiso</strong></span> <span class='ocrx_word' id='word_1_257' title='bbox 1100 2003 1266 2045; x_wconf 92' lang='grc' dir='ltr'><strong>προεῖτο,</strong></span> <span class='ocrx_word' id='word_1_258' title='bbox 1281 2002 1374 2046; x_wconf 76' lang='lat' dir='ltr'><strong>quod</strong></span> <span class='ocrx_word' id='word_1_259' title='bbox 1389 2002 1536 2036; x_wconf 72' lang='lat' dir='ltr'><strong>omnino</strong></span> 
     </span>
     <span class='ocr_line' id='line_1_31' title="bbox 83 2049 1538 2093; baseline -0.001 -9"><span class='ocrx_word' id='word_1_260' title='bbox 83 2049 290 2084; x_wconf 65' lang='lat' dir='ltr'><strong>incredibile</strong></span> <span class='ocrx_word' id='word_1_261' title='bbox 315 2049 456 2083; x_wconf 66' lang='lat' dir='ltr'><strong>videtur</strong></span> <span class='ocrx_word' id='word_1_262' title='bbox 474 2053 626 2093; x_wconf 79' lang='lat' dir='ltr'><strong>propter</strong></span> <span class='ocrx_word' id='word_1_263' title='bbox 646 2049 740 2082; x_wconf 76' lang='lat' dir='ltr'><strong>illud</strong></span> <span class='ocrx_word' id='word_1_264' title='bbox 763 2050 856 2093; x_wconf 76' lang='lat' dir='ltr'><strong>quod</strong></span> <span class='ocrx_word' id='word_1_265' title='bbox 878 2050 1052 2092; x_wconf 53' lang='lat' dir='ltr'><strong>scriptum</strong></span> <span class='ocrx_word' id='word_1_266' title='bbox 1076 2052 1150 2082; x_wconf 69' lang='lat' dir='ltr'><strong>est.-</strong></span> <span class='ocrx_word' id='word_1_267' title='bbox 1181 2049 1266 2082; x_wconf 69' lang='lat' dir='ltr'><strong>Nisi</strong></span> <span class='ocrx_word' id='word_1_268' title='bbox 1287 2049 1369 2093; x_wconf 68' lang='lat' dir='ltr'><strong>quis</strong></span> <span class='ocrx_word' id='word_1_269' title='bbox 1391 2052 1538 2082; x_wconf 69' lang='lat' dir='ltr'><strong>renatus</strong></span> 
     </span>
     <span class='ocr_line' id='line_1_32' title="bbox 74 2095 1538 2140; baseline -0.003 -9"><span class='ocrx_word' id='word_1_270' title='bbox 74 2097 197 2140; x_wconf 61' lang='lat' dir='ltr'><strong>ficet-it</strong></span> <span class='ocrx_word' id='word_1_271' title='bbox 227 2107 272 2130; x_wconf 75' lang='lat' dir='ltr'><strong>ex</strong></span> <span class='ocrx_word' id='word_1_272' title='bbox 297 2107 392 2140; x_wconf 73' lang='lat' dir='ltr'><strong>aqua</strong></span> <span class='ocrx_word' id='word_1_273' title='bbox 419 2100 452 2130; x_wconf 80' lang='lat' dir='ltr'><strong>et</strong></span> <span class='ocrx_word' id='word_1_274' title='bbox 478 2096 620 2139; x_wconf 74' lang='lat' dir='ltr'><strong>Spiritu</strong></span> <span class='ocrx_word' id='word_1_275' title='bbox 650 2099 771 2130; x_wconf 65' lang='lat' dir='ltr'><strong>cando</strong></span> <span class='ocrx_word' id='word_1_276' title='bbox 801 2106 876 2130; x_wconf 79' lang='lat' dir='ltr'><strong>non</strong></span> <span class='ocrx_word' id='word_1_277' title='bbox 906 2095 1059 2129; x_wconf 74' lang='lat' dir='ltr'><strong>intrabit</strong></span> <span class='ocrx_word' id='word_1_278' title='bbox 1089 2095 1131 2127; x_wconf 79' lang='lat' dir='ltr'><strong>in</strong></span> <span class='ocrx_word' id='word_1_279' title='bbox 1161 2105 1310 2137; x_wconf 73' lang='lat' dir='ltr'><strong>reynum</strong></span> <span class='ocrx_word' id='word_1_280' title='bbox 1338 2095 1538 2137; x_wconf 79' lang='lat' dir='ltr'><strong>coelorum,-</strong></span> 
     </span>
     <span class='ocr_line' id='line_1_33' title="bbox 83 2139 1537 2186; baseline -0.001 -9"><span class='ocrx_word' id='word_1_281' title='bbox 83 2143 145 2177; x_wconf 74' lang='lat' dir='ltr'><strong>aed</strong></span> <span class='ocrx_word' id='word_1_282' title='bbox 158 2142 370 2186; x_wconf 69' lang='lat' dir='ltr'><strong>simpliciter</strong></span> <span class='ocrx_word' id='word_1_283' title='bbox 379 2143 515 2176; x_wconf 70' lang='lat' dir='ltr'><strong>dicitur</strong></span> <span class='ocrx_word' id='word_1_284' title='bbox 527 2142 572 2175; x_wconf 85' lang='lat' dir='ltr'><strong>ab</strong></span> <span class='ocrx_word' id='word_1_285' title='bbox 587 2142 727 2186; x_wconf 77' lang='lat' dir='ltr'><strong>inferni</strong></span> <span class='ocrx_word' id='word_1_286' title='bbox 740 2143 957 2177; x_wconf 79' lang='lat' dir='ltr'><strong>solummodo</strong></span> <span class='ocrx_word' id='word_1_287' title='bbox 969 2141 1185 2176; x_wconf 60' lang='lat' dir='ltr'><strong>cruciamus</strong></span> <span class='ocrx_word' id='word_1_288' title='bbox 1199 2141 1359 2182; x_wconf 77' lang='lat' dir='ltr'><strong>liberata,</strong></span> <span class='ocrx_word' id='word_1_289' title='bbox 1373 2145 1433 2175; x_wconf 79' lang='lat' dir='ltr'><strong>etc.</strong></span> <span class='ocrx_word' id='word_1_290' title='bbox 1464 2139 1537 2176; x_wconf 85' lang='lat' dir='ltr'><strong>Sed</strong></span> 
     </span>
     <span class='ocr_line' id='line_1_34' title="bbox 84 2185 1537 2234; baseline -0.001 -11"><span class='ocrx_word' id='word_1_291' title='bbox 84 2188 185 2234; x_wconf 87' lang='lat' dir='ltr'><strong>quod</strong></span> <span class='ocrx_word' id='word_1_292' title='bbox 201 2190 318 2234; x_wconf 82' lang='lat' dir='ltr'><strong>negat</strong></span> <span class='ocrx_word' id='word_1_293' title='bbox 334 2188 495 2223; x_wconf 78' lang='lat' dir='ltr'><strong>Ioannes</strong></span> <span class='ocrx_word' id='word_1_294' title='bbox 510 2187 709 2231; x_wconf 81' lang='lat' dir='ltr'><strong>Diaconus,</strong></span> <span class='ocrx_word' id='word_1_295' title='bbox 726 2190 857 2233; x_wconf 79' lang='lat' dir='ltr'><strong>postea</strong></span> <span class='ocrx_word' id='word_1_296' title='bbox 874 2188 1111 2224; x_wconf 77' lang='lat' dir='ltr'><strong>asseruerunt</strong></span> <span class='ocrx_word' id='word_1_297' title='bbox 1128 2198 1213 2221; x_wconf 87' lang='lat' dir='ltr'><strong>cum</strong></span> <span class='ocrx_word' id='word_1_298' title='bbox 1230 2186 1307 2228; x_wconf 85' lang='lat' dir='ltr'><strong>alii,</strong></span> <span class='ocrx_word' id='word_1_299' title='bbox 1325 2185 1429 2222; x_wconf 86' lang='lat' dir='ltr'><strong>inter</strong></span> <span class='ocrx_word' id='word_1_300' title='bbox 1444 2197 1537 2231; x_wconf 83' lang='lat' dir='ltr'><strong>quos</strong></span> 
     </span>
     <span class='ocr_line' id='line_1_35' title="bbox 85 2214 1536 2279; baseline 0 -9"><span class='ocrx_word' id='word_1_301' title='bbox 85 2237 169 2271; x_wconf 83' lang='lat' dir='ltr'><strong>erat</strong></span> <span class='ocrx_word' id='word_1_302' title='bbox 196 2237 328 2270; x_wconf 84' lang='lat' dir='ltr'><strong>auctor</strong></span> <span class='ocrx_word' id='word_1_303' title='bbox 354 2234 444 2270; x_wconf 84' lang='lat' dir='ltr'><strong>libri</strong></span> <span class='ocrx_word' id='word_1_304' title='bbox 467 2235 575 2270; x_wconf 72' lang='lat' dir='ltr'><strong>Ft&#39;ore</strong></span> <span class='ocrx_word' id='word_1_305' title='bbox 595 2236 636 2269; x_wconf 79' lang='lat' dir='ltr'><strong>di</strong></span> <span class='ocrx_word' id='word_1_306' title='bbox 655 2235 802 2277; x_wconf 75' lang='lat' dir='ltr'><strong>Filosofi</strong></span> <span class='ocrx_word' id='word_1_307' title='bbox 826 2234 1012 2270; x_wconf 87' lang='lat' dir='ltr'><strong>Brunetto</strong></span> <span class='ocrx_word' id='word_1_308' title='bbox 1036 2233 1171 2268; x_wconf 88' lang='lat' dir='ltr'><strong>Latino</strong></span> <span class='ocrx_word' id='word_1_309' title='bbox 1195 2214 1331 2269; x_wconf 82' lang='lat' dir='ltr'><strong>Dantis</strong></span> <span class='ocrx_word' id='word_1_310' title='bbox 1355 2233 1536 2279; x_wconf 81' lang='lat' dir='ltr'><strong>magistro</strong></span> 
     </span>
     <span class='ocr_line' id='line_1_36' title="bbox 85 2279 1534 2334; baseline -0.002 -16"><span class='ocrx_word' id='word_1_311' title='bbox 85 2281 264 2318; x_wconf 85' lang='lat' dir='ltr'><strong>attributi</strong></span> <span class='ocrx_word' id='word_1_312' title='bbox 277 2281 351 2327; x_wconf 79' lang='lat' dir='ltr'><strong>(ed.</strong></span> <span class='ocrx_word' id='word_1_313' title='bbox 364 2281 508 2317; x_wconf 90' lang='lat' dir='ltr'><strong>Bonon.</strong></span> <span class='ocrx_word' id='word_1_314' title='bbox 524 2282 611 2326; x_wconf 83' lang='lat'><strong>1865</strong></span> <span class='ocrx_word' id='word_1_315' title='bbox 593 2290 697 2327; x_wconf 91' lang='grc' dir='ltr'><strong>5,.ΡΡ</strong></span> <span class='ocrx_word' id='word_1_316' title='bbox 709 2281 940 2325; x_wconf 83' lang='lat' dir='ltr'><strong>60,61),tum</strong></span> <span class='ocrx_word' id='word_1_317' title='bbox 958 2280 1073 2317; x_wconf 87' lang='lat' dir='ltr'><strong>etiam</strong></span> <span class='ocrx_word' id='word_1_318' title='bbox 1090 2280 1155 2317; x_wconf 86' lang='lat' dir='ltr'><strong>et</strong></span> <span class='ocrx_word' id='word_1_319' title='bbox 1144 2291 1225 2334; x_wconf 77' lang='lat' dir='ltr'><strong>ipse</strong></span> <span class='ocrx_word' id='word_1_320' title='bbox 1242 2279 1384 2316; x_wconf 80' lang='lat' dir='ltr'><strong>Dantes</strong></span> <span class='ocrx_word' id='word_1_321' title='bbox 1399 2281 1534 2316; x_wconf 79' lang='lat' dir='ltr'><strong>Parod.</strong></span> 
     </span>
     <span class='ocr_line' id='line_1_37' title="bbox 85 2326 1536 2381; baseline -0.001 -17"><span class='ocrx_word' id='word_1_322' title='bbox 85 2339 147 2364; x_wconf 76' lang='lat'><strong>11.</strong></span> <span class='ocrx_word' id='word_1_323' title='bbox 165 2337 284 2374; x_wconf 84' lang='grc'><strong>44,45</strong></span> <span class='ocrx_word' id='word_1_324' title='bbox 305 2328 374 2381; x_wconf 84' lang='lat' dir='ltr'><strong>(cf.</strong></span> <span class='ocrx_word' id='word_1_325' title='bbox 381 2329 491 2373; x_wconf 66' lang='lat' dir='ltr'><em>Pur-9.</em></span> <span class='ocrx_word' id='word_1_326' title='bbox 503 2339 539 2362; x_wconf 89' lang='lat' dir='ltr'><strong>x.</strong></span> <span class='ocrx_word' id='word_1_327' title='bbox 557 2330 700 2373; x_wconf 85' lang='lat'><em>73-93).</em></span> <span class='ocrx_word' id='word_1_328' title='bbox 747 2327 842 2363; x_wconf 85' lang='lat' dir='ltr'><strong>Vide</strong></span> <span class='ocrx_word' id='word_1_329' title='bbox 859 2326 894 2363; x_wconf 92' lang='lat' dir='ltr'><strong>S.</strong></span> <span class='ocrx_word' id='word_1_330' title='bbox 914 2327 1043 2363; x_wconf 85' lang='lat' dir='ltr'><strong>Thom.</strong></span> <span class='ocrx_word' id='word_1_331' title='bbox 1059 2327 1118 2372; x_wconf 89' lang='lat' dir='ltr'><strong>Aq</strong></span> <span class='ocrx_word' id='word_1_332' title='bbox 1118 2326 1197 2362; x_wconf 90' lang='lat' dir='ltr'><strong>uin.</strong></span> <span class='ocrx_word' id='word_1_333' title='bbox 1216 2329 1257 2361; x_wconf 72' lang='lat' dir='ltr'><strong>in</strong></span> <span class='ocrx_word' id='word_1_334' title='bbox 1273 2328 1440 2362; x_wconf 75' lang='lat' dir='ltr'><strong>IVSent.</strong></span> <span class='ocrx_word' id='word_1_335' title='bbox 1452 2329 1536 2363; x_wconf 68' lang='lat' dir='ltr'><em>did.</em></span> 
     </span>
     <span class='ocr_line' id='line_1_38' title="bbox 247 2373 1535 2420; baseline -0.002 -9"><span class='ocrx_word' id='word_1_336' title='bbox 247 2386 269 2411; x_wconf 86' lang='lat'><em>2</em></span> <span class='ocrx_word' id='word_1_337' title='bbox 286 2387 347 2420; x_wconf 88' lang='lat' dir='ltr'><strong>qu.</strong></span> <span class='ocrx_word' id='word_1_338' title='bbox 363 2374 389 2410; x_wconf 91' lang='lat' dir='ltr'><strong>i.</strong></span> <span class='ocrx_word' id='word_1_339' title='bbox 407 2375 460 2419; x_wconf 88' lang='lat'><strong>2(</strong></span> <span class='ocrx_word' id='word_1_340' title='bbox 446 2375 677 2419; x_wconf 81' lang='lat' dir='ltr'><strong>(=Summae</strong></span> <span class='ocrx_word' id='word_1_341' title='bbox 695 2375 853 2419; x_wconf 73' lang='lat' dir='ltr'><strong>Theozoq.</strong></span> <span class='ocrx_word' id='word_1_342' title='bbox 868 2373 948 2409; x_wconf 66' lang='lat' dir='ltr'><strong>iiiw</strong></span> <span class='ocrx_word' id='word_1_343' title='bbox 962 2373 1083 2420; x_wconf 83' lang='lat' dir='ltr'><strong>partis</strong></span> <span class='ocrx_word' id='word_1_344' title='bbox 1098 2373 1284 2419; x_wconf 85' lang='lat' dir='ltr'><strong>supplem.</strong></span> <span class='ocrx_word' id='word_1_345' title='bbox 1303 2385 1365 2418; x_wconf 88' lang='lat' dir='ltr'><strong>qu.</strong></span> <span class='ocrx_word' id='word_1_346' title='bbox 1378 2373 1470 2408; x_wconf 88' lang='lat' dir='ltr'><strong>lxxi.</strong></span> <span class='ocrx_word' id='word_1_347' title='bbox 1487 2374 1535 2420; x_wconf 84' lang='lat'><strong>5),</strong></span> 
     </span>
     <span class='ocr_line' id='line_1_39' title="bbox 85 2377 1538 2468; baseline -0.002 -9.832"><span class='ocrx_word' id='word_1_348' title='bbox 85 2377 258 2467; x_wconf 52' lang='lat' dir='ltr'><strong>glut.</strong></span> <span class='ocrx_word' id='word_1_349' title='bbox 203 2424 258 2458; x_wconf 89' lang='lat'>1</span> <span class='ocrx_word' id='word_1_350' title='bbox 271 2424 365 2468; x_wconf 76' lang='lat' dir='ltr'><strong>quod</strong></span> <span class='ocrx_word' id='word_1_351' title='bbox 376 2423 527 2466; x_wconf 78' lang='lat' dir='ltr'><strong>defucto</strong></span> <span class='ocrx_word' id='word_1_352' title='bbox 542 2422 698 2457; x_wconf 74' lang='lat' dir='ltr'><strong>Traiani</strong></span> <span class='ocrx_word' id='word_1_353' title='bbox 706 2426 822 2466; x_wconf 76' lang='lat' dir='ltr'><strong>potest</strong></span> <span class='ocrx_word' id='word_1_354' title='bbox 831 2422 1066 2466; x_wconf 75' lang='lat' dir='ltr'><strong>probabiliter</strong></span> <span class='ocrx_word' id='word_1_355' title='bbox 1075 2423 1258 2456; x_wconf 59' lang='lat' dir='ltr'><strong>aestimari</strong></span> <span class='ocrx_word' id='word_1_356' title='bbox 1269 2422 1362 2466; x_wconf 71' lang='lat' dir='ltr'><strong>quod</strong></span> <span class='ocrx_word' id='word_1_357' title='bbox 1370 2422 1538 2465; x_wconf 72' lang='lat' dir='ltr'><strong>precibus</strong></span> 
     </span>
     <span class='ocr_line' id='line_1_40' title="bbox 86 2467 1536 2515; baseline -0.001 -11"><span class='ocrx_word' id='word_1_358' title='bbox 86 2470 132 2505; x_wconf 88' lang='grc' dir='ltr'><strong>Β.</strong></span> <span class='ocrx_word' id='word_1_359' title='bbox 148 2470 314 2515; x_wconf 64' lang='lat' dir='ltr'><strong>Greyom‘i</strong></span> <span class='ocrx_word' id='word_1_360' title='bbox 323 2471 372 2504; x_wconf 83' lang='lat' dir='ltr'><strong>ad</strong></span> <span class='ocrx_word' id='word_1_361' title='bbox 382 2469 614 2513; x_wconf 74' lang='lat' dir='ltr'><strong>oitamfuerit</strong></span> <span class='ocrx_word' id='word_1_362' title='bbox 630 2473 808 2504; x_wconf 75' lang='grc' dir='ltr'><strong>ποοσοτιιε</strong></span> <span class='ocrx_word' id='word_1_363' title='bbox 823 2473 855 2503; x_wconf 78' lang='lat' dir='ltr'><strong>et</strong></span> <span class='ocrx_word' id='word_1_364' title='bbox 870 2469 924 2503; x_wconf 80' lang='lat' dir='ltr'><strong>ita</strong></span> <span class='ocrx_word' id='word_1_365' title='bbox 937 2470 1095 2512; x_wconf 73' lang='lat' dir='ltr'><strong>qratiam</strong></span> <span class='ocrx_word' id='word_1_366' title='bbox 1111 2473 1313 2503; x_wconf 69' lang='lat' dir='ltr'><strong>consecutus</strong></span> <span class='ocrx_word' id='word_1_367' title='bbox 1324 2469 1383 2503; x_wconf 80' lang='grc' dir='ltr'><strong>εῖτ.</strong></span> <span class='ocrx_word' id='word_1_368' title='bbox 1433 2467 1536 2510; x_wconf 83' lang='lat' dir='ltr'><strong>Quod</strong></span> 
     </span>
     <span class='ocr_line' id='line_1_41' title="bbox 86 2514 1535 2561; baseline -0.001 -10"><span class='ocrx_word' id='word_1_369' title='bbox 86 2515 136 2552; x_wconf 79' lang='lat' dir='ltr'><strong>ad</strong></span> <span class='ocrx_word' id='word_1_370' title='bbox 149 2515 288 2552; x_wconf 87' lang='lat' dir='ltr'><strong>bonam</strong></span> <span class='ocrx_word' id='word_1_371' title='bbox 302 2514 458 2550; x_wconf 85' lang='lat' dir='ltr'><strong>Traiani</strong></span> <span class='ocrx_word' id='word_1_372' title='bbox 473 2526 523 2561; x_wconf 91' lang='lat' dir='ltr'><strong>ap</strong></span> <span class='ocrx_word' id='word_1_373' title='bbox 524 2515 575 2550; x_wconf 88' lang='lat' dir='ltr'><strong>ud</strong></span> <span class='ocrx_word' id='word_1_374' title='bbox 590 2514 821 2551; x_wconf 78' lang='lat' dir='ltr'><strong>Christianos</strong></span> <span class='ocrx_word' id='word_1_375' title='bbox 845 2515 986 2550; x_wconf 82' lang='lat' dir='ltr'><strong>famam</strong></span> <span class='ocrx_word' id='word_1_376' title='bbox 1008 2514 1189 2560; x_wconf 88' lang='lat' dir='ltr'><strong>pertinet,</strong></span> <span class='ocrx_word' id='word_1_377' title='bbox 1206 2514 1431 2550; x_wconf 81' lang='lat' dir='ltr'><strong>conferenda</strong></span> <span class='ocrx_word' id='word_1_378' title='bbox 1446 2517 1535 2550; x_wconf 82' lang='lat' dir='ltr'><strong>sunt</strong></span> 
     </span>
     <span class='ocr_line' id='line_1_42' title="bbox 87 2560 1536 2615; baseline -0.001 -18"><span class='ocrx_word' id='word_1_379' title='bbox 87 2561 225 2599; x_wconf 83' lang='lat' dir='ltr'><strong>ActaS.</strong></span> <span class='ocrx_word' id='word_1_380' title='bbox 237 2561 430 2598; x_wconf 76' lang='lat' dir='ltr'><strong>Eustathii</strong></span> <span class='ocrx_word' id='word_1_381' title='bbox 440 2560 568 2607; x_wconf 81' lang='lat' dir='ltr'><strong>spuria</strong></span> <span class='ocrx_word' id='word_1_382' title='bbox 581 2563 628 2607; x_wconf 87' lang='lat' dir='ltr'><strong>(v.</strong></span> <span class='ocrx_word' id='word_1_383' title='bbox 638 2562 720 2598; x_wconf 86' lang='lat' dir='ltr'><strong>Act.</strong></span> <span class='ocrx_word' id='word_1_384' title='bbox 730 2560 793 2597; x_wconf 92' lang='lat' dir='ltr'><strong>SS.</strong></span> <span class='ocrx_word' id='word_1_385' title='bbox 802 2561 962 2607; x_wconf 57' lang='lat' dir='ltr'><strong>Septsi.</strong></span> <span class='ocrx_word' id='word_1_386' title='bbox 973 2571 1048 2606; x_wconf 90' lang='lat'>132,</span> <span class='ocrx_word' id='word_1_387' title='bbox 1061 2563 1153 2606; x_wconf 82' lang='lat'><strong>134),</strong></span> <span class='ocrx_word' id='word_1_388' title='bbox 1162 2560 1228 2597; x_wconf 91' lang='lat' dir='ltr'><strong>ubi</strong></span> <span class='ocrx_word' id='word_1_389' title='bbox 1241 2561 1381 2615; x_wconf 74' lang='lat' dir='ltr'><strong>legitur</strong></span> <span class='ocrx_word' id='word_1_390' title='bbox 1396 2560 1432 2597; x_wconf 89' lang='lat' dir='ltr'><em>S.</em></span> <span class='ocrx_word' id='word_1_391' title='bbox 1448 2560 1536 2596; x_wconf 82' lang='lat' dir='ltr'><strong>Eus-</strong></span> 
     </span>
     <span class='ocr_line' id='line_1_43' title="bbox 85 2607 1535 2664; baseline 0 -19"><span class='ocrx_word' id='word_1_392' title='bbox 85 2608 265 2651; x_wconf 83' lang='lat' dir='ltr'><strong>tathium‚</strong></span> <span class='ocrx_word' id='word_1_393' title='bbox 275 2609 346 2645; x_wconf 84' lang='lat' dir='ltr'><strong>etsi</strong></span> <span class='ocrx_word' id='word_1_394' title='bbox 356 2608 588 2644; x_wconf 77' lang='lat' dir='ltr'><strong>Christianus</strong></span> <span class='ocrx_word' id='word_1_395' title='bbox 600 2611 707 2650; x_wconf 82' lang='lat' dir='ltr'><strong>esset,</strong></span> <span class='ocrx_word' id='word_1_396' title='bbox 720 2619 744 2644; x_wconf 85' lang='lat' dir='ltr'><strong>a</strong></span> <span class='ocrx_word' id='word_1_397' title='bbox 752 2607 913 2644; x_wconf 86' lang='lat' dir='ltr'><strong>Traiano</strong></span> <span class='ocrx_word' id='word_1_398' title='bbox 923 2611 966 2644; x_wconf 87' lang='lat' dir='ltr'><strong>ut</strong></span> <span class='ocrx_word' id='word_1_399' title='bbox 976 2607 1197 2654; x_wconf 80' lang='lat' dir='ltr'><strong>magistrum</strong></span> <span class='ocrx_word' id='word_1_400' title='bbox 1207 2607 1373 2644; x_wconf 88' lang='lat' dir='ltr'><strong>mihtum</strong></span> <span class='ocrx_word' id='word_1_401' title='bbox 1383 2608 1535 2664; x_wconf 79' lang='lat' dir='ltr'><strong>cingulo</strong></span> 
     </span>
     <span class='ocr_line' id='line_1_44' title="bbox 87 2654 1536 2711; baseline 0 -21"><span class='ocrx_word' id='word_1_402' title='bbox 87 2655 257 2692; x_wconf 78' lang='lat' dir='ltr'><strong>cinctum</strong></span> <span class='ocrx_word' id='word_1_403' title='bbox 278 2667 370 2697; x_wconf 76' lang='lat' dir='ltr'><strong>ease,</strong></span> <span class='ocrx_word' id='word_1_404' title='bbox 385 2655 450 2692; x_wconf 86' lang='lat' dir='ltr'><strong>sed</strong></span> <span class='ocrx_word' id='word_1_405' title='bbox 470 2657 622 2691; x_wconf 68' lang='lat' dir='ltr'><strong>alter-uam</strong></span> <span class='ocrx_word' id='word_1_406' title='bbox 646 2654 712 2711; x_wconf 77' lang='lat' dir='ltr'><strong>qui</strong></span> <span class='ocrx_word' id='word_1_407' title='bbox 735 2658 947 2691; x_wconf 81' lang='lat' dir='ltr'><strong>surrexerat</strong></span> <span class='ocrx_word' id='word_1_408' title='bbox 964 2667 1035 2700; x_wconf 78' lang='lat' dir='ltr'><strong>pro</strong></span> <span class='ocrx_word' id='word_1_409' title='bbox 1058 2667 1096 2691; x_wconf 80' lang='lat' dir='ltr'><strong>eo</strong></span> <span class='ocrx_word' id='word_1_410' title='bbox 1119 2657 1368 2700; x_wconf 66' lang='lat' dir='ltr'><strong>imperatorem</strong></span> <span class='ocrx_word' id='word_1_411' title='bbox 1391 2657 1536 2690; x_wconf 74' lang='lat' dir='ltr'><strong>nomine</strong></span> 
     </span>
     <span class='ocr_line' id='line_1_45' title="bbox 88 2702 1536 2755; baseline 0.001 -18"><span class='ocrx_word' id='word_1_412' title='bbox 88 2704 305 2745; x_wconf 72' lang='lat' dir='ltr'><strong>Acir-ionum,</strong></span> <span class='ocrx_word' id='word_1_413' title='bbox 318 2704 507 2748; x_wconf 65' lang='lat' dir='ltr'><strong>qentflem</strong></span> <span class='ocrx_word' id='word_1_414' title='bbox 490 2714 619 2748; x_wconf 65' lang='lat' dir='ltr'><strong>apsum,</strong></span> <span class='ocrx_word' id='word_1_415' title='bbox 626 2704 786 2747; x_wconf 74' lang='lat' dir='ltr'><strong>peiorem</strong></span> <span class='ocrx_word' id='word_1_416' title='bbox 796 2703 1048 2755; x_wconf 68' lang='lat' dir='ltr'><strong>impietatibus,</strong></span> <span class='ocrx_word' id='word_1_417' title='bbox 1061 2702 1222 2738; x_wconf 89' lang='lat' dir='ltr'><strong>eundem</strong></span> <span class='ocrx_word' id='word_1_418' title='bbox 1234 2713 1346 2747; x_wconf 88' lang='lat' dir='ltr'><strong>quem</strong></span> <span class='ocrx_word' id='word_1_419' title='bbox 1362 2702 1536 2738; x_wconf 86' lang='lat' dir='ltr'><strong>cinxerat</strong></span> 
     </span>
     <span class='ocr_line' id='line_1_46' title="bbox 86 2747 1536 2795; baseline 0.001 -12"><span class='ocrx_word' id='word_1_420' title='bbox 86 2747 269 2785; x_wconf 81' lang='lat' dir='ltr'><strong>Traianus</strong></span> <span class='ocrx_word' id='word_1_421' title='bbox 278 2749 409 2786; x_wconf 88' lang='lat' dir='ltr'><strong>bestiis</strong></span> <span class='ocrx_word' id='word_1_422' title='bbox 422 2749 597 2785; x_wconf 85' lang='lat' dir='ltr'><strong>obiecisse</strong></span> <span class='ocrx_word' id='word_1_423' title='bbox 607 2748 698 2794; x_wconf 86' lang='lat' dir='ltr'><strong>quia</strong></span> <span class='ocrx_word' id='word_1_424' title='bbox 711 2748 784 2785; x_wconf 86' lang='lat' dir='ltr'><strong>diis</strong></span> <span class='ocrx_word' id='word_1_425' title='bbox 798 2750 954 2795; x_wconf 86' lang='lat' dir='ltr'><strong>propter</strong></span> <span class='ocrx_word' id='word_1_426' title='bbox 964 2748 1160 2784; x_wconf 85' lang='lat' dir='ltr'><strong>victoriam</strong></span> <span class='ocrx_word' id='word_1_427' title='bbox 1174 2748 1383 2786; x_wconf 83' lang='lat' dir='ltr'><strong>sacrificare</strong></span> <span class='ocrx_word' id='word_1_428' title='bbox 1398 2748 1536 2785; x_wconf 89' lang='lat' dir='ltr'><strong>noluis-</strong></span> 
     </span>
     <span class='ocr_line' id='line_1_47' title="bbox 88 2795 1535 2849; baseline 0 -17"><span class='ocrx_word' id='word_1_429' title='bbox 88 2797 168 2838; x_wconf 57' lang='grc' dir='ltr'><strong>σοὺς</strong></span> <span class='ocrx_word' id='word_1_430' title='bbox 185 2795 286 2849; x_wconf 78' lang='lat' dir='ltr'><strong>quod</strong></span> <span class='ocrx_word' id='word_1_431' title='bbox 302 2796 350 2832; x_wconf 86' lang='lat' dir='ltr'><strong>ad</strong></span> <span class='ocrx_word' id='word_1_432' title='bbox 364 2796 498 2832; x_wconf 83' lang='lat' dir='ltr'><strong>viduae</strong></span> <span class='ocrx_word' id='word_1_433' title='bbox 512 2798 551 2832; x_wconf 88' lang='lat' dir='ltr'><strong>et</strong></span> <span class='ocrx_word' id='word_1_434' title='bbox 562 2795 797 2841; x_wconf 87' lang='lat' dir='ltr'><strong>imperatoris</strong></span> <span class='ocrx_word' id='word_1_435' title='bbox 809 2795 1044 2841; x_wconf 84' lang='lat' dir='ltr'><strong>colloquium,</strong></span> <span class='ocrx_word' id='word_1_436' title='bbox 1055 2806 1133 2830; x_wconf 88' lang='lat' dir='ltr'><strong>rem</strong></span> <span class='ocrx_word' id='word_1_437' title='bbox 1145 2795 1247 2831; x_wconf 85' lang='lat' dir='ltr'><strong>haud</strong></span> <span class='ocrx_word' id='word_1_438' title='bbox 1258 2795 1476 2832; x_wconf 57' lang='lat' dir='ltr'><strong>disimilem</strong></span> <span class='ocrx_word' id='word_1_439' title='bbox 1488 2795 1535 2832; x_wconf 85' lang='lat' dir='ltr'><strong>de</strong></span> 
     </span>
     <span class='ocr_line' id='line_1_48' title="bbox 14 2822 1535 2889; baseline 0 -11"><span class='ocrx_word' id='word_1_440' title='bbox 14 2869 24 2878; x_wconf 90' lang='lat'><em>.</em></span> <span class='ocrx_word' id='word_1_441' title='bbox 89 2822 282 2878; x_wconf 77' lang='lat' dir='ltr'><strong>Hadriano</strong></span> <span class='ocrx_word' id='word_1_442' title='bbox 307 2844 365 2888; x_wconf 89' lang='lat' dir='ltr'><strong>(ut</strong></span> <span class='ocrx_word' id='word_1_443' title='bbox 382 2842 562 2879; x_wconf 85' lang='lat' dir='ltr'><strong>indicavit</strong></span> <span class='ocrx_word' id='word_1_444' title='bbox 579 2842 626 2878; x_wconf 90' lang='lat' dir='ltr'><em>H.</em></span> <span class='ocrx_word' id='word_1_445' title='bbox 645 2842 683 2877; x_wconf 74' lang='lat' dir='ltr'><em>F.</em></span> <span class='ocrx_word' id='word_1_446' title='bbox 700 2842 797 2889; x_wconf 79' lang='lat' dir='ltr'><strong>Cary</strong></span> <span class='ocrx_word' id='word_1_447' title='bbox 812 2843 860 2879; x_wconf 82' lang='lat' dir='ltr'><strong>ad</strong></span> <span class='ocrx_word' id='word_1_448' title='bbox 884 2842 1009 2879; x_wconf 88' lang='lat' dir='ltr'><strong>locum</strong></span> <span class='ocrx_word' id='word_1_449' title='bbox 1034 2842 1169 2879; x_wconf 86' lang='lat' dir='ltr'><strong>Dantis</strong></span> <span class='ocrx_word' id='word_1_450' title='bbox 1193 2844 1403 2888; x_wconf 72' lang='lat' dir='ltr'><strong>Furyatorc‘i</strong></span> <span class='ocrx_word' id='word_1_451' title='bbox 1422 2853 1535 2888; x_wconf 84' lang='lat' dir='ltr'><strong>supra</strong></span> 
     </span>
     <span class='ocr_line' id='line_1_49' title="bbox 90 2887 719 2935; baseline 0.002 -10"><span class='ocrx_word' id='word_1_452' title='bbox 90 2887 170 2935; x_wconf 79' lang='lat' dir='ltr'><strong>cit.)</strong></span> <span class='ocrx_word' id='word_1_453' title='bbox 187 2891 317 2926; x_wconf 81' lang='lat' dir='ltr'><strong>narrat</strong></span> <span class='ocrx_word' id='word_1_454' title='bbox 330 2888 403 2926; x_wconf 87' lang='lat' dir='ltr'><strong>Dio</strong></span> <span class='ocrx_word' id='word_1_455' title='bbox 419 2888 563 2926; x_wconf 80' lang='lat' dir='ltr'><strong>Cassius</strong></span> <span class='ocrx_word' id='word_1_456' title='bbox 577 2888 667 2926; x_wconf 85' lang='lat' dir='ltr'><strong>lxix.</strong></span> <span class='ocrx_word' id='word_1_457' title='bbox 685 2891 719 2926; x_wconf 91' lang='lat'><em>6.</em></span> 
     </span>
    </p>
   </div>
   <div class='ocr_carea' id='block_1_5' title="bbox 1363 2966 1427 3002">
    <p class='ocr_par' dir='ltr' id='par_1_5' title="bbox 1363 2966 1427 3002">
     <span class='ocr_line' id='line_1_50' title="bbox 1363 2966 1427 3002; baseline -0.016 0"><span class='ocrx_word' id='word_1_458' title='bbox 1363 2966 1427 3002; x_wconf 77' lang='lat'><strong>317</strong></span> 
     </span>
    </p>
   </div>
  </div>
 </body>
</html>
