1878 3172
170 145 250 196 387
268 144 298 186 d
451 173 454 176 -
636 142 896 188 IOANNIS
936 140 1448 186 SARESBERIENSIS
1621 140 1732 202 [ΗΒ.
1753 152 1773 186 1

266 269 295 309 d
311 265 489 308 testudo
526 265 674 308 locuta
713 267 791 314 est,
832 266 912 306 aut
951 262 1069 319 quod
1109 262 1300 305 rusticus
1340 262 1562 306 urbanum
1599 276 1772 306 murem

311 349 411 377 mus
444 348 637 391 paupere
671 336 789 377 tecto
823 332 1050 389 acceperit,
1083 334 1128 374 et
1167 331 1353 384 similia;
1401 331 1478 374 sed
1516 331 1626 389 quin
1664 331 1773 375 haec

310 403 524 460 figmenta
565 406 742 446 nostrae
791 401 1066 444 famulentur
1112 401 1408 453 instructioni,
1447 415 1536 444 non
1584 400 1774 459 ambigo.
1846 396 1852 403 ’

313 472 435 516 Haec
475 487 648 529 quoque
685 472 793 528 ipsa,
829 471 990 528 quibus
1028 471 1287 527 plerumque
1326 474 1441 522 utor,
1475 471 1621 514 aliena
1653 473 1773 523 sunt,

310 541 397 584 nisi
429 542 534 598 quia
568 540 777 598 quicquid
810 540 975 597 ubique
1005 540 1117 582 bene
1151 539 1319 583 dictum
1354 542 1434 592 est,
1464 538 1580 583 facio
1613 553 1773 591 meum,
1792 552 1812 586 ⁵

310 614 357 654 et
394 611 505 653 illud
543 625 662 653 nunc
699 610 809 653 meis
847 610 905 652 ad
945 609 1265 666 compendium,
1304 623 1422 653 nunc
1460 609 1518 652 ad
1556 609 1688 653 fidem
1727 612 1775 652 et

310 681 620 723 auctoritatem
646 680 801 722 alienis
830 679 1030 736 exprimo
1059 678 1218 722 uerbis.
1278 678 1337 722 Et
1362 678 1469 736 quia
1491 678 1625 722 semel
1650 678 1773 735 coepi

311 749 507 792 reuelare
538 749 699 792 mentis
730 749 935 799 archana,
970 748 1272 805 arrogantiam
1303 762 1447 791 meam
1486 747 1660 805 plenius
1697 747 1772 791 de-

311 819 498 861 nudabo.
549 819 713 861 Omnes
733 833 837 875 ergo
857 818 934 874 qui
953 818 1088 861 michi
1108 817 1156 859 in
1175 818 1313 861 uerbo
1332 821 1412 860 aut
1430 832 1561 875 opere
1580 818 1772 875 philoso-

310 889 499 945 phantes
538 892 784 938 occurrunt,
819 901 938 930 meos
977 887 1159 930 clientes
1196 901 1291 931 esse
1331 887 1533 939 arbitror,
1569 891 1615 931 et
1653 887 1771 945 quod
1793 899 1834 925 ιο

310 957 454 999 maius
484 959 562 1007 est,
593 956 727 999 michi
756 956 942 999 uendico
971 956 1019 998 in
1049 956 1338 1008 seruitutem;
1372 956 1482 1015 adeo
1511 956 1689 1013 quidem
1717 959 1772 1000 ut

311 1026 359 1068 in
388 1025 703 1068 traditionibus
737 1025 829 1068 suis
859 1025 1024 1082 seipsos
1061 1039 1142 1082 pro
1176 1040 1246 1068 me
1280 1025 1445 1083 linguis
1473 1025 1669 1069 obiciant
1696 1026 1771 1069 de-

165 1095 244 1144 388
264 1107 294 1136 a
311 1097 565 1138 tractorum.
639 1094 757 1137 Nam
793 1097 838 1137 et
877 1095 976 1137 illos
1009 1095 1142 1138 laudo
1177 1097 1389 1139 auctores,
1462 1095 1618 1151 Neque
1653 1095 1771 1138 enim

310 1164 614 1207 Alexandrum
637 1164 732 1207 uidi
758 1164 831 1206 uel
861 1163 1087 1207 Cesarem:
1119 1179 1199 1207 nec
1228 1164 1454 1207 Socratem
1483 1164 1771 1220 Zenonemue,

310 1233 537 1276 Platonem
558 1236 638 1276 aut
657 1233 932 1276 Aristotilem
953 1234 1231 1290 disputantes
1250 1234 1427 1286 audiui3
1456 1233 1511 1276 de
1531 1234 1600 1277 his
1620 1237 1771 1277 tamen
1790 1249 1832 1285 15

311 1306 357 1346 et
405 1303 505 1346 aliis
553 1317 691 1359 aeque
739 1303 905 1359 ignotis
953 1303 1010 1345 ad
1053 1302 1297 1345 utilitatem
1345 1303 1588 1360 legentium
1636 1303 1772 1347 retuli

310 1373 512 1430 plurima.
592 1371 711 1415 Cedo
750 1375 899 1414 tamen
943 1387 999 1414 ne
1037 1372 1193 1414 uidear
1237 1372 1518 1415 contentione
1565 1372 1771 1430 gaudere,

311 1445 357 1484 et
390 1456 459 1483 me
494 1441 694 1484 officiosis
729 1441 874 1484 fateor
907 1455 1037 1483 usum
1071 1456 1164 1484 esse
1197 1441 1449 1492 mendaciis,
1484 1444 1529 1484 et
1562 1442 1600 1484 si
1640 1442 1772 1486 aliter

309 1512 508 1554 aemulus
537 1525 627 1553 non
656 1511 852 1567 quiescit,
883 1511 1090 1567 quoniam
1121 1513 1167 1553 et
1195 1525 1276 1568 ego
1306 1525 1453 1553 meum
1483 1510 1770 1554 Cornificium

309 1581 448 1622 habeo
492 1583 538 1622 et
577 1579 840 1630 Lanuinum,
874 1582 967 1622 'me·
987 1579 1203 1622 mendacii
1243 1594 1366 1622 reum
1406 1594 1498 1622 esse
1532 1581 1769 1632 consentio,
1789 1595 1834 1619 20

275 1661 288 1709 ι
310 1650 387 1706 qui
407 1649 621 1706 scriptum
640 1649 757 1699 noui,
771 1649 876 1705 quia
894 1649 1037 1691 omnis
1057 1649 1187 1691 homo
1207 1649 1422 1701 mendax;
1451 1648 1560 1691 adeo
1576 1649 1768 1706 quidem,

282 1710 289 1743 ⁹
311 1721 364 1761 ut
398 1733 478 1761 nec
511 1721 689 1761 uastum
723 1720 887 1774 pectus,
919 1718 1125 1774 turgidus
1156 1721 1325 1770 uenter,
1355 1718 1530 1761 tumida
1559 1717 1694 1762 facies
1725 1723 1772 1763 et

311 1788 568 1840 rubicunda,
600 1787 755 1844 lingua
793 1802 956 1844 procax
990 1787 1157 1830 insulsa
1196 1790 1241 1830 et
1275 1788 1472 1844 paratior
1505 1802 1649 1832 mores
1677 1804 1770 1832 cor-

309 1858 462 1900 rodere
501 1857 666 1900 alienos
712 1871 843 1913 quam
882 1857 1099 1913 corrigere
1147 1872 1260 1908 suos,
1298 1860 1499 1900 nostrum
1548 1858 1770 1915 exceperit

312 1926 574 1970 Lanuinum,
634 1926 744 1979 Quis
764 1926 857 1982 ipse
877 1927 947 1978 sit,
968 1926 1054 1968 nisi
1080 1926 1138 1968 ab
1163 1926 1338 1969 iniuriis
1364 1930 1591 1984 temperet,
1611 1928 1767 1980 dicam,
1788 1945 1805 1969 ο
1811 1945 1830 1980 5

264 1997 293 2035 b
312 1999 357 2038 et
404 1996 534 2052 plane
577 1999 807 2052 cognoscet
847 1996 951 2051 quia
990 1996 1288 2038 inueteratum
1328 2011 1420 2039 esse
1465 1997 1641 2053 plenam
1679 2011 1770 2039 non

310 2064 482 2108 confert
501 2079 580 2107 nec
599 2065 819 2121 integram
839 2067 989 2108 seruat
1009 2065 1331 2110 auctoritatem.
1390 2065 1602 2109 Procedat
1621 2069 1772 2109 tamen

310 2137 356 2176 et
384 2134 591 2190 publicet,
621 2136 782 2190 arguat
810 2149 958 2176 meum
989 2135 1160 2177 ratione
1191 2135 1263 2177 uel
1297 2135 1561 2178 auctoritate
1591 2135 1771 2178 menda-

309 2203 437 2253 cium,
459 2205 503 2245 et
523 2218 604 2260 ego
623 2203 695 2245 uel
716 2203 772 2245 ad
796 2203 963 2246 inimici
984 2218 1135 2246 uocem
1160 2219 1249 2246 non
1277 2203 1497 2262 refugiam
1523 2201 1770 2257 emendari3

314 2313 328 2338 1
349 2302 540 2347 loquutaS
644 2313 664 2338 2
690 2301 897 2348 susceperit
914 2301 954 2338 M
1072 2311 1096 2347 9
1118 2301 1438 2348 phylosophantes
1456 2301 1496 2337 M
1614 2311 1658 2347 19
1682 2301 1769 2338 Cor-

311 2349 483 2385 nificium
501 2361 626 2385 meum
643 2350 677 2384 A

363 2447 375 2471 1
404 2439 558 2472 rusticus
575 2439 646 2473 etc.
664 2450 672 2474 :
700 2438 791 2473 Hor.
805 2439 878 2472 Sat.
892 2436 933 2472 ii.
947 2437 981 2472 6.
995 2438 1050 2472 80.
1171 2446 1213 2480 19
1241 2436 1474 2480 Cornificium
1490 2434 1594 2471 inter
1608 2435 1770 2482 Vergilii

311 2483 582 2519 obtrectatores
610 2486 796 2520 memorat
818 2483 989 2519 Donatus
1014 2483 1055 2518 in
1073 2483 1164 2519 Vita
1187 2482 1358 2529 Vergilii.
1409 2481 1470 2518 Sic
1495 2482 1537 2517 in
1561 2483 1770 2528 Metaloqico

312 2530 337 2565 i.
363 2541 392 2574 1,
415 2541 435 2565 2
458 2530 551 2565 alibi
576 2531 765 2575 quendam
789 2531 1030 2576 eloquentiae
1057 2530 1172 2566 immo
1196 2529 1315 2566 totius
1339 2528 1602 2575 philosophiae
1623 2529 1771 2576 impug-

310 2579 492 2620 natorem,
519 2578 670 2613 nomine
695 2590 779 2614 vero
805 2590 1010 2624 suppresso,
1037 2578 1211 2623 designat
1235 2577 1393 2613 Ioannes
1417 2578 1554 2613 noster.
1722 2587 1771 2613 20

311 2626 545 2659 Lanuinum:
584 2624 756 2660 Luscium
789 2625 986 2661 Lavinium
1019 2637 1084 2661 seu
1118 2624 1326 2660 Lanvinum
1360 2635 1426 2660 seu
1459 2623 1694 2660 Lanuvinum
1726 2624 1769 2660 in

311 2671 476 2716 prologis
505 2670 740 2707 Terentianis
765 2674 929 2708 veterem
958 2675 1110 2718 poetam
1134 2672 1397 2717 nuncupatum
1426 2670 1578 2716 respicit
1607 2671 1769 2708 Ioannes

311 2719 358 2753 ad
376 2718 589 2763 exemplum
607 2718 759 2755 Hieron.
776 2721 883 2765 Apol.
901 2722 978 2755 adv.
996 2721 1122 2765 Rufin.
1139 2731 1172 2756 c.
1188 2730 1243 2765 30.
1293 2718 1346 2754 Of.
1365 2716 1459 2754 Gell.
1476 2729 1532 2754 xv.
1551 2728 1608 2762 24.
1720 2728 1764 2755 21

310 2767 427 2802 omnis
441 2766 544 2801 homo
561 2768 741 2801 mendax:
775 2766 832 2802 Ps.
851 2778 929 2803 cxv.
951 2777 1003 2803 11.

421 2836 508 2870 16.
