1878 3172
178 219 258 260 547
276 210 305 249 b
649 208 912 252 IOANNIS
952 207 1464 253 SARESBERIENSIS
1631 209 1739 266 [ΜΒ.
1755 219 1787 251 v

321 362 426 420 Cap.
457 371 495 417 5.
550 362 673 416 Quae
695 377 819 420 pena
848 362 1090 406 immineat
1116 362 1187 406 his
1215 362 1300 420 qui
1331 361 1564 406 ‘ministris
1589 361 1786 406 ecclesiae

435 432 717 489 locorumque
749 431 1088 476 uenerabilium
1127 431 1339 476 iniurias
1376 431 1589 488 inferunt
1601 449 1620 481 ,·
1661 434 1701 474 et
1731 431 1785 474 de

429 501 698 558 priuileyiis
728 502 926 545 locorum
956 501 1294 546 uenerabilium
1310 520 1329 553 ;
1359 505 1399 546 et
1427 496 1546 559 quod
1570 501 1786 546 absolutio

435 586 513 614 ‘nec
527 585 612 627 per
629 570 734 614 uim
749 572 1000 628 emtorqueri
1014 586 1093 614 rnec
1108 570 1289 627 surripi
1302 575 1440 628 potest
1453 585 1538 628 per
1547 570 1784 628 fraudem.

377 662 434 705 In
472 662 543 705 his
582 665 732 705 autem
771 661 847 718 qui
887 661 986 704 iura
1025 662 1180 704 diuina
1216 662 1485 713 ministrant,
1519 662 1640 706 Deus
1679 676 1784 719 prae
1806 676 1824 709 5

279 742 304 771 c
321 731 476 790 ceteris
502 731 745 773 honoratur
771 733 851 773 aut
877 730 1112 788 spernitur,
1133 745 1233 773 cum
1260 730 1436 774 illorum
1467 731 1677 775 honorem
1701 735 1781 775 aut

319 802 621 856 contemptum
641 799 869 856 proprium
895 802 1083 856 reputet.
1143 799 1261 843 Hinc
1291 802 1359 842 est
1381 800 1517 843 illud:
1548 800 1643 858 Ego
1663 800 1784 843 dixi:

319 870 395 912 Dii
430 870 562 922 estis3
599 871 667 911 et:
709 868 848 911 Labia
892 869 1131 912 sacerdotis
1170 869 1427 913 custodiunt
1461 869 1702 922 scientiam,
1734 873 1779 912 et

252 965 254 967 -
317 940 459 998 legem
489 938 723 995 requirunt
752 953 808 980 ex
832 953 906 981 ore
934 938 1040 993 eius,
1068 939 1172 995 quia
1198 932 1390 997 angelus⁴
1408 939 1589 983 Domini
1619 940 1782 982 exerci-

317 1012 447 1052 tuum
487 1011 564 1051 est.
623 1007 729 1065 Ipsa
759 1022 932 1064 quoque
967 1008 1143 1051 Veritas
1176 1009 1263 1051 ait:
1306 1008 1394 1061 Qui
1432 1023 1512 1052 uos
1543 1009 1682 1060 audit,
1713 1024 1783 1052 me
1806 1030 1846 1053 ιο

319 1078 472 1131 audit3
502 1078 578 1134 qui
599 1092 678 1120 uos
698 1074 866 1134 recipit,
879 1091 950 1120 me
970 1077 1138 1134 recipit,
1158 1079 1203 1120 et
1223 1077 1299 1135 qui
1319 1092 1399 1121 uos
1419 1078 1598 1134 spernit,
1614 1078 1783 1134 spernit

320 1162 421 1190 eum
456 1147 533 1203 qui
566 1161 637 1189 me
670 1146 818 1199 misit3
861 1148 929 1189 et:
972 1146 1060 1199 Qui
1095 1146 1242 1204 tangit
1271 1161 1362 1198 uos,
1391 1147 1540 1204 tangit
1568 1147 1782 1204 pupillam

319 1215 433 1259 oculi
454 1216 552 1258 mei.

377 1285 463 1328 Illa
481 1300 588 1329 uero
607 1286 866 1336 reuerentia,
887 1300 998 1343 quae
1024 1286 1071 1328 in
1102 1300 1250 1329 rerum
1269 1285 1552 1330 ueneratione
1571 1286 1784 1339 consistit,

319 1354 555 1411 multiplex
585 1357 662 1397 est.
733 1354 827 1398 Aut
857 1355 974 1398 enim
1003 1354 1249 1411 corporales
1279 1369 1348 1397 res
1382 1357 1498 1406 sunt,
1525 1357 1578 1398 ut
1607 1355 1708 1399 edes
1738 1359 1783 1399 et
1804 1359 1843 1402 15'

319 1423 414 1466 loca
443 1438 566 1466 sacra
596 1426 641 1466 et
671 1438 783 1480 quae
812 1424 897 1481 piis
927 1423 1133 1466 dicantur
1166 1423 1319 1466 usibus
1353 1425 1398 1466 et
1428 1423 1641 1466 sacrificia
1671 1439 1783 1481 quae

319 1492 555 1535 uisibiliter
575 1494 856 1544 exercentur;
887 1495 967 1535 aut
986 1492 1290 1549 incorporales,
1310 1493 1363 1534 ut
1381 1491 1480 1534 iura
1510 1506 1622 1548 quae
1649 1494 1783 1536 sacris

319 1561 450 1603 rebus
470 1564 738 1618 competunt,
754 1577 866 1618 quae
881 1564 1094 1604 temerare
1114 1560 1391 1617 sacrilegium
1412 1562 1479 1603 est
1498 1564 1639 1604 morte
1659 1562 1783 1619 pian-

276 1632 306 1672 d
322 1629 428 1672 dum
448 1630 591 1673 aliaue
611 1645 725 1687 pena
744 1630 1006 1687 grauissima
1025 1645 1105 1686 pro
1125 1629 1340 1686 qualitate
1359 1629 1551 1673 admissi.
1617 1630 1781 1673 Rerum

255 1746 261 1750 Ὗ
319 1713 424 1756 ergo
453 1713 676 1742 sacrarum
705 1699 1008 1741 immunitates
1033 1698 1288 1751 conuellere,
1307 1698 1534 1756 insurgere
1561 1700 1610 1742 in
1638 1700 1781 1743 Deum
1803 1718 1845 1742 20

318 1771 385 1811 est
409 1771 455 1810 et
479 1767 604 1824 quasi
630 1767 864 1810 uendicare
895 1782 995 1810 eum
1025 1768 1072 1809 in
1102 1767 1372 1810 seruitutem.
1433 1768 1491 1810 Et
1518 1768 1695 1825 quidem
1725 1769 1780 1812 de

317 1837 412 1879 iure
443 1836 595 1879 diuino
625 1851 705 1893 pro
739 1851 785 1879 se
815 1839 993 1893 possent
1021 1836 1164 1878 multa
1197 1836 1394 1893 proponi,
1422 1837 1498 1879 sed
1527 1839 1580 1879 ut
1611 1838 1780 1881 emulae

317 1906 551 1962 potestatis
589 1921 679 1948 non
713 1906 977 1962 obloquatur
1017 1906 1212 1956 audacia,
1243 1905 1291 1947 in
1330 1906 1412 1949 hac
1451 1908 1577 1962 parte
1611 1909 1782 1950 statuta

317 1974 567 2031 principum
593 1974 728 2017 latius
758 1978 803 2017 et
826 1975 1060 2032 benignius
1084 1977 1251 2031 patent,
1272 1988 1384 2030 quae
1410 1974 1542 2017 fidem
1566 1974 1780 2019 Christia-

317 2058 421 2086 nam
451 2046 722 2087 uenerantur
750 2046 795 2087 et
823 2044 1072 2101 approbant
1106 2046 1152 2086 et
1181 2043 1459 2086 ecclesiarum
1488 2046 1534 2086 et
1559 2044 1779 2088 ministro·
1802 2062 1818 2085 2
1824 2062 1842 2095 5

318 2128 417 2155 rum
444 2113 727 2169 omniumque
753 2113 947 2156 locorum
971 2113 1290 2156 uenerabilium
1317 2113 1551 2170 priuilegia
1574 2114 1781 2157 uniuersa

317 2181 592 2226 confirmant.
654 2182 763 2235 Quis
794 2182 911 2225 enim
938 2182 1161 2239 principis,
1180 2181 1305 2224 cuius
1334 2182 1545 2225 memoria
1572 2182 1619 2224 in
1649 2183 1780 2225 bene-

317 2251 508 2294 dictione
523 2254 591 2294 est
605 2251 893 2309 (Archadium
908 2249 1090 2308 loquor),
1103 2250 1462 2294 constitutionem
1477 2266 1566 2294 non
1581 2251 1779 2294 audiuit?

317 2319 366 2362 Si
407 2320 505 2376 quis
544 2321 591 2363 in
630 2321 712 2364 hoc
751 2335 890 2377 genus
924 2319 1141 2376 sacrilegii
1170 2320 1385 2376 prorupit,
1414 2322 1467 2363 ut
1497 2320 1545 2362 in
1580 2321 1780 2364 ecclesias

316 2389 553 2432 catholicas
579 2389 751 2432 irruens
773 2389 1072 2432 sacerdotibus
1093 2391 1138 2431 et
1157 2388 1373 2431 ministris
1392 2389 1464 2432 uel
1483 2389 1531 2431 in
1551 2390 1646 2446 ipso
1661 2389 1781 2433 culto
1800 2408 1841 2440 30

316 2457 410 2500 loco
440 2458 609 2514 aliquid
638 2458 848 2514 importet
876 2457 1076 2508 iniuriae,
1107 2457 1224 2514 quod
1252 2457 1424 2515 geritur
1462 2472 1489 2500 a
1527 2457 1779 2514 prouinciae

318 2538 753 2603 Μ
767 2558 999 2593 uenerantur
1014 2569 1083 2593 om.
1100 2558 1140 2594 et
1157 2556 1197 2592 M
1325 2567 1380 2603 30,
1401 2566 1442 2602 31
1471 2556 1575 2593 cultu
1591 2555 1720 2594 locoue
1739 2557 1779 2592 M

364 2645 385 2680 7
411 2638 487 2681 qu
504 2639 585 2672 dixi
606 2640 702 2674 etc.:
727 2638 785 2674 Ps.
811 2637 928 2674 lxxxi.
954 2638 989 2674 6.
1179 2639 1200 2675 8
1226 2639 1343 2673 Labia
1369 2639 1463 2674 etc.:
1491 2637 1651 2674 Malach.
1676 2637 1717 2674 ii.
1742 2647 1777 2683 7.

320 2693 365 2719 10
391 2685 462 2727 Qui
478 2696 542 2719 uos
559 2688 663 2720 audit
679 2687 778 2722 etc.:
803 2685 894 2722 Luc.
911 2697 947 2721 x.
968 2686 1031 2729 16;
1058 2685 1167 2721 Matt.
1189 2697 1223 2722 x.
1242 2696 1297 2730 40.
1508 2695 1548 2720 12
1576 2687 1647 2728 Qui
1663 2687 1779 2729 canuit

317 2732 413 2765 etc.:
454 2730 561 2766 Zach.
587 2731 626 2768 ii.
657 2733 689 2768 8.
744 2735 883 2778 tanyit:
924 2735 1076 2777 tetiyerit
1101 2732 1236 2778 Vulg.;
1276 2731 1323 2768 cf.
1353 2730 1524 2767 Sabatier
1555 2732 1650 2768 Bibl.
1678 2733 1777 2768 sacr.

315 2778 396 2812 Lat.
419 2778 513 2812 Vers.
531 2779 657 2832 Antiq.
677 2778 717 2814 ii.
734 2781 813 2825 987.
956 2788 1010 2824 27,
1031 2781 1075 2815 28
1099 2781 1202 2815 cuius
1218 2780 1389 2814 memoria
1406 2781 1446 2813 in
1463 2779 1696 2814 benedictione
1705 2785 1775 2815 est:

316 2824 361 2859 de
380 2823 517 2870 Moyse,
538 2824 641 2861 Ecch
658 2825 734 2862 xlv.
754 2836 784 2863 1.
928 2836 974 2872 29
998 2828 1041 2863 Si
1056 2829 1136 2872 quis
1152 2828 1248 2863 etc.:
1273 2825 1363 2862 Cod.
1380 2824 1515 2861 Iustin.
1532 2825 1556 2860 i.
1577 2836 1597 2871 3
1616 2825 1634 2872 §
1657 2837 1710 2863 10.

426 2901 490 2943 296
