1820 3138
812 124 1261 170 PROLEGOMENA.

305 241 419 286 liber
441 243 629 300 *quidam
658 243 712 286 de
741 243 1128 300 Interpretatione
1152 244 1401 289 nominum
1433 244 1768 291 Hebraicorum

307 326 395 368 quo
414 311 602 355 fortasse
620 326 727 355 usus
746 315 814 356 est
828 312 1039 367 Ioannes3
1065 313 1168 357 uide
1183 314 1547 357 commentarium
1566 318 1774 359 nostrum

307 380 364 423 ad
384 380 548 424 Polior.
570 381 662 424 viii.
686 394 752 427 22.

366 449 543 494 PETRVS
564 450 815 494 DAMIANVS
831 451 879 493 in
893 451 1088 508 capitulo
1104 450 1262 495 ultimo
1277 451 1417 495 libelli
1427 452 1481 496 de
1493 452 1771 497 Nouissv'zmis

305 522 347 575 ct
362 518 642 563 Antichristo
662 519 790 577 signa
809 519 1059 576 quindecim
1079 520 1267 563 totidem
1286 521 1458 564 dierum
1478 521 1594 565 diem
1618 521 1770 565 iudicii

306 587 662 644 praecedentium
692 591 871 632 auctore
901 589 1187 645 Hieronymo,
1216 592 1269 632 ut
1298 589 1364 632 ait
1393 589 1498 647 ipse,
1528 590 1772 642 enumerat,

306 656 361 699 de
381 656 542 713 quibus
561 657 712 714 agitur
737 657 784 699 in
804 657 892 700 fine
911 656 1080 700 Polior.
1101 656 1148 700 ii.
1174 669 1238 700 11.
1298 657 1412 701 Vide
1432 657 1553 701 infra
1571 658 1627 702 de
1649 660 1770 702 APO-

306 735 519 769 CRYPHIS.

365 793 526 837 Ivoms
548 792 866 837 CARNOTENSIS
886 794 1122 838 Decretum
1142 797 1188 837 et
1206 793 1518 838 Panormiam
1537 810 1595 839 an
1613 796 1772 854 legerit

307 862 506 912 Ioannes,
524 862 740 906 incertum
761 865 828 906 est
843 876 853 915 ;
883 863 1031 906 omnia
1047 863 1227 906 enimin
1240 862 1512 908 Policratico
1523 864 1578 908 de
1593 866 1772 909 canoni-

307 931 391 974 bus
425 932 591 988 scripta
619 946 731 988 quae
765 932 884 988 apud
916 931 1101 975 Iuonem
1136 934 1326 983 exstant,
1358 932 1493 975 etiam
1529 933 1772 978 Gratianus

308 1000 454 1052 habet,
479 1000 605 1043 cuius
634 1000 812 1044 Decreto
840 1001 962 1043 haud
994 1001 1150 1044 dubito
1182 1001 1290 1058 quin
1323 1015 1430 1044 usus
1461 1002 1522 1045 sit
1555 1002 1770 1056 Ioannes;

307 1068 410 1111 uide
430 1068 551 1111 infra
570 1069 624 1112 de
645 1069 900 1113 GRATIANO.

364 1139 576 1180 ANSELMI
607 1138 920 1195 archiepiscopi
942 1138 1287 1190 Cantuariensis,
1306 1139 1361 1182 de
1390 1154 1478 1196 quo
1502 1141 1772 1184 mentionem

308 1206 355 1248 in
375 1206 538 1251 Polior.
560 1207 619 1250 vi.
649 1208 700 1249 18
729 1206 851 1260 facit,
871 1207 997 1250 cuius
1024 1206 1180 1250 Vita-m
1206 1207 1341 1250 etiam
1367 1208 1558 1266 scripsit,
1577 1209 1770 1254 Medita-

307 1274 476 1318 tionem
496 1275 571 1318 vii.
592 1275 639 1318 in
659 1275 823 1321 Polior.
847 1275 892 1320 ii.
916 1286 967 1331 27
990 1276 1114 1319 citat.

366 1343 635 1387 MARBODVM
670 1345 921 1401 episcopum
951 1344 1253 1388 Redonensem
1282 1344 1470 1389 fortasse
1499 1346 1554 1390 de
1584 1348 1770 1405 gemmis

308 1415 531 1455 auctorem
554 1412 601 1454 in
620 1413 784 1456 Polior.
805 1428 845 1455 v.
870 1427 895 1469 3
917 1413 1086 1458 habuit.

367 1481 661 1523 HILDEBERTI
681 1481 871 1538 episcopi
892 1480 1238 1525 Cenomanensis
1257 1482 1376 1526 inter
1394 1498 1528 1541 opera
1547 1484 1670 1541 typis
1689 1482 1792 1527 im-'

309 1563 461 1606 pressa
480 1552 660 1592 exstant
674 1549 881 1593 uersiculi
896 1549 950 1592 de
970 1564 1117 1593 sacrae
1133 1550 1391 1608 Scripturae
1405 1552 1770 1610 interpretatione

309 1618 477 1668 morali,
508 1633 695 1675 quorum
725 1619 919 1675 quinque
947 1619 1057 1662 citat
1085 1619 1133 1661 in
1162 1619 1324 1664 Polior.
1352 1621 1446 1665 viii.
1480 1635 1529 1667 21
1559 1621 1774 1675 Ioannem

308 1689 458 1729 tamen
479 1701 537 1729 an
566 1687 706 1743 ipsius
735 1701 839 1730 uere
866 1687 969 1740 sint,
989 1687 1173 1730 dubium
1205 1688 1285 1732 est.
1345 1689 1458 1733 Vide
1483 1690 1531 1732 in
1554 1705 1770 1735 commen-

308 1756 426 1798 tario
445 1758 597 1798 nostro
617 1756 674 1798 ad
694 1756 772 1799 loc.
794 1759 839 1799 et
857 1756 906 1798 in
925 1757 1164 1813 appendice
1183 1756 1220 1802 I.

367 1825 612 1867 BERNARDI
657 1824 925 1867 SlLVESTms
973 1826 1284 1869 O'ommntum
1333 1841 1468 1883 super
1515 1842 1589 1872 sex
1636 1828 1773 1874 libros
1814 1875 1815 1878 ,

310 1894 545 1946 Aeneidos,
565 1908 695 1950 quem
715 1894 913 1936 eontinet
932 1894 1101 1937 codex
1089 1909 1136 1936 1n
1158 1895 1270 1937 Bibl.
1294 1895 1399 1939 Nat.
1422 1896 1601 1940 Parisiis
1621 1912 1770 1942 serua-
1813 1907 1820 1943 ,¹

309 1966 395 2014 tus,
416 1963 616 2019 sequitur
643 1962 866 2006 Ioannes
853 1978 900 2004 m
919 1962 1084 2007 Polior.
1108 1964 1199 2006 viii.
1223 1977 1305 2017 24;
1334 1964 1436 2008 uide
1459 1980 1611 2012 comm.
1634 1969 1768 2011 nostr.

309 2031 367 2074 ad
393 2031 471 2075 loc.
541 2032 596 2074 In
621 2031 788 2075 Polwr.
812 2031 874 2074 iii.
903 2032 927 2073 8
954 2032 1065 2075 citat
1090 2033 1304 2088 temporis
1332 2034 1480 2077 ‘nostri
1506 2035 1768 2091 scriptorem
1812 2021 1818 2031 „

310 2101 552 2157 eyreqium,
581 2115 711 2156 quem
737 2101 893 2143 asserit
920 2101 1140 2157 quidam
1127 2116 1174 2143 m
1201 2102 1400 2159 margine
1428 2103 1588 2146 codicis
1619 2104 1768 2147 Ponti·

309 2170 426 2213 niaci
454 2169 726 2212 Bernardum
751 2169 1011 2213 Siluestrem
1041 2185 1145 2216 esse.
1205 2170 1481 2214 Bernardum
1509 2172 1768 2216 Siluestrem
1807 2193 1820 2231 ,ᾗ

310 2238 512 2281 nonnulli
561 2240 763 2281 asserunt
806 2239 992 2281 eundem
1033 2253 1126 2282 esse
1163 2242 1297 2295 atque
1337 2240 1611 2283 Bernardum
1661 2241 1768 2284 Car-
1806 2238 1820 2294 A?

310 2311 550 2357 notensem,
577 2307 631 2349 de
662 2321 748 2363 quo
779 2308 929 2364 agitur
962 2308 1010 2350 in
1039 2307 1204 2351 Polior.
1224 2308 1270 2350 ii.
1294 2321 1362 2359 22,
1381 2308 1457 2352 vii.
1483 2323 1548 2366 13,
1566 2309 1768 2366 Metaloy.
1804 2324 1820 2361 μ’

310 2375 340 2418 i.
372 2386 413 2432 5,
447 2389 512 2426 11,
544 2388 610 2427 24,
639 2375 684 2418 ii.
719 2386 782 2430 17,
813 2376 872 2418 iv.
900 2385 980 2433 35;
1028 2378 1164 2433 negat
1202 2376 1255 2419 A.
1288 2375 1477 2429 Clerva1‚
1512 2377 1592 2420 Les
1621 2369 1770 2422 Ecolee

310 2444 364 2487 de
393 2443 602 2487 Ghartres
631 2458 697 2486 au
723 2444 882 2500 Moyem
911 2445 952 2487 A
957 2459 1019 2501 93,
1039 2458 1111 2501 pp.
1138 2444 1218 2498 158
1240 2458 1370 2500 seqq„
1390 2444 1466 2500 qui
1493 2445 1769 2489 Bernardum
1784 2482 1787 2486 .
1802 2439 1820 2499 ss}

311 2510 629 2555 Garnotensem
659 2516 762 2555 ante
796 2527 834 2557 a.
866 2526 978 2570 1130
1011 2515 1198 2555 mortem
1232 2512 1391 2555 obiisse
1420 2527 1477 2556 ex
1507 2513 1776 2572 Necrologio·

312 2580 575 2626 carnotensi
606 2580 939 2625 demonstrauit.
999 2581 1273 2624 Bernardum
1307 2583 1456 2624 autem
1496 2582 1767 2634 Siluestrem‚
1815 2579 1820 2598 ³

311 2663 453 2707 quem,
473 2649 559 2691 nisi
589 2648 704 2691 falsa
733 2652 800 2692 est
827 2650 1056 2694 adnotatio
1086 2649 1141 2692 de
1161 2663 1248 2705 qua
1274 2663 1408 2706 supra
1427 2649 1535 2702 dixi,
1555 2654 1767 2709 tanquam
1815 2667 1820 2690 ι

310 2717 522 2775 temporis
564 2717 634 2760 sui
678 2718 934 2775 scriptorem
976 2719 1134 2763 citauit
1174 2717 1374 2770 IoanneS,
1391 2754 1396 2762 .
1416 2719 1531 2764 circa
1569 2734 1608 2764 a.
1646 2729 1765 2776 1145,
1791 2736 1820 2787 f,
