1878 3172
20 175 35 224 {¹-
82 153 300 216 osam]
587 152 986 199 POLICRATICV
986 152 1020 197 S
1098 162 1101 165 ’
1550 163 1632 205 ⁵⁰⁷
1650 165 1682 194 a

19 301 24 307 ·
83 275 372 334 applaudunt,
394 274 492 332 rapi
518 273 674 318 feceris
698 274 755 316 ad
781 276 1012 317 tormenta.
1071 273 1181 327 Quis
1209 274 1326 317 enim
1354 273 1536 317 deorum

14 366 26 395 ,·
84 346 126 389 ei
144 348 308 402 parcat,
326 359 355 387 a
373 358 460 401 quo
479 357 526 387 se
545 343 775 399 deceptum
795 342 852 384 iri
876 342 1118 399 intelligit?
1161 342 1271 396 Quis
1290 357 1379 386 non
1394 343 1537 385 irruat
1552 343 1582 383 b

83 413 133 456 in
151 428 252 456 eum
266 413 344 470 qui
362 426 517 456 aureos
536 411 657 454 Iouis
671 410 818 454 oeulos
832 411 949 453 eruit
964 414 1045 453 aut
1062 414 1247 468 argento
1266 412 1538 468 gemmisque

71 482 271 525 'sublatis
297 481 478 524 Vestam
509 480 672 523 nititur
701 482 935 522 excecare?
995 479 1105 532 Quis
1128 479 1183 522 de
1210 480 1368 523 Martis
1394 481 1539 537 capite

11 557 24 609 ζ’
46 567 69 602 5
85 550 419 595 adamantinum
444 549 593 592 lumen
621 549 801 605 impune
830 548 1075 591 temerariis
1104 548 1256 591 effodit
1285 549 1539 606 unguibus?

10 612 22 654 2
84 619 257 676 Nempe
286 619 389 662 deos
417 617 661 661 inuisibiles
690 620 735 660 et
763 617 1032 660 immortales
1059 617 1373 661 circumuenire
1402 622 1447 660 et
1476 618 1540 660 eis

12 687 34 708 ¹
84 688 286 732 fallaciae
303 702 459 745 parare
478 686 661 729 insidias
679 686 897 743 grauioris
916 686 1069 743 culpae
1087 689 1167 739 est,
1187 701 1238 730 eo
1257 687 1374 743 quod
1394 687 1451 730 ab
1470 687 1540 730 his

12 773 21 820 {ss
85 756 328 800 nisibilium
348 756 528 799 deorum
543 754 712 797 fabrica
726 757 1002 797 sustentatur
1015 758 1060 797 et
1074 755 1255 812 regitur,
1267 759 1312 798 et
1331 756 1541 798 honorem

8 821 48 847 “f
87 829 165 868 aut
195 827 494 882 contemptum
525 824 601 880 qui
634 823 733 866 istis
767 823 1011 874 exhibetur,
1042 823 1107 866 illi
1139 828 1432 868 remunerant.
1492 823 1542 867 Si

8 892 73 949 '⁴10
87 894 207 951 sapis
224 908 340 951 ergo,
358 893 571 950 Auguste,
591 892 638 934 in
657 892 838 935 deorum
857 892 1005 934 hostes
1023 892 1235 950 insurges,
1254 896 1299 936 et
1318 896 1374 943 te,
1395 893 1432 936 si
1451 907 1542 936 non

6 974 7 978 ’
87 963 231 1014 deum,
261 962 378 1019 quod
415 975 692 1018 nequaquam
730 975 788 1011 es,
828 960 899 1003 uel
939 961 1119 1003 deorum
1157 964 1204 1004 te
1242 961 1415 1005 docebis
1449 976 1542 1005 esse

7 1043 12 1087 ζ
87 1031 312 1083 cultorem,
344 1030 383 1073 si
421 1030 671 1086 deceptores
709 1029 817 1072 istos
856 1030 1230 1080 exterminaueris,
1268 1034 1542 1074 excecatores

8 1107 21 1152 >g
88 1103 202 1151 tuos,
219 1099 400 1142 deorum
418 1102 749 1155 contemptores,
769 1101 815 1140 et
839 1101 1125 1155 utrorumque
1144 1098 1351 1141 iniuriam
1371 1100 1540 1156 punias.

10 1166 22 1221 ε’,
90 1168 213 1212 Haec
233 1167 458 1212 Caecilius.
517 1167 668 1210 Faetio
687 1169 836 1209 tamen
854 1166 1133 1210 adulatorum
1147 1168 1408 1224 praeualuit‚
1425 1167 1542 1224 quod

8 1233 74 1286 ²55
90 1240 138 1280 et
168 1236 464 1294 praesentium
494 1250 642 1278 rerum
674 1235 869 1278 declarat
899 1238 1055 1279 status.
1130 1236 1253 1279 Adeo
1285 1237 1461 1293 quidem
1490 1240 1542 1280 ut
1558 1242 1585 1273 C

10 1341 33 1352 Ἥ
90 1306 129 1349 si
166 1305 266 1362 quis
302 1304 580 1362 popularium
622 1303 860 1346 modestiae
905 1304 1102 1347 conscius
1143 1306 1452 1348 assentationis
1498 1309 1544 1349 et

0 1352 22 1431 ἔ
89 1373 369 1418 scurrilitatis
397 1373 510 1416 uitio
537 1372 772 1415 crediderit
800 1373 1146 1430 temperandum,
1175 1374 1315 1417 hostis
1348 1373 1545 1418 felicium

0 1434 27 1495 P}
88 1445 318 1487 censeatur
335 1444 416 1485 aut
434 1441 623 1484 inuidus.
673 1441 835 1484 Eorum
850 1442 1066 1498 siquidem
1085 1456 1213 1485 aures
1231 1446 1408 1485 tenerae
1427 1446 1545 1494 sunt,

0 1495 26 1574 J
90 1514 137 1555 et
154 1512 244 1554 iam
263 1510 589 1554 obsurduerunt
607 1524 713 1553 uero
733 1513 778 1552 et
797 1509 995 1567 linguam
1014 1511 1275 1554 seueriorem
1295 1512 1390 1554 sine
1408 1512 1544 1554 offen-

0 1572 75 1663 ,ἔξω
89 1580 211 1623 sione
229 1579 490 1637 grauissima
508 1593 598 1621 non
617 1578 872 1621 admittunt.
929 1578 985 1621 In
999 1593 1086 1635 quo
1100 1583 1315 1636 quantum
1330 1595 1358 1622 a
1376 1581 1546 1624 uirtute

0 1650 31 1674 ¹*
89 1649 305 1692 maiorum
336 1651 430 1691 etas
460 1651 612 1690 nostra
646 1647 989 1704 degenemuefit,
1020 1648 1299 1705 perspicuum
1334 1652 1413 1699 est,
1444 1664 1545 1693 cum

23 1709 35 1766 ἶ
89 1718 185 1761 sine
214 1717 431 1775 patientia
468 1720 548 1759 aut
586 1716 758 1758 nullum
796 1719 876 1759 aut
906 1731 1055 1759 rarum
1089 1731 1182 1760 esse
1215 1732 1325 1774 opus
1363 1718 1546 1761 uirtutis

89 1787 238 1830 uerbis
255 1786 483 1829 docuerint
507 1788 552 1828 et
575 1785 797 1842 exemplis.
854 1785 981 1828 Vnde
1005 1789 1051 1829 et
1076 1786 1331 1843 Aristippus
1358 1802 1386 1829 a
1411 1787 1544 1830 male-

19 1934 30 1938 --
142 1921 160 1948 1
198 1912 287 1955 Quis
320 1911 418 1946 em'm
447 1911 594 1945 deorum
627 1910 724 1944 etc.:
771 1908 886 1944 Plane
918 1907 1110 1955 scriptoris
1149 1908 1294 1946 ethnici
1324 1912 1415 1946 sunt
1447 1922 1546 1956 quae

91 1959 309 2012 sequuntur.
359 1955 467 1992 Certe
491 1966 537 1991 ex
561 1954 679 1990 Plinii
701 1957 920 2001 Paneyyrico
942 1964 996 2000 52.
1018 1966 1032 1991 1
1055 1956 1115 2000 (de
1138 1967 1212 2001 quo
1229 1956 1312 1992 loco
1337 1957 1547 1994 somniatur

21 2013 30 2038 ε.
92 2003 435 2047 Reifferscheidius)
464 2001 563 2037 nihil
595 2002 642 2038 de
671 2001 792 2037 aureis
825 2001 923 2037 Iovis
953 2001 1081 2046 oculis,
1112 2002 1158 2039 de
1183 2003 1307 2045 Vesta,
1334 2004 1379 2039 de
1412 2005 1546 2040 Martis

0 2058 23 2091 ,³
92 2050 340 2088 adamantino
355 2049 499 2085 lumine
516 2047 659 2084 discere
674 2048 802 2094 potuit
818 2048 962 2084 Noster.
1150 2059 1195 2094 23
1219 2051 1433 2096 Aristippus
1449 2053 1521 2088 etc.
1535 2064 1546 2086 ε

92 2110 128 2135 v.
152 2097 352 2134 Woelfflin.
378 2098 476 2132 Gaea.
500 2097 604 2130 Balb.
633 2106 698 2141 pp.
724 2104 755 2139 7,
785 2104 839 2140 15,
864 2105 920 2139 31.
985 2094 1090 2131 Idem
1114 2095 1300 2142 Aristippi
1329 2108 1547 2143 responsum

19 2167 23 2170 «
92 2144 213 2183 refert
237 2143 347 2196 Diog.
369 2142 490 2178 Laert.
512 2141 550 2176 ii.
568 2143 589 2177 8
605 2140 624 2187 §
641 2151 707 2185 70;
732 2141 836 2177 euius
857 2141 947 2177 libri
964 2142 1181 2186 versionem,
1198 2154 1273 2188 qua
1294 2142 1337 2178 in
1361 2155 1454 2180 saec.
1478 2144 1548 2180 xiii

0 2196 2 2203 '
20 2206 25 2231 ;
92 2191 150 2228 usi
171 2192 262 2226 sunt
278 2189 488 2226 Hleremias
511 2188 630 2224 Iudex
647 2190 687 2224 et
702 2188 894 2224 Walterus
911 2188 1060 2234 Burley,
1076 2188 1202 2224 Nostri
1221 2191 1454 2236 temporibus
1471 2202 1547 2227 non

93 2237 278 2321 aa?
295 2237 358 2272 Μ
374 2234 1012 2318 az-Eoefiszi-fflzffessgffizffffzfip
1041 2235 1549 2330 &serenares-¹¹⁸¹,

12 2308 14 2310 -
266 2295 344 2320 esse
368 2294 409 2319 sa
426 2295 459 2318 is
509 2294 549 2318 ro
711 2294 730 2316 r
882 2294 895 2316 1
972 2308 980 2317 .
1167 2295 1199 2318 re
1321 2296 1339 2318 e
1364 2297 1414 2318 am
1536 2313 1547 2322 .

0 2308 30 2394 ξ’·
92 2333 212 2368 Lam.
228 2333 306 2366 und
321 2332 387 2366 der
398 2294 717 2365 AuepUebmetzer
731 2329 896 2370 (Hermes
906 2328 931 2364 i.
947 2340 984 2374 p.
998 2329 1094 2374 387),
1104 2328 1170 2364 ubi
1184 2328 1300 2366 istum
1312 2330 1548 2377 Aristippum

93 2379 254 2415 eundem
270 2389 347 2414 esse
364 2376 575 2422 suspicatur
591 2375 648 2410 vir
669 2375 905 2411 doctissimus
922 2380 930 2410 ί
937 2387 1000 2421 pp.
1019 2385 1101 2420 379,
1120 2378 1215 2420 380),
1235 2387 1346 2422 quem
1372 2379 1548 2414 Graecum

4 2426 12 2446 2
94 2427 319 2471 interpretem
334 2423 504 2470 appellat
522 2424 560 2459 et
581 2422 622 2457 in
643 2421 783 2467 Apulia
805 2421 950 2457 audivit
972 2422 1052 2468 ipse
1074 2421 1235 2459 Ioannes
1256 2423 1549 2461 Saresberiensis

96 2473 145 2517 (v.
162 2473 326 2517 Metaloy.
343 2471 367 2506 i.
389 2479 442 2516 15,
463 2469 517 2505 iii.
537 2470 586 2515 5).
625 2468 697 2504 Hie
710 2468 751 2503 in
769 2469 847 2505 cod.
859 2468 888 2503 P
901 2468 1073 2514 margine
1089 2480 1113 2504 a
1128 2469 1355 2516 bibliopegis
1368 2472 1548 2509 mutilata

0 2538 7 2550 ι
94 2517 223 2555 inveni
250 2517 432 2564 scriptum
457 2522 695 2561 -trateqemma
720 2517 790 2550 -n'ca
820 2517 1112 2561 philosophorum
1138 2516 1179 2552 id
1206 2520 1272 2559 est,
1300 2520 1344 2553 ut
1369 2519 1545 2565 suspicor,

6 2575 8 2577 ’
94 2567 411 2608 εὐναίεροηυηιιίἰοα
429 2564 745 2609 philosophorum;
773 2561 902 2608 itaque
929 2561 1132 2599 verisimile
1164 2566 1222 2600 est
1245 2564 1383 2600 librum
1412 2566 1548 2612 (qualis

11 2621 14 2626 ·
98 2614 155 2649 eat
190 2610 369 2657 Diogenis
404 2609 546 2646 Laertii
585 2609 750 2655 farrago)
784 2609 830 2645 de
863 2608 975 2645 factis
1012 2611 1051 2646 et
1087 2609 1200 2646 dictis
1239 2611 1546 2658 philosophorum

97 2657 399 2695 memorabilibus
431 2656 523 2693 olim
558 2655 759 2698 exstitisse,
788 2655 846 2691 ita
878 2658 1138 2702 nuncupatum
1174 2657 1264 2703 quia
1304 2660 1460 2697 eandem
1498 2661 1547 2696 ad

98 2705 340 2751 philosophos
366 2703 554 2741 rationem
581 2702 715 2739 habuit
740 2714 852 2748 quam
881 2703 930 2739 ad
953 2703 1196 2750 imperatores
1219 2705 1392 2743 Frontini
1419 2709 1549 2743 Strate-

98 2754 279 2797 yematioa.

1378 2833 1441 2865 223
