1878 3172
123 112 125 114 Ι
142 155 219 195 =401
238 145 268 185 b
617 139 877 184 IOANNIS
908 136 1422 183 SARESBERIENSIS
1608 137 1719 193 [ΜΒ.
1733 146 1753 178 1

287 261 472 319 spiritus
499 260 679 304 Domini
709 259 853 302 malus
880 259 1059 302 Saulem
1090 258 1337 308 inuasisset,
1363 256 1581 314 psallebat
1605 255 1753 299 Dauid

288 331 476 388 cythara
507 330 554 371 in
584 344 720 372 manu
754 344 846 380 sua,
867 328 1004 371 donec
1035 327 1219 385 spiritus
1254 342 1281 369 a
1316 326 1433 383 regis
1467 325 1754 368 infestatione

289 400 544 457 quiesceret.
602 399 664 441 Vt
684 413 790 442 uero
810 398 1007 440 nondum
1027 397 1250 440 reueletur
1275 395 1460 453 spiritus
1481 395 1557 452 qui
1576 395 1687 438 latet
1706 394 1755 437 in

288 469 452 521 littera,
488 468 801 525 aequissimum
840 470 908 510 est
947 467 1141 509 animam
1180 465 1357 523 cognati
1396 464 1570 522 generis
1608 464 1756 521 gratia

288 552 592 581 mansuescere
636 540 682 580 et
726 552 900 579 omnem
940 536 1162 579 dediscere
1209 534 1533 585 alienationem,
1567 549 1667 577 cum
1715 533 1755 576 ei
1775 549 1793 582 5

249 624 273 653 c
289 608 494 665 propriae
533 609 769 650 concentus
809 606 993 663 originis
1025 609 1071 648 et
1110 607 1298 648 naturae
1330 603 1524 647 melioris
1563 604 1755 646 archana

290 677 520 720 resultant.
580 676 690 718 Eam
722 690 778 718 ex
807 675 1106 718 consonantiis
1137 674 1317 717 musicis
1347 688 1440 716 esse
1469 672 1756 730 compositam

290 761 423 803 quam
462 745 658 802 plurium
694 745 842 801 opinio
882 744 954 787 uel
994 744 1216 787 sententia
1251 745 1330 786 est.
1403 742 1558 785 Totius
1592 741 1756 784 etenim

289 814 593 872 philosophiae
627 814 831 871 princeps
864 813 991 856 Plato
1025 813 1081 871 (si
1121 816 1271 856 tamen
1303 811 1568 855 Aristotilici
1602 811 1756 868 adqui-

291 883 472 942 escunt),
481 899 580 927 cum
594 898 689 925 eam
704 898 759 925 ex
772 883 1023 926 substantia
1038 883 1223 925 diuidua
1239 886 1284 925 et
1297 881 1530 924 indiuidua
1542 880 1756 932 finxisset,
1778 891 1818 916 10

291 957 337 997 et
377 954 528 996 eadem
567 955 730 994 natura
761 952 1001 1008 plasmaret
1033 955 1078 995 et
1113 952 1301 1004 diuersa,
1333 951 1476 1008 ipsam
1510 965 1600 993 non
1631 963 1758 1006 posse

291 1025 491 1066 constare
521 1021 720 1071 credidit,
744 1021 830 1064 nisi
860 1021 1066 1074 limitum,
1098 1021 1175 1078 qui
1210 1021 1434 1077 utrimque
1468 1018 1758 1076 multipharia

292 1092 482 1134 sectione
526 1091 582 1133 ab
625 1091 798 1134 unitate
844 1091 1160 1148 profluxerant,
1200 1090 1520 1141 dissidentiam,
1560 1088 1758 1138 emioliis‚

293 1160 485 1218 epitritis
532 1163 578 1203 et
621 1160 829 1217 epogdois
874 1160 1034 1211 uniret,
1073 1159 1240 1202 limatis
1287 1162 1332 1202 et
1375 1158 1559 1202 comatis
1603 1157 1758 1200 habita

293 1230 476 1281 ratione,
510 1232 563 1272 ut
602 1229 684 1272 sub
725 1229 1003 1286 expressione
1042 1243 1282 1286 paucorum
1322 1228 1362 1271 ei
1402 1230 1757 1285 quantacumque
1779 1241 1818 1275 15

293 1299 508 1341 distantia
528 1298 873 1356 repugnantium
898 1298 1129 1341 concordia
1158 1298 1334 1355 cognati
1354 1297 1528 1354 generis
1549 1296 1770 1339 societate*

293 1368 503 1411 doceatur
549 1382 642 1410 esse
684 1367 888 1410 finitima.
960 1367 1088 1409 Vnde
1133 1368 1323 1410 archano
1371 1366 1561 1423 quodam
1608 1368 1759 1408 meatu

294 1440 482 1480 naturae
516 1436 780 1492 secretisque
816 1436 1030 1479 cuniculis
1064 1436 1320 1479 uiuacitatis
1352 1451 1456 1479 suae
1490 1436 1644 1492 uigore
1678 1449 1760 1491 per

252 1507 281 1546 d
297 1507 505 1549 uniuersa
537 1505 756 1555 discurrit,
788 1508 833 1548 et
867 1506 1008 1548 cuiuis
1041 1509 1228 1549 naturae
1262 1506 1622 1562 substantiaeque
1657 1519 1759 1548 con-

297 1575 452 1618 formis
476 1575 661 1617 rationis
682 1589 834 1617 sensus
861 1575 981 1618 uitae
1003 1575 1051 1616 in
1071 1575 1257 1632 singulis
1277 1590 1358 1632 pro
1384 1575 1562 1618 diuinae
1582 1575 1756 1632 dispen-
1778 1586 1823 1611 20

294 1644 479 1687 sationis
518 1644 692 1687 decreto
732 1643 966 1686 efficaciam
1015 1645 1281 1688 modulatur.
1352 1644 1569 1687 Omnibus
1607 1644 1759 1700 itaque

295 1714 505 1756 alimenta
535 1713 772 1770 dispensat,
803 1716 848 1755 et
878 1713 947 1755 sui
978 1714 1174 1770 puritate
1213 1714 1338 1771 uiget
1366 1713 1414 1755 in
1444 1713 1642 1770 singulis,
1673 1713 1760 1755 nisi

295 1783 424 1825 molis
463 1797 694 1839 corporeae
734 1782 957 1839 grauitate
996 1786 1236 1839 prematur,
1269 1786 1349 1825 aut
1388 1782 1760 1839 tranquillitatem

296 1851 479 1908 spiritus
531 1851 799 1893 exteriorum
845 1851 1120 1894 tumultuum
1173 1853 1307 1895 turba
1355 1852 1590 1895 concutiat.
1661 1852 1761 1904 Qua

295 1921 504 1971 irruente,
525 1920 631 1976 quid
658 1922 805 1976 potest
834 1935 927 1962 6886
957 1921 1176 1963 salubrius
1204 1936 1336 1977 quam
1364 1921 1413 1972 si,
1433 1924 1486 1964 ut
1512 1921 1577 1964 ita
1605 1921 1761 1971 dicam,
1781 1932 1821 1966 ²5

296 1990 387 2032 suis
414 1992 601 2031 naturae
627 1989 809 2032 uocibus
830 2004 857 2031 a
876 1990 1195 2046 compressione
1223 1991 1456 2033 turbarum
1477 1990 1534 2033 ad
1554 2005 1599 2033 se
1619 1990 1761 2047 ipsam

296 2059 446 2101 anima
464 2059 729 2107 reuocetur?
789 2058 908 2110 Quid
928 2059 1118 2115 denique
1144 2063 1397 2102 nostrorum
1417 2059 1595 2116 spiritui
1614 2061 1762 2116 potest

297 2143 390 2170 6886
410 2127 599 2170 similius
619 2128 754 2170 uoce?
785 2142 898 2183 quae
918 2142 1017 2170 cum
1039 2128 1110 2171 hic
1130 2127 1359 2179 formetur,
1373 2132 1465 2171 tam
1486 2128 1607 2171 facili
1627 2142 1761 2184 quam

296 2197 512 2239 inuisibili
552 2200 597 2239 et
635 2197 848 2239 ineffabili
897 2198 1092 2240 transitu
1138 2199 1380 2240 multorum
1422 2198 1761 2254 circumquaque

298 2266 439 2322 replet
482 2266 697 2318 auditum,
734 2269 779 2308 et
818 2266 865 2308 ui
904 2281 985 2308 sua
1023 2281 1254 2323 corporum
1297 2267 1517 2323 integram
1557 2267 1762 2322 penetrat
1781 2285 1824 2317 30

149 2341 233 2379 402
253 2341 282 2369 a
299 2334 576 2386 densitatem,
602 2337 646 2376 et
671 2334 796 2390 quasi
824 2337 948 2377 tactu
975 2335 1166 2391 quodam
1190 2338 1340 2378 mouet
1369 2335 1578 2386 animum,
1606 2336 1652 2376 et
1681 2348 1762 2390 pro

304 2447 318 2472 1
342 2442 423 2481 post
441 2436 560 2471 David
577 2439 661 2472 add.
677 2436 719 2471 in
738 2436 778 2471 M
942 2448 963 2473 2
989 2437 1136 2474 cithara
1152 2436 1210 2473 As
1364 2439 1384 2473 8
1411 2435 1515 2473 enim
1534 2435 1574 2471 M
1738 2445 1762 2481 9

299 2483 638 2573 ppyggqqpilgilzeSC:
665 2483 937 2530 philosophyae
955 2485 984 2520 B
1003 2497 1011 2520 :
1038 2483 1290 2531 phylosophie
1307 2483 1340 2519 A
1482 2482 1710 2519 aristotelici
1729 2483 1762 2518 A

348 2636 370 2670 9
394 2627 521 2661 Plato:
548 2639 581 2661 v.
612 2628 702 2663 Tim.
721 2637 763 2673 35
783 2628 825 2669 A,
844 2628 899 2670 B;
923 2628 970 2664 cf.
995 2628 1128 2664 Boeth.
1146 2629 1188 2663 de
1203 2629 1300 2662 Mus.
1319 2626 1343 2662 i.
1367 2636 1381 2662 1
1399 2638 1408 2670 3
1436 2626 1484 2662 cf.
1510 2625 1627 2663 etiam
1647 2628 1762 2662 Enth.

302 2674 382 2717 982.
462 2683 502 2716 14
520 2675 673 2709 limatis:
687 2678 811 2719 potius
824 2677 1013 2718 limmatis;
1039 2677 1346 2719 Ζίνητπατ-λεῖμμσ,
1360 2673 1399 2708 id
1411 2675 1477 2716 est,
1493 2673 1762 2715 semitonium3

302 2732 334 2755 v.
362 2719 526 2755 Macrob.
545 2723 586 2755 de
604 2722 724 2756 Somn.
742 2724 837 2767 Scip.
863 2733 895 2758 2.
919 2733 933 2758 1
956 2722 972 2768 §
994 2733 1061 2767 24:
1089 2721 1222 2758 Boeth.
1245 2723 1287 2756 de
1304 2722 1398 2756 Mus.
1424 2720 1462 2755 ii.
1489 2730 1544 2764 27.
1593 2723 1762 2757 comatis:

299 2768 423 2813 potius
438 2770 639 2813 commati-93
665 2772 978 2815 comma=x6fapa3
1003 2782 1033 2805 v.
1054 2769 1190 2806 Boeth.
1208 2771 1250 2804 de
1265 2769 1360 2803 Mus.
1379 2767 1418 2804 ii.
1437 2778 1494 2813 30,
1511 2767 1567 2803 iii.
1586 2778 1619 2812 4,
1639 2769 1675 2804 8.

412 2846 457 2878 40
