1878 3172
121 111 201 182 '410
220 130 249 171 u
595 131 856 175 IoANms
896 131 1409 176 SARESBERIENSIS
1508 131 1514 137 ·
1587 133 1699 194 [mn.
1713 146 1732 178 1

270 252 485 306 Quamuis
515 253 563 295 in
592 268 644 296 eo
667 253 875 296 uideatur
904 253 951 294 in
981 255 1123 295 artem
1153 253 1397 306 offendisse,
1423 253 1540 311 quod
1563 255 1732 307 corniX,

268 337 401 379 quam
421 323 542 366 uitae
563 322 847 365 seruatricem
874 321 1074 369 asseruit,
1096 336 1244 364 rerum
1274 337 1536 380 magnarum
1556 323 1735 381 ignorat

267 392 485 448 auspicia3
524 392 610 434 nisi
641 391 757 435 forte
787 392 834 433 in
865 406 916 434 ea
944 394 1121 448 praeter
1149 394 1357 434 naturam
1386 392 1467 435 fiat
1495 395 1733 446 ostentum,

268 461 397 517 quale
417 464 485 504 est
505 461 623 518 quod
643 461 902 504 imminente
921 461 1036 503 bono
1052 463 1098 502 et
1117 463 1271 517 optato
1290 461 1435 518 perosi
1453 461 1734 519 imperatoris

268 531 405 573 exitio
441 531 495 573 de
530 545 640 587 rupe
670 530 857 587 Tarpeia
886 545 965 587 per
993 530 1148 572 urbem
1178 530 1333 572 cornix
1362 529 1529 574 Graeco
1549 531 1734 588 ¹eloquio
1752 548 1771 583 5

267 600 466 656 protulit,
482 599 602 642 Bene
622 600 718 642 erit.
774 600 903 652 Quod
923 614 1067 656 augur
1086 599 1405 656 interpretatus
1424 599 1491 643 ita
1510 600 1735 657 exposuit3

441 684 597 740 Nuper
626 699 739 741 quae
769 684 883 727 sedit
913 683 1071 741 Tarpei
1102 684 1292 727 culmine
1322 684 1488 735 cornix,

497 743 575 786 Est
606 743 711 799 quia
740 757 830 785 non
859 742 1007 799 potuit
1036 742 1191 793 dicere,
1221 742 1338 785 dixit
1367 743 1485 786 Em't.

267 822 355 865 Sed
374 822 572 879 ignosces
597 822 696 865 uiro
726 822 978 865 doctissimo
1002 822 1273 864 rusticanam
1302 822 1631 880 simplicitatem
1658 837 1733 866 ex-

265 891 487 948 primenti,
519 894 598 934 aut
638 891 742 947 quia
781 905 1025 948 pauperum
1055 891 1152 934 uita
1181 891 1398 934 diuitibus
1427 906 1497 934 res
1526 891 1734 935 uideatur
1753 910 1795 934 10

267 960 440 1017 exigua,
471 961 547 1017 qui
587 961 831 1003 humanum
870 975 1010 1018 genus
1049 963 1101 1003 ut
1136 961 1288 1017 paucis
1322 961 1489 1004 seruiat
1529 965 1734 1005 asserunt

266 1029 535 1072 institutum.
614 1029 786 1073 Coruus
826 1045 943 1080 uero,
983 1044 1113 1086 quem
1162 1044 1252 1072 non
1290 1029 1451 1073 minori
1501 1030 1734 1088 diligentia

226 1111 251 1141 c
267 1098 534 1151 obseruabis,
574 1099 705 1142 rebus
742 1099 983 1142 maioribus
1022 1096 1289 1156 auspicatur,
1328 1102 1374 1142 et
1419 1114 1733 1157 usquequaque

267 1168 428 1211 cornici
449 1168 732 1224 praeiudicat.
794 1169 928 1211 Porro
957 1169 1124 1226 cignus,
1153 1169 1201 1211 in
1231 1169 1430 1226 auguriis
1452 1168 1543 1228 ales
1571 1169 1732 1227 gratis-

266 1237 378 1279 sima
397 1238 558 1288 nautis,
573 1240 728 1294 utpote
749 1253 861 1294 quae
881 1253 1096 1294 aquarum
1117 1237 1356 1280 domestica
1375 1238 1566 1295 quadam
1585 1238 1733 1295 gratia
1751 1253 1791 1288 15

266 1305 586 1350 familiaritatis
625 1307 878 1350 earumdem
918 1311 1085 1350 secreta
1123 1307 1416 1364 praenouerit.
1475 1307 1548 1349 An
1592 1308 1733 1351 nescis

266 1376 384 1432 apud
408 1376 635 1419 Maronem

615 1451 682 1494 bis
714 1466 840 1494 senos
870 1451 1059 1494 letantes
1090 1466 1189 1494 aere
1219 1466 1386 1509 cygnos

267 1524 470 1567 reducem
523 1525 705 1568 classem
763 1525 908 1568 Eneae
963 1526 1147 1569 Veneris
1202 1525 1414 1569 uaticinio
1470 1526 1733 1570 nuntiasse?

268 1593 432 1636 Eorum
448 1610 638 1651 namque
658 1595 861 1638 hilaritas
881 1610 971 1638 non
991 1596 1121 1638 modo
1140 1595 1301 1648 nautis,
1321 1595 1398 1638 sed
1418 1598 1464 1638 et
1483 1595 1730 1652 quibusque
1749 1612 1792 1636 20

267 1664 652 1720 peregrinantibus
683 1664 879 1707 felicium
912 1667 1153 1707 euentuum
1186 1664 1378 1722 gratiam
1410 1664 1608 1721 spondet,
1642 1664 1730 1707 nisi

267 1731 466 1775 fortioris
504 1736 738 1789 superetur
780 1733 987 1776 aduentu.
1066 1733 1230 1789 Aquila
1268 1748 1459 1790 namque
1497 1733 1612 1776 sicut
1650 1747 1732 1775 rex
1874 1791 1875 1794 Ἴ

268 1801 420 1843 auium
441 1804 518 1851 est,
539 1802 576 1844 si
601 1817 690 1845 non
718 1802 958 1845 alarionem
986 1802 1190 1858 excipias,
1211 1817 1323 1859 quae
1343 1802 1459 1845 forte
1481 1802 1732 1859 aquilarum
1872 1833 1878 1853 ,

267 1870 431 1925 species
451 1870 758 1926 potentissima
779 1874 856 1921 est,
873 1871 999 1928 regni
1019 1871 1088 1913 sui
1108 1871 1339 1914 maiestate
1355 1871 1552 1914 omnium
1567 1871 1731 1922 auium,
1868 1912 1875 1930 ,÷

268 1938 306 1980 si
326 1942 480 1981 contra
503 1939 721 1996 loquatur,
741 1940 873 1982 fidem
901 1943 1100 1984 euacuat.
1163 1940 1373 1983 Potuerat
1394 1940 1513 1996 apud
1533 1940 1731 1983 Statium
1751 1957 1792 1990 ²5
1866 1946 1871 1956 ⁵

267 2008 497 2065 praesagio
525 2008 755 2051 uolucrum
786 2009 1052 2052 Graecorum
1082 2009 1302 2052 exercitus
1331 2009 1583 2052 confortari.
1643 2009 1732 2052 Sed

222 2078 251 2119 d
268 2075 428 2118 fortior
451 2091 546 2120 ecce
576 2077 824 2120 aduentans
850 2093 929 2135 per
952 2079 1083 2121 inane
1111 2079 1277 2130 cohors,
1298 2078 1568 2135 Amphiorao
1594 2078 1731 2121 inter-

267 2148 403 2201 prete,
433 2145 699 2189 Graecorum
736 2161 909 2203 quoque
945 2148 1132 2190 exitium
1163 2147 1388 2204 patefecit.
1456 2147 1579 2190 Licet
1613 2147 1731 2190 enim

267 2215 417 2271 aquila
437 2216 729 2272 quarumdam
749 2216 902 2258 auium
922 2217 1094 2260 uiribus
1114 2219 1357 2274 superetur,
1378 2217 1426 2260 in
1445 2216 1729 2274 praenuntia-

268 2340 315 2364 20
338 2329 522 2375 hylaritas
539 2329 599 2365 CB

316 2435 334 2471 5
365 2427 520 2472 Tarpeia
536 2429 630 2463 etc.:
659 2426 759 2464 Suet.
781 2429 884 2463 Dom.
902 2438 957 2473 23.
1059 2437 1101 2471 14
1125 2429 1201 2463 ales
1212 2427 1421 2473 qratissima
1433 2428 1576 2462 nautis:
1597 2439 1626 2462 v.
1642 2426 1728 2463 Isid.

270 2475 365 2517 Oriy.
384 2473 447 2508 xii.
468 2483 487 2517 7
509 2474 525 2518 ξ
550 2485 592 2519 ῐ9
611 2475 670 2519 (ex
687 2474 841 2511 Aemilii
858 2475 977 2510 Macri
994 2475 1251 2521 ὀρνιθογονίας).
1302 2474 1472 2520 ‘cygnus
1493 2473 1534 2509 in
1553 2473 1731 2520 auspiciis

268 2532 419 2565 semper
434 2521 660 2556 laetissimus
677 2522 766 2558 ales.
818 2522 926 2558 Hunc
950 2523 1086 2568 optant
1108 2523 1256 2561 nautae,
1275 2521 1364 2567 quia
1380 2533 1419 2557 se
1438 2533 1516 2557 non
1532 2521 1672 2568 mergit
1689 2521 1730 2557 in

268 2567 408 2602 undas!
555 2570 596 2604 18
623 2570 776 2604 bissenos
791 2572 862 2606 etc.
881 2581 888 2604 :
915 2569 1026 2616 Verg.
1045 2571 1136 2605 Aen.
1154 2568 1178 2604 i.
1199 2579 1276 2614 393.
1435 2578 1478 2612 23
1505 2569 1727 2604 alarionem:

266 2626 298 2649 v.
318 2613 439 2650 Littre
456 2627 482 2650 s.
498 2627 529 2650 v,
548 2617 697 2651 αἰένίοη.
751 2616 859 2652 Haud
880 2617 978 2652 bene
1005 2617 1062 2652 Du
1087 2616 1214 2661 Gange
1240 2617 1413 2651 valeriam
1438 2627 1483 2651 ex
1501 2615 1598 2650 Plin.
1616 2617 1666 2652 H.
1681 2617 1729 2652 N.

265 2672 300 2696 x.
326 2672 345 2705 3
369 2661 546 2697 coniicit:
571 2663 699 2707 potius
720 2662 761 2697 in
778 2663 895 2698 Plinii
912 2663 994 2699 loco
1012 2664 1079 2699 sub
1100 2665 1286 2709 eademque
1310 2664 1451 2698 ualeria
1475 2661 1574 2698 latet
1596 2664 1727 2699 alario.

265 2719 284 2743 2
291 2717 307 2753 5
334 2710 513 2744 Statium:
540 2708 633 2746 Stat.
657 2711 758 2746 Theb.
777 2710 830 2746 iii.
852 2719 918 2756 523
932 2723 1032 2756 seqq.
1169 2718 1212 2754 27
1227 2711 1370 2756 fortior
1389 2711 1481 2746 etc.:
1507 2708 1602 2746 Stat.
1625 2710 1727 2746 Theb.

264 2755 318 2791 iii.
338 2764 418 2802 530,
438 2764 518 2802 531.

377 2827 417 2869 5⁶
