1878 3172
198 100 274 151 578
294 110 320 141 c
661 98 923 143 IOANNIS
962 98 1474 145 SARESBERIENSIS
1637 98 1747 161 [ΗΒ.
1762 112 1805 145 v·
1846 82 1850 118 i

336 219 564 275 repetitur.
641 218 814 276 Inspice
861 218 998 261 uerba
1041 218 1151 276 legis
1196 222 1242 262 et
1279 222 1447 276 quanta
1488 219 1810 278 indignatione:
1855 250 1858 258 1

334 288 500 331 crimen
538 288 621 331 1100
659 291 949 345 persequatur
981 288 1191 331 attende:
1230 288 1293 332 Vt
1321 289 1464 342 unius,
1493 289 1651 346 inquit,
1678 303 1794 347 pena
1856 283 1865 337 ῗῖ

334 360 480 400 metus
523 357 662 414 possit
700 372 793 400 esse
830 357 1084 410 multorum,
1124 358 1279 401 ducem
1318 358 1395 415 qui
1433 358 1547 402 male
1595 358 1688 416 egit
1735 357 1793 401 ad
1864 401 1865 404 ,

334 426 620 483 prouinciam,
659 441 792 483 quam
834 426 1095 478 nudauerat,
1135 441 1235 470 cum
1277 427 1478 470 custodia
1527 427 1793 484 competenti

335 495 400 538 ire
433 495 738 552 praecipimus,
771 498 823 538 ut
853 510 943 538 non
976 495 1118 538 solum
1150 496 1268 552 quod
1296 496 1389 554 egit
1421 511 1511 539 non
1545 496 1688 539 dicam
1717 495 1791 541 do·
1811 511 1830 546 5

1860 496 1862 498 ’
1875 491 1878 526 !

335 565 542 608 mesticus
575 565 652 607 sed
682 564 1002 621 manipularius
1034 567 1080 608 et
1110 565 1313 608 minister
1342 565 1522 622 accepit,
1553 579 1710 608 uerum
1740 567 1794 608 ut

334 633 381 675 id
411 633 528 690 quod
557 633 650 690 ipse
679 647 706 675 a
735 633 1079 689 prouincialibus
1107 633 1217 676 meis
1245 633 1396 691 rapuit
1425 636 1505 676 aut
1533 633 1726 684 sustulit,
1746 632 1794 676 in
1867 647 1874 682 j

287 704 317 744 d
335 702 631 759 quadruplum
658 702 828 744 inuitus
855 702 1044 745 exoluat.
1104 702 1305 759 Itemque
1319 719 1332 752 z,
1359 702 1522 746 Omnes
1548 702 1794 759 cognitores
1870 711 1878 754 j

334 775 381 814 et
408 771 573 814 iudices
593 786 620 814 a
649 771 845 827 pecuniis
875 774 1008 828 atque
1036 771 1314 828 patrimoniis
1342 786 1500 814 manus
1529 771 1794 824 abstineant,

333 855 476 897 neque
510 840 703 883 alienum
738 840 932 897 iurgium
966 843 1127 897 putent
1166 855 1291 883 suam
1322 841 1542 898 praedam.
1616 839 1793 883 Etenim
1813 859 1878 893 ιο-ς,

333 910 611 967 priuatorum
650 909 798 952 litium
836 909 1037 967 cognitor
1082 910 1284 967 idemque
1323 912 1539 953 mercator
1577 911 1794 952 statutam
1861 899 1878 947 *ἦ

334 979 506 1037 legibus
554 981 735 1036 cogetur
784 979 933 1022 subire
982 979 1207 1022 iacturam.
1286 979 1346 1022 Et
1393 979 1505 1021 illud
1526 994 1535 1021 ε
1584 978 1794 1021 Iubemus

334 1063 508 1105 quoque
539 1051 585 1091 et
618 1049 848 1091 hortamur
881 1051 944 1099 ut,
974 1048 1012 1091 si
1041 1048 1140 1105 quis
1171 1048 1288 1091 forte
1321 1048 1635 1091 honoratorum
1666 1047 1794 1090 decu-

333 1117 508 1160 rionum
527 1131 823 1174 possessorum
843 1120 1064 1174 postremo
1083 1117 1218 1160 etiam
1244 1117 1495 1162 colonorum
1515 1131 1542 1159 a
1561 1115 1794 1160 cuiuslibet

333 1186 500 1231 ordinis
526 1186 669 1231 iudice
696 1185 834 1230 fuerit
860 1187 1009 1243 aliqua
1035 1187 1206 1231 ratione
1232 1201 1477 1239 concussus,
1497 1186 1535 1229 si
1561 1185 1660 1242 quis
1683 1185 1794 1229 sciat
1813 1202 1853 1238 ¹5

334 1255 535 1301 uenalem
556 1255 610 1298 de
630 1255 725 1301 iure
745 1254 882 1301 fuisse
901 1255 1178 1308 sententiam,
1197 1255 1236 1298 si
1257 1255 1356 1312 quis
1374 1269 1533 1312 penam
1552 1255 1624 1298 uel
1650 1254 1793 1312 pretio
1827 1302 1833 1306 ,

333 1325 560 1367 remissam
586 1325 659 1367 uel
684 1324 797 1369 uitio
825 1324 1082 1381 cupiditatis
1111 1324 1355 1381 ingestam3
1384 1324 1422 1367 si
1450 1324 1549 1381 quis
1574 1326 1795 1381 postremo

334 1408 608 1450 quacumque
624 1393 677 1436 de
698 1408 829 1436 causa
848 1393 1097 1450 improbum
1117 1394 1305 1436 iudicem
1325 1393 1521 1450 potuerit
1540 1392 1794 1449 approbare,

332 1463 371 1505 is
390 1463 462 1505 uel
477 1462 816 1507 administrante
831 1477 881 1505 eo
901 1462 973 1505 uel
992 1465 1092 1519 post
1107 1462 1534 1505 administrationem
1549 1462 1794 1519 depositam

332 1532 381 1573 in
419 1518 643 1588 publicum
678 1530 873 1587 prodeat,
909 1531 1081 1578 deferat
1120 1531 1297 1582 crimen,
1332 1531 1526 1574 delatum
1567 1530 1793 1587 approbet,
1813 1543 1878 1573 ιο

334 1614 435 1643 011111
474 1599 730 1656 probauerit
775 1602 820 1645 et
865 1600 1097 1645 uictoriam
1146 1602 1452 1656 reportaturus
1502 1602 1548 1643 et
1594 1599 1793 1657 gloriam.

189 1681 270 1722 579
289 1681 319 1711 a
335 1669 518 1713 Vtinam
549 1669 656 1711 haec
686 1668 759 1713 uel
790 1668 1032 1715 audiantur
1062 1683 1089 1711 a
1122 1669 1309 1722 nostris3
1347 1683 1451 1712 nam
1480 1671 1533 1711 ut
1562 1671 1796 1711 seruentur

334 1740 488 1794 optare
514 1737 594 1782 uix
620 1737 772 1781 audeo.
834 1737 953 1790 Quos
980 1738 1182 1794 quotiens
1206 1737 1463 1795 diligentius
1486 1738 1673 1790 intueor,
1693 1751 1793 1781 con-

334 1821 530 1850 cussores
552 1806 662 1848 mihi
691 1806 840 1863 potius
868 1806 1023 1850 uideor
1051 1807 1202 1850 uidere
1232 1822 1364 1864 quam
1393 1807 1569 1858 iudices,
1589 1821 1639 1850 ac
1667 1806 1706 1849 si
1734 1806 1792 1849 ad

335 1876 417 1919 hoc
445 1876 587 1920 solum
613 1876 708 1918 dati
734 1876 826 1920 sint
851 1878 903 1918 ut
934 1876 1207 1933 prouinciam
1230 1877 1432 1934 spolient.
1490 1875 1579 1919 Sed
1604 1878 1649 1919 et
1674 1875 1792 1933 leges
1812 1891 1853 1926 ²5

335 1945 456 2002 ipsae
486 1948 531 1988 et
559 1945 907 1996 consuetudines,
936 1945 1096 2001 quibus
1125 1960 1242 1989 nunc
1270 1945 1453 1996 uiuitur,
1476 1945 1661 1988 insidiae
1687 1947 1794 1988 sunt

336 2060 358 2095 8
384 2059 556 2095 exsoluat
573 2059 639 2095 SM
782 2069 825 2105 19
848 2058 1154 2096 amministrante
1172 2059 1212 2094 M

382 2174 403 2199 2
435 2164 479 2198 Vt
493 2165 605 2199 unius
621 2165 714 2200 ete·
740 2162 831 2201 Cod
847 2161 897 2197 ix.
917 2171 973 2206 27.
994 2172 1022 2199 1.
1148 2171 1166 2208 5
1194 2163 1285 2208 eyit:
1307 2163 1385 2198 eine
1400 2160 1487 2199 Cod.
1619 2163 1641 2198 8
1668 2162 1796 2199 Omnes

335 2212 528 2256 coynitores
549 2214 648 2247 etc.:
676 2209 766 2246 Cod.
789 2209 839 2245 ix.
863 2218 919 2253 27.
944 2219 976 2254 3.
1119 2219 1162 2246 12
1186 2211 1354 2245 Iubemus
1376 2212 1472 2246 etc.:
1497 2208 1585 2245 eod.
1607 2208 1659 2246 ix.
1681 2218 1737 2254 27.
1758 2219 1794 2254 4.

336 2259 381 2294 26
399 2260 691 2294 consuetudines:
714 2256 933 2293 Notandum
947 2257 1005 2292 est
1020 2255 1127 2292 illam
1141 2256 1409 2294 dissensionem
1421 2256 1525 2292 inter
1534 2255 1741 2292 Henricum
1754 2256 1793 2292 ΙΙ

336 2307 376 2341 et
387 2305 570 2341 Thomam
587 2303 911 2358 archiepiscopum
928 2302 1237 2342 Cantuariensem
1252 2303 1314 2349 (ad
1330 2314 1453 2349 quem,
1469 2302 1557 2338 dum
1574 2303 1696 2339 adhuc
1710 2315 1794 2339 can·
1835 2303 1837 2305 ’

337 2351 512 2388 cellarius
529 2354 621 2395 erat,
640 2351 799 2405 scriptus
816 2352 874 2388 est
890 2351 1139 2396 Policraticus)
1154 2351 1200 2388 de
1217 2350 1325 2396 regni
1338 2351 1654 2387 consuetudinibus
1670 2352 1793 2386 ortam

337 2410 441 2442 esse3
467 2411 562 2444 quae
575 2399 616 2435 in
630 2398 790 2435 concilio
803 2397 1044 2434 celeberrimo
1060 2398 1160 2443 apud
1173 2397 1449 2434 Clarendonam
1461 2396 1592 2434 habito
1605 2399 1716 2443 emiqit
1727 2409 1794 2434 rea:

339 2448 397 2491 (ut
419 2446 541 2482 verbis
559 2445 717 2482 Nostri
706 2458 747 2482 111
769 2447 837 2482 Vit.
853 2446 889 2481 S.
909 2447 1062 2480 Thomae
1078 2453 1167 2490 c.15
1186 2445 1287 2490 utar)
1305 2446 1506 2481 instantius
1520 2449 1586 2480 ut.
1628 2445 1792 2490 ‚publice

336 2498 603 2529 recenserentur
615 2499 646 2528 et
661 2504 823 2549 expresso
839 2497 871 2527 et
886 2494 1042 2528 absoluto
1061 2494 1222 2527 omnium
1244 2494 1486 2538 episcoporum
1500 2503 1649 2527 assensu
1663 2494 1794 2536 firma-

335 2545 473 2585 rentur,
502 2542 606 2576 nulla
633 2542 779 2576 omnino
811 2541 1013 2575 conditione
1044 2540 1182 2575 adiecta
1216 2539 1351 2585 (qualis
1383 2538 1530 2575 scilicet
1562 2538 1687 2575 fuerat
1717 2537 1793 2575 ista

335 2587 502 2623 Thomae
529 2587 691 2623 formula
721 2588 822 2622 saluo
854 2588 980 2622 ordine
1010 2586 1114 2630 meo).
1171 2586 1226 2623 De
1254 2587 1504 2622 consuetudine
1529 2597 1561 2621 v.
1591 2587 1673 2631 Diy.
1702 2584 1727 2621 i.
1750 2595 1790 2639 3.

336 2644 394 2679 32,
412 2635 479 2679 38,
505 2634 554 2670 cf.
577 2634 706 2670 Isidor.
731 2636 827 2678 Oriy.
851 2633 890 2670 ii.
917 2643 961 2670 10
983 2632 1001 2679 §
1022 2643 1043 2669 2
1062 2632 1209 2678 (Migne
1227 2634 1268 2668 P.
1280 2635 1322 2668 L.
1341 2631 1471 2668 lxxxii.
1492 2631 1573 2678 130)
1600 2632 1666 2677 qui
1686 2631 1791 2669 iuris·

336 2681 594 2717 consultorum
626 2680 831 2717 sententias
869 2679 922 2716 sic
953 2679 1116 2716 breviter
1148 2679 1352 2726 expressit:
1397 2680 1620 2715 Consuetudo
1652 2684 1703 2715 eet
1732 2682 1792 2716 ius

335 2730 514 2775 quoddam
529 2729 687 2765 moribus
701 2730 917 2773 institutum,
934 2729 1028 2774 quod
1039 2738 1109 2773 pro
1125 2728 1197 2773 leqe
1211 2728 1411 2774 suscipitur
1423 2738 1503 2763 cum
1518 2728 1637 2772 deficit
1653 2727 1720 2763 lex.

447 2808 513 2843 350
