1878 3172
22 156 27 162 “
78 167 179 202 cu.
191 159 286 215 vn]
593 159 993 206 POLICRA'I'ICV
995 161 1028 205 S
1547 174 1624 216 ⁵57
1642 167 1672 205 b

78 276 201 322 fama
218 279 414 322 omnium
438 279 570 322 fidem
589 280 810 323 astrinxit.
869 281 988 334 Quid
1011 281 1067 324 de
1091 281 1363 324 continentia
1387 281 1531 327 dicam

77 361 311 404 rerumque
338 350 604 404 contemptu,
633 348 986 405 quandoquidem
1019 349 1245 393 Plutarchi
1273 353 1530 408 strategem-

69 416 241 462 .matica
266 416 479 459 nonnulla
503 417 714 474 promisi?
770 417 968 461 Marcum
995 417 1208 462 Catonem
1241 419 1392 462 eodem
1422 420 1529 463 uino

77 498 165 540 quo
183 485 370 542 remiges
386 487 642 529 contentum
661 485 798 529 fuisse
816 486 1021 530 traditur.
1083 487 1303 530 Atthilius
1322 487 1528 546 Regulus,

37 567 58 601 5
76 567 177 595 cum
214 554 397 597 summis
434 554 565 597 rebus
602 554 877 611 praefuisset,
911 555 1020 599 adeo
1057 570 1226 613 pauper
1262 555 1353 599 fuit
1389 559 1443 600 ut
1481 572 1527 600 se

74 622 304 679 coniugem
341 623 587 680 liberosque
631 624 840 667 toleraret
885 625 1027 682 agello
1065 625 1141 681 qui
1180 625 1405 668 colebatur
1448 640 1528 682 per

75 703 214 732 unum
258 691 478 744 uillicum;
515 692 640 734 cuius
673 692 827 735 audita
859 696 1012 744 morte,
1045 693 1221 750 scripsit
1257 694 1431 737 senatui
1471 693 1526 737 de
1543 709 1568 737 c

74 772 319 802 succeoeore
354 760 440 803 sibi
477 760 663 803 creando
700 764 757 811 et,
795 761 1021 806 destitutis
1059 763 1189 805 rebus
1228 762 1354 806 obitu
1396 764 1525 813 serui,

74 828 362 871 necessariam
395 843 487 871 esse
516 829 809 885 praesentiam
838 844 975 873 suam.
1045 830 1211 874 Gneius
1244 831 1392 888 Scipio
1424 836 1526 888 post

17 911 61 938 ιο
77 910 147 939 188
188 910 392 953 prospere
429 897 478 939 in
516 897 734 954 Hispania
774 901 920 955 gestas
958 899 1006 941 in
1044 914 1217 943 summa
1262 904 1524 958 paupertate

74 963 270 1015 decessit,
299 980 356 1008 118
385 980 438 1008 ea
467 966 644 1022 quidem
675 966 827 1010 relicta
863 968 1049 1023 pecunia
1081 983 1193 1025 quae
1222 969 1439 1012 sufficeret
1477 970 1523 1010 in

73 1032 221 1076 dotem
272 1033 567 1076 feminarum·
557 1068 568 1087 ,
625 1049 735 1091 quas
781 1035 838 1078 ob
889 1036 1082 1093 inopiam
1129 1038 1303 1094 publice
1349 1038 1524 1080 dotauit

73 1104 263 1144 senatus.
320 1102 446 1145 Idem
489 1104 806 1159 praestiterunt
844 1105 1135 1149 Athenienses
1171 1106 1276 1149 filiis
1313 1106 1523 1149 Aristidis

71 1173 174 1226 post
210 1171 577 1227 amplissimarum
619 1187 766 1215 rerum
804 1173 1229 1217 administrationem
1266 1174 1314 1217 in
1351 1189 1524 1217 summa

10 1253 56 1295 ⁷¹⁵
73 1242 333 1296 paupertate
365 1240 575 1284 defuncti.
647 1241 874 1284 Hannibal
904 1242 959 1285 de
992 1247 1119 1286 nocte
1156 1258 1334 1301 surgere
1367 1243 1523 1287 solitus

72 1322 162 1350 non
199 1308 496 1364 requiescebat
529 1312 633 1352 ante
666 1313 849 1361 noctem,
880 1312 1132 1368 crepusculo
1170 1312 1346 1355 demum
1384 1312 1522 1355 socios

70 1376 130 1418 ad
167 1390 319 1420 cenam
356 1378 555 1430 uocabat,
594 1393 734 1434 neque
772 1379 962 1435 amplius
1009 1395 1141 1436 quam
1179 1380 1350 1423 duobus
1397 1381 1522 1424 lectis

69 1443 426 1488 discumbebatur
462 1446 582 1502 apud
626 1461 737 1489 eum.
815 1447 952 1499 Idem,
982 1462 1083 1490 cum
1127 1448 1211 1491 sub
1258 1448 1522 1492 Hasdribale

70 1513 285 1557 militamt
330 1514 604 1571 imperatore,
641 1515 899 1571 plerumque
946 1530 1078 1572 super
1124 1517 1289 1559 nudam
1336 1518 1520 1560 humum

11 1601 57 1629 ιο
70 1582 224 1639 sagulo
256 1585 399 1626 tectus
436 1597 640 1640 sompnos
677 1584 889 1640 capiebat.
968 1585 1235 1628 Emilianum
1273 1585 1521 1642 Scipionem

69 1650 266 1693 traditur
291 1651 340 1693 in
368 1651 526 1694 itinere
554 1666 654 1694 cum
682 1653 834 1696 amicis
861 1653 1160 1696 ambulantem
1197 1657 1375 1711 accepto
1406 1669 1520 1711 pane

69 1719 189 1762 uesci
226 1719 418 1763 solitum.
491 1720 606 1763 Item
636 1724 682 1763 et
710 1721 764 1764 de
792 1722 1046 1765 Alexandro
1075 1723 1311 1766 Macedone
1344 1724 1517 1767 dicitur.
1532 1723 1563 1763 d

69 1787 300 1845 Augustus
328 1787 490 1832 Caesar
516 1789 688 1831 minimi
716 1790 803 1832 cibi
834 1793 930 1833 erat
961 1794 1094 1847 atque
1127 1792 1335 1849 uulgaris.
1409 1793 1518 1836 Fere

70 1856 376 1898 secundarium
426 1871 585 1913 panem
638 1861 683 1900 et
730 1858 959 1914 pisciculos
1009 1859 1203 1902 minutos
1251 1863 1296 1902 et
1343 1875 1517 1904 caseum

10 1939 53 1975 ²⁵
71 1923 271 1966 bibulum
308 1939 443 1967 manu
471 1939 668 1981 pressum
697 1929 742 1968 et
781 1927 890 1969 ficus
927 1926 1089 1969 biferas
1123 1927 1287 1970 uirides
1325 1929 1518 1971 maxime

70 1992 317 2049 appetebat,
335 1993 678 2049 uescebaturque
706 1997 810 2036 ante
838 2008 1001 2044 cenam,
1021 2009 1292 2051 quocumque
1321 1999 1517 2052 tempore

69 2064 117 2104 et
162 2060 257 2103 1080
304 2063 522 2103 stomacus
565 2061 878 2113 desiderasset3
926 2062 1043 2104 unde
1091 2063 1184 2118 ipse
1233 2063 1280 2105 in
1326 2064 1515 2119 quadam

68 2129 275 2186 epistola:
316 2128 385 2170 Ne
424 2129 587 2171 Iudeus
626 2129 814 2185 quidem,
851 2129 913 2171 mi
952 2129 1110 2179 Tiberi,
1149 2133 1241 2172 tam
1280 2131 1516 2187 diligenter

66 2197 299 2240 sabbatum
333 2200 481 2239 seruat
505 2211 636 2252 quam
672 2212 752 2253 ego
782 2197 911 2239 hodie
942 2197 1116 2239 seruaui
1155 2198 1231 2253 qui
1271 2198 1319 2240 in
1357 2199 1513 2242 balneo

66 2268 168 2323 post
214 2265 367 2307 horam
415 2265 603 2320 primam
652 2265 793 2307 noctis
840 2265 950 2307 duas
998 2265 1203 2307 buccatas
1249 2266 1513 2309 manducaui

64 2334 321 2391 priusquam
347 2333 455 2390 ungi
480 2332 726 2389 inciperem.
784 2332 903 2374 Iram
930 2347 1101 2388 quoque
1129 2333 1337 2376 citissime
1363 2335 1512 2378 remit—

66 2460 111 2495 14
135 2449 515 2486 amministrationem
532 2447 571 2483 M
732 2458 780 2484 20
802 2459 951 2485 somnos
967 2447 992 2483 S
1086 2449 1263 2495 capiebat
1278 2461 1453 2496 sompnus
1470 2451 1511 2487 M

65 2507 110 2543 25
134 2496 287 2533 bifferas
303 2496 343 2531 M
484 2505 528 2539 27
554 2494 766 2531 stomachus
781 2494 821 2530 M
962 2496 1008 2531 28
1025 2495 1199 2541 equidem
1213 2497 1247 2532 A
1338 2498 1461 2543 tyberi
1478 2499 1509 2533 B

111 2609 133 2644 3
157 2600 320 2633 Marcum
342 2599 508 2633 Catonem
524 2598 620 2632 etc.:
646 2595 815 2632 Frontin.
832 2597 944 2632 Sem&
956 2596 1002 2631 iv.
1017 2607 1037 2642 3
1056 2596 1074 2642 §
1096 2607 1125 2633 1.
1288 2609 1311 2642 4
1335 2600 1468 2635 Auhili
1454 2613 1511 2635 ms

62 2646 222 2690 1309qu
245 2647 316 2680 etc.
342 2655 457 2688 usque
481 2643 529 2678 ad
552 2645 713 2687 defuncti
736 2644 890 2689 (557c):
915 2643 1084 2679 Fronti.n
1110 2645 1219 2679 Serae.
1240 2643 1277 2679 iv
1278 2655 1333 2690 ,3
1359 2645 1402 2692 §§
1429 2656 1472 2691 3·
1477 2657 1508 2692 5.

65 2692 87 2727 8
110 2692 180 2727 sibi
194 2693 366 2726 creando:
391 2691 525 2725 desunt
541 2701 599 2734 ap.
614 2689 782 2725 Frontin.
954 2699 994 2735 15
1012 2692 1201 2726 Hannibal
1215 2693 1310 2728 etc.:
1338 2692 1468 2728 Fronti
1456 2705 1506 2728 111.

63 2739 173 2774 strae.
189 2737 227 2772 iv
227 2748 275 2782 .3
295 2736 335 2783 ἐξ
354 2746 455 2780 7—10.
586 2737 628 2772 16
650 2738 779 2772 socios:
806 2736 911 2773 deest
927 2747 986 2782 ap.
1004 2736 1053 2771 Fr
1054 2737 1173 2773 ontin.
1298 2748 1342 2783 23
1368 2741 1456 2775 mim
1452 2741 1510 2774 'im

63 2785 134 2820 cibi
149 2785 245 2820 etc.:
272 2795 305 2818 v.
321 2783 421 2818 Suet.
437 2784 521 2828 Any
522 2783 604 2825 76.
730 2791 773 2828 25
799 2784 978 2818 bibulum:
1004 2784 1174 2820 bubulum
1190 2783 1341 2821 Sueton.
1463 2795 1505 2831 31

62 2831 167 2866 Iram
182 2832 272 2866 etc.:
299 2829 400 2866 Haec
413 2795 582 2865 clausula
595 2839 655 2875 ap.
669 2827 823 2865 Sueton.
841 2841 919 2866 non
935 2831 1068 2866 exstat.

140 2901 220 2919 vm
759 2897 781 2925 Β
806 2898 828 2925 8
1337 2901 1401 2935 ³¹3
