<?xml version="1.0" encoding="UTF-8"?>
<!DOCTYPE html PUBLIC "-//W3C//DTD XHTML 1.0 Transitional//EN"
    "http://www.w3.org/TR/xhtml1/DTD/xhtml1-transitional.dtd">
<html xmlns="http://www.w3.org/1999/xhtml" xml:lang="en" lang="en">
 <head>
  <title>
</title>
<meta http-equiv="Content-Type" content="text/html;charset=utf-8" />
  <meta name='ocr-system' content='tesseract 3.04.00' />
  <meta name='ocr-capabilities' content='ocr_page ocr_carea ocr_par ocr_line ocrx_word'/>
</head>
<body>
  <div class='ocr_page' id='page_1' title='image "./ioannissaresberi01johnuoft_0254.png"; bbox 0 0 1878 3172; ppageno 0'>
   <div class='ocr_carea' id='block_1_1' title="bbox 156 179 1777 240">
    <p class='ocr_par' dir='ltr' id='par_1_1' title="bbox 156 179 1777 240">
     <span class='ocr_line' id='line_1_1' title="bbox 156 179 1777 240; baseline 0.002 -20"><span class='ocrx_word' id='word_1_1' title='bbox 156 191 242 230; x_wconf 86' lang='lat'>493</span> <span class='ocrx_word' id='word_1_2' title='bbox 262 191 293 220; x_wconf 83' lang='lat' dir='ltr'>a</span> <span class='ocrx_word' id='word_1_3' title='bbox 642 179 842 223; x_wconf 89' lang='lat' dir='ltr'>IOANN</span> <span class='ocrx_word' id='word_1_4' title='bbox 844 179 901 223; x_wconf 87' lang='lat' dir='ltr'>IS</span> <span class='ocrx_word' id='word_1_5' title='bbox 931 179 1443 224; x_wconf 86' lang='lat' dir='ltr'><strong>SARESBERIENSIS</strong></span> <span class='ocrx_word' id='word_1_6' title='bbox 1590 179 1700 240; x_wconf 70' lang='grc' dir='ltr'><strong>[ΠΒ.</strong></span> <span class='ocrx_word' id='word_1_7' title='bbox 1716 192 1777 224; x_wconf 85' lang='lat'>111</span> 
     </span>
    </p>
   </div>
   <div class='ocr_carea' id='block_1_2' title="bbox 264 299 1859 2369">
    <p class='ocr_par' dir='ltr' id='par_1_2' title="bbox 264 299 1859 2369">
     <span class='ocr_line' id='line_1_2' title="bbox 313 299 1849 361; baseline 0.001 -19"><span class='ocrx_word' id='word_1_8' title='bbox 313 299 505 342; x_wconf 82' lang='lat' dir='ltr'>Fabricii</span> <span class='ocrx_word' id='word_1_9' title='bbox 535 299 679 350; x_wconf 85' lang='lat' dir='ltr'>fidem,</span> <span class='ocrx_word' id='word_1_10' title='bbox 709 299 1006 342; x_wconf 72' lang='lat' dir='ltr'>innocentiam</span> <span class='ocrx_word' id='word_1_11' title='bbox 1037 299 1224 352; x_wconf 80' lang='lat' dir='ltr'>Numae,</span> <span class='ocrx_word' id='word_1_12' title='bbox 1254 300 1516 357; x_wconf 69' lang='lat' dir='ltr'>pudicitiam</span> <span class='ocrx_word' id='word_1_13' title='bbox 1546 300 1776 358; x_wconf 82' lang='lat' dir='ltr'>Scipionis,</span> <span class='ocrx_word' id='word_1_14' title='bbox 1845 306 1849 361; x_wconf 61' lang='grc' dir='ltr'>ζ</span> 
     </span>
     <span class='ocr_line' id='line_1_3' title="bbox 310 367 1845 427; baseline 0.001 -17"><span class='ocrx_word' id='word_1_15' title='bbox 310 368 696 425; x_wconf 68' lang='lat' dir='ltr'>longanimitatem</span> <span class='ocrx_word' id='word_1_16' title='bbox 725 368 883 420; x_wconf 81' lang='lat' dir='ltr'>Vlixis,</span> <span class='ocrx_word' id='word_1_17' title='bbox 919 367 1103 411; x_wconf 86' lang='lat' dir='ltr'>Catonis</span> <span class='ocrx_word' id='word_1_18' title='bbox 1134 369 1408 425; x_wconf 88' lang='lat' dir='ltr'>parcitatem,</span> <span class='ocrx_word' id='word_1_19' title='bbox 1439 369 1529 412; x_wconf 89' lang='lat' dir='ltr'>Titi</span> <span class='ocrx_word' id='word_1_20' title='bbox 1563 369 1776 426; x_wconf 88' lang='lat' dir='ltr'>pietatem</span> <span class='ocrx_word' id='word_1_21' title='bbox 1843 424 1845 427; x_wconf 27' lang='grc' dir='ltr'>Ι</span> 
     </span>
     <span class='ocr_line' id='line_1_4' title="bbox 311 437 1777 496; baseline 0.001 -17"><span class='ocrx_word' id='word_1_22' title='bbox 311 437 546 481; x_wconf 63' lang='lat' dir='ltr'>imitatur?</span> <span class='ocrx_word' id='word_1_23' title='bbox 570 448 573 450; x_wconf 84' lang='grc'><strong>’</strong></span> <span class='ocrx_word' id='word_1_24' title='bbox 605 437 715 490; x_wconf 81' lang='lat' dir='ltr'>Quis</span> <span class='ocrx_word' id='word_1_25' title='bbox 735 452 824 480; x_wconf 93' lang='lat' dir='ltr'>non</span> <span class='ocrx_word' id='word_1_26' title='bbox 844 452 944 481; x_wconf 93' lang='lat' dir='ltr'>cum</span> <span class='ocrx_word' id='word_1_27' title='bbox 964 438 1256 481; x_wconf 87' lang='lat' dir='ltr'>admiratione</span> <span class='ocrx_word' id='word_1_28' title='bbox 1276 439 1545 483; x_wconf 54' lang='lat' dir='ltr'>ueneratur?</span> <span class='ocrx_word' id='word_1_29' title='bbox 1577 438 1777 496; x_wconf 86' lang='lat' dir='ltr'>probitas</span> 
     </span>
     <span class='ocr_line' id='line_1_5' title="bbox 264 503 1859 564; baseline -0.001 -13"><span class='ocrx_word' id='word_1_30' title='bbox 264 513 294 552; x_wconf 87' lang='lat' dir='ltr'>b</span> <span class='ocrx_word' id='word_1_31' title='bbox 313 503 530 563; x_wconf 88' lang='lat' dir='ltr'>siquidem</span> <span class='ocrx_word' id='word_1_32' title='bbox 554 507 765 550; x_wconf 88' lang='lat' dir='ltr'>laudatur</span> <span class='ocrx_word' id='word_1_33' title='bbox 790 510 836 550; x_wconf 92' lang='lat' dir='ltr'>et</span> <span class='ocrx_word' id='word_1_34' title='bbox 855 507 986 564; x_wconf 87' lang='lat' dir='ltr'>alget.</span> <span class='ocrx_word' id='word_1_35' title='bbox 1046 507 1182 551; x_wconf 92' lang='lat' dir='ltr'>Porro</span> <span class='ocrx_word' id='word_1_36' title='bbox 1211 508 1425 564; x_wconf 86' lang='lat' dir='ltr'>praedicti</span> <span class='ocrx_word' id='word_1_37' title='bbox 1455 511 1500 551; x_wconf 91' lang='lat' dir='ltr'>et</span> <span class='ocrx_word' id='word_1_38' title='bbox 1529 508 1776 552; x_wconf 87' lang='lat' dir='ltr'>consimiles</span> <span class='ocrx_word' id='word_1_39' title='bbox 1842 527 1859 548; x_wconf 73' lang='lat' dir='ltr'><em>c</em></span> 
     </span>
     <span class='ocr_line' id='line_1_6' title="bbox 311 577 1842 634; baseline 0.002 -16"><span class='ocrx_word' id='word_1_40' title='bbox 311 577 462 634; x_wconf 90' lang='lat' dir='ltr'>magni</span> <span class='ocrx_word' id='word_1_41' title='bbox 482 577 660 634; x_wconf 91' lang='lat' dir='ltr'>quidem</span> <span class='ocrx_word' id='word_1_42' title='bbox 681 582 726 621; x_wconf 92' lang='lat' dir='ltr'>et</span> <span class='ocrx_word' id='word_1_43' title='bbox 745 577 989 620; x_wconf 91' lang='lat' dir='ltr'>laudabiles</span> <span class='ocrx_word' id='word_1_44' title='bbox 1013 577 1101 619; x_wconf 90' lang='lat' dir='ltr'>uiri</span> <span class='ocrx_word' id='word_1_45' title='bbox 1130 577 1257 634; x_wconf 88' lang='lat' dir='ltr'>quasi</span> <span class='ocrx_word' id='word_1_46' title='bbox 1287 577 1503 634; x_wconf 87' lang='lat' dir='ltr'>quaedam</span> <span class='ocrx_word' id='word_1_47' title='bbox 1530 578 1775 621; x_wconf 88' lang='lat' dir='ltr'>seculorum</span> <span class='ocrx_word' id='word_1_48' title='bbox 1795 595 1815 630; x_wconf 82' lang='grc'><strong><em>5</em></strong></span> <span class='ocrx_word' id='word_1_49' title='bbox 1840 579 1842 581; x_wconf 76' lang='grc'><strong>’</strong></span> 
     </span>
     <span class='ocr_line' id='line_1_7' title="bbox 311 647 1842 704; baseline 0.001 -15"><span class='ocrx_word' id='word_1_50' title='bbox 311 661 492 689; x_wconf 91' lang='lat' dir='ltr'>suorum</span> <span class='ocrx_word' id='word_1_51' title='bbox 512 647 657 689; x_wconf 89' lang='lat' dir='ltr'>sidera</span> <span class='ocrx_word' id='word_1_52' title='bbox 676 647 1007 704; x_wconf 87' lang='lat' dir='ltr'>splenduerunt,</span> <span class='ocrx_word' id='word_1_53' title='bbox 1027 647 1303 690; x_wconf 86' lang='lat' dir='ltr'>illustrantes</span> <span class='ocrx_word' id='word_1_54' title='bbox 1322 651 1522 704; x_wconf 87' lang='lat' dir='ltr'>tempora</span> <span class='ocrx_word' id='word_1_55' title='bbox 1540 662 1632 698; x_wconf 89' lang='lat' dir='ltr'>sua,</span> <span class='ocrx_word' id='word_1_56' title='bbox 1650 662 1775 704; x_wconf 89' lang='lat' dir='ltr'>prae·</span> <span class='ocrx_word' id='word_1_57' title='bbox 1839 687 1842 691; x_wconf 86' lang='grc'><em>,</em></span> 
     </span>
     <span class='ocr_line' id='line_1_8' title="bbox 311 715 1777 773; baseline 0 -15"><span class='ocrx_word' id='word_1_58' title='bbox 311 716 479 758; x_wconf 92' lang='lat' dir='ltr'>ambuli</span> <span class='ocrx_word' id='word_1_59' title='bbox 499 718 808 759; x_wconf 88' lang='lat' dir='ltr'>coetaneorum</span> <span class='ocrx_word' id='word_1_60' title='bbox 829 730 1009 758; x_wconf 89' lang='lat' dir='ltr'>suorum</span> <span class='ocrx_word' id='word_1_61' title='bbox 1029 716 1077 758; x_wconf 89' lang='lat' dir='ltr'>in</span> <span class='ocrx_word' id='word_1_62' title='bbox 1097 716 1143 758; x_wconf 95' lang='lat' dir='ltr'>id</span> <span class='ocrx_word' id='word_1_63' title='bbox 1164 716 1363 759; x_wconf 90' lang='lat' dir='ltr'>iustitiae</span> <span class='ocrx_word' id='word_1_64' title='bbox 1382 719 1428 759; x_wconf 93' lang='lat' dir='ltr'>et</span> <span class='ocrx_word' id='word_1_65' title='bbox 1439 716 1643 759; x_wconf 90' lang='lat' dir='ltr'>ueritatis</span> <span class='ocrx_word' id='word_1_66' title='bbox 1658 715 1777 773; x_wconf 91' lang='lat' dir='ltr'>quod</span> 
     </span>
     <span class='ocr_line' id='line_1_9' title="bbox 311 785 1846 842; baseline 0 -15"><span class='ocrx_word' id='word_1_67' title='bbox 311 785 597 841; x_wconf 84' lang='lat' dir='ltr'>dispositione</span> <span class='ocrx_word' id='word_1_68' title='bbox 617 785 771 827; x_wconf 89' lang='lat' dir='ltr'>diuina</span> <span class='ocrx_word' id='word_1_69' title='bbox 790 785 1001 827; x_wconf 87' lang='lat' dir='ltr'>illuxerat</span> <span class='ocrx_word' id='word_1_70' title='bbox 1021 786 1096 828; x_wconf 88' lang='lat' dir='ltr'>eis.</span> <span class='ocrx_word' id='word_1_71' title='bbox 1148 785 1221 828; x_wconf 89' lang='lat' dir='ltr'>Sic</span> <span class='ocrx_word' id='word_1_72' title='bbox 1241 800 1414 842; x_wconf 92' lang='lat' dir='ltr'>quoque</span> <span class='ocrx_word' id='word_1_73' title='bbox 1434 786 1482 828; x_wconf 91' lang='lat' dir='ltr'>in</span> <span class='ocrx_word' id='word_1_74' title='bbox 1497 785 1776 829; x_wconf 89' lang='lat' dir='ltr'>successioni·</span> <span class='ocrx_word' id='word_1_75' title='bbox 1844 830 1846 836; x_wconf 66' lang='grc'><strong>,</strong></span> 
     </span>
     <span class='ocr_line' id='line_1_10' title="bbox 311 854 1852 912; baseline 0.001 -16"><span class='ocrx_word' id='word_1_76' title='bbox 311 854 395 896; x_wconf 92' lang='lat' dir='ltr'>bus</span> <span class='ocrx_word' id='word_1_77' title='bbox 414 854 556 896; x_wconf 90' lang='lat' dir='ltr'>fidelis</span> <span class='ocrx_word' id='word_1_78' title='bbox 584 854 736 910; x_wconf 90' lang='lat' dir='ltr'>populi</span> <span class='ocrx_word' id='word_1_79' title='bbox 763 869 1007 911; x_wconf 88' lang='lat' dir='ltr'>numquam</span> <span class='ocrx_word' id='word_1_80' title='bbox 1027 855 1222 898; x_wconf 89' lang='lat' dir='ltr'>humano</span> <span class='ocrx_word' id='word_1_81' title='bbox 1241 855 1392 912; x_wconf 87' lang='lat' dir='ltr'>generi</span> <span class='ocrx_word' id='word_1_82' title='bbox 1417 855 1475 898; x_wconf 89' lang='lat' dir='ltr'>ad</span> <span class='ocrx_word' id='word_1_83' title='bbox 1503 855 1646 898; x_wconf 89' lang='lat' dir='ltr'>noctis</span> <span class='ocrx_word' id='word_1_84' title='bbox 1671 869 1776 897; x_wconf 89' lang='lat' dir='ltr'>suae</span> <span class='ocrx_word' id='word_1_85' title='bbox 1839 899 1852 906; x_wconf 70' lang='grc'><strong><em>,</em></strong></span> 
     </span>
     <span class='ocr_line' id='line_1_11' title="bbox 311 922 1842 981; baseline -0.001 -15"><span class='ocrx_word' id='word_1_86' title='bbox 311 923 517 966; x_wconf 85' lang='lat' dir='ltr'>tenebras</span> <span class='ocrx_word' id='word_1_87' title='bbox 565 923 850 979; x_wconf 89' lang='lat' dir='ltr'>cecitatisque</span> <span class='ocrx_word' id='word_1_88' title='bbox 899 923 1122 967; x_wconf 89' lang='lat' dir='ltr'>molestias</span> <span class='ocrx_word' id='word_1_89' title='bbox 1172 924 1454 981; x_wconf 87' lang='lat' dir='ltr'>depellendas</span> <span class='ocrx_word' id='word_1_90' title='bbox 1501 939 1583 967; x_wconf 89' lang='lat' dir='ltr'>sua</span> <span class='ocrx_word' id='word_1_91' title='bbox 1631 924 1776 967; x_wconf 90' lang='lat' dir='ltr'>sidera</span> <span class='ocrx_word' id='word_1_92' title='bbox 1796 922 1842 965; x_wconf 53' lang='grc' dir='ltr'>κέ</span> 
     </span>
     <span class='ocr_line' id='line_1_12' title="bbox 311 992 1848 1051; baseline 0.001 -17"><span class='ocrx_word' id='word_1_93' title='bbox 311 992 563 1043; x_wconf 81' lang='lat' dir='ltr'>defuerunt,</span> <span class='ocrx_word' id='word_1_94' title='bbox 582 992 671 1034; x_wconf 89' lang='lat' dir='ltr'>uiri</span> <span class='ocrx_word' id='word_1_95' title='bbox 691 993 869 1048; x_wconf 90' lang='lat' dir='ltr'>quidem</span> <span class='ocrx_word' id='word_1_96' title='bbox 889 993 1073 1036; x_wconf 88' lang='lat' dir='ltr'>uirtutis</span> <span class='ocrx_word' id='word_1_97' title='bbox 1092 993 1226 1036; x_wconf 89' lang='lat' dir='ltr'>titulo</span> <span class='ocrx_word' id='word_1_98' title='bbox 1245 994 1414 1037; x_wconf 89' lang='lat' dir='ltr'>nobiles</span> <span class='ocrx_word' id='word_1_99' title='bbox 1428 1007 1777 1051; x_wconf 86' lang='lat' dir='ltr'>magnorumque</span> <span class='ocrx_word' id='word_1_100' title='bbox 1845 1043 1848 1047; x_wconf 35' lang='lat'>‚</span> 
     </span>
     <span class='ocr_line' id='line_1_13' title="bbox 312 1061 1854 1120; baseline 0.001 -16"><span class='ocrx_word' id='word_1_101' title='bbox 312 1076 495 1118; x_wconf 88' lang='lat' dir='ltr'>operum</span> <span class='ocrx_word' id='word_1_102' title='bbox 525 1061 748 1118; x_wconf 78' lang='lat' dir='ltr'>fulgentes</span> <span class='ocrx_word' id='word_1_103' title='bbox 777 1062 1037 1119; x_wconf 89' lang='lat' dir='ltr'>insignibus,</span> <span class='ocrx_word' id='word_1_104' title='bbox 1062 1077 1250 1119; x_wconf 84' lang='lat' dir='ltr'>quorum</span> <span class='ocrx_word' id='word_1_105' title='bbox 1280 1063 1492 1120; x_wconf 91' lang='lat' dir='ltr'>exemplis</span> <span class='ocrx_word' id='word_1_106' title='bbox 1522 1063 1579 1106; x_wconf 90' lang='lat' dir='ltr'>ad</span> <span class='ocrx_word' id='word_1_107' title='bbox 1608 1063 1777 1106; x_wconf 91' lang='lat' dir='ltr'>cultum</span> <span class='ocrx_word' id='word_1_108' title='bbox 1835 1073 1854 1115; x_wconf 70' lang='grc' dir='ltr'>’ἶ</span> 
     </span>
     <span class='ocr_line' id='line_1_14' title="bbox 313 1131 1777 1188; baseline 0 -14"><span class='ocrx_word' id='word_1_109' title='bbox 313 1131 512 1174; x_wconf 88' lang='lat' dir='ltr'>iustitiae</span> <span class='ocrx_word' id='word_1_110' title='bbox 532 1145 703 1188; x_wconf 90' lang='lat' dir='ltr'>semper</span> <span class='ocrx_word' id='word_1_111' title='bbox 723 1131 800 1173; x_wconf 89' lang='lat' dir='ltr'>alii</span> <span class='ocrx_word' id='word_1_112' title='bbox 820 1132 1136 1188; x_wconf 89' lang='lat' dir='ltr'>prouehantur.</span> <span class='ocrx_word' id='word_1_113' title='bbox 1180 1133 1340 1176; x_wconf 90' lang='lat' dir='ltr'>Nonne</span> <span class='ocrx_word' id='word_1_114' title='bbox 1355 1133 1468 1175; x_wconf 91' lang='lat' dir='ltr'>Abel</span> <span class='ocrx_word' id='word_1_115' title='bbox 1480 1132 1777 1185; x_wconf 87' lang='lat' dir='ltr'>innocentiam</span> 
     </span>
     <span class='ocr_line' id='line_1_15' title="bbox 313 1200 1778 1259; baseline 0.001 -17"><span class='ocrx_word' id='word_1_116' title='bbox 313 1201 475 1250; x_wconf 89' lang='lat' dir='ltr'>docuit,</span> <span class='ocrx_word' id='word_1_117' title='bbox 497 1200 648 1243; x_wconf 89' lang='lat' dir='ltr'>Enoch</span> <span class='ocrx_word' id='word_1_118' title='bbox 667 1201 934 1243; x_wconf 87' lang='lat' dir='ltr'>munditiam</span> <span class='ocrx_word' id='word_1_119' title='bbox 954 1202 1169 1245; x_wconf 56' lang='lat' dir='ltr'>actionis?</span> <span class='ocrx_word' id='word_1_120' title='bbox 1228 1202 1347 1255; x_wconf 76' lang='lat' dir='ltr'>Quid</span> <span class='ocrx_word' id='word_1_121' title='bbox 1366 1202 1421 1245; x_wconf 91' lang='lat' dir='ltr'>de</span> <span class='ocrx_word' id='word_1_122' title='bbox 1440 1201 1778 1259; x_wconf 87' lang='lat' dir='ltr'>longanimitate</span> 
     </span>
     <span class='ocr_line' id='line_1_16' title="bbox 313 1270 1842 1327; baseline 0.002 -14"><span class='ocrx_word' id='word_1_123' title='bbox 313 1270 407 1327; x_wconf 91' lang='lat' dir='ltr'>spei</span> <span class='ocrx_word' id='word_1_124' title='bbox 427 1273 472 1313; x_wconf 91' lang='lat' dir='ltr'>et</span> <span class='ocrx_word' id='word_1_125' title='bbox 492 1270 636 1327; x_wconf 87' lang='lat' dir='ltr'>operis</span> <span class='ocrx_word' id='word_1_126' title='bbox 655 1285 745 1313; x_wconf 90' lang='lat' dir='ltr'>non</span> <span class='ocrx_word' id='word_1_127' title='bbox 765 1271 923 1313; x_wconf 88' lang='lat' dir='ltr'>habuit</span> <span class='ocrx_word' id='word_1_128' title='bbox 939 1271 1066 1315; x_wconf 60' lang='lat' dir='ltr'>Noe?</span> <span class='ocrx_word' id='word_1_129' title='bbox 1116 1271 1234 1325; x_wconf 79' lang='lat' dir='ltr'>Quid</span> <span class='ocrx_word' id='word_1_130' title='bbox 1250 1272 1304 1315; x_wconf 92' lang='lat' dir='ltr'>de</span> <span class='ocrx_word' id='word_1_131' title='bbox 1323 1272 1574 1315; x_wconf 86' lang='lat' dir='ltr'>obedientia</span> <span class='ocrx_word' id='word_1_132' title='bbox 1588 1271 1779 1314; x_wconf 87' lang='lat' dir='ltr'>fideliter</span> <span class='ocrx_word' id='word_1_133' title='bbox 1797 1289 1842 1323; x_wconf 48' lang='grc' dir='ltr'>ις</span> 
     </span>
     <span class='ocr_line' id='line_1_17' title="bbox 314 1339 1822 1399; baseline 0.001 -18"><span class='ocrx_word' id='word_1_134' title='bbox 314 1339 539 1396; x_wconf 89' lang='lat' dir='ltr'>implenda</span> <span class='ocrx_word' id='word_1_135' title='bbox 578 1339 723 1382; x_wconf 79' lang='lat' dir='ltr'>defuit</span> <span class='ocrx_word' id='word_1_136' title='bbox 762 1340 999 1384; x_wconf 59' lang='lat' dir='ltr'>Abrahae?</span> <span class='ocrx_word' id='word_1_137' title='bbox 1076 1341 1202 1384; x_wconf 86' lang='lat' dir='ltr'>Isaac</span> <span class='ocrx_word' id='word_1_138' title='bbox 1240 1341 1433 1399; x_wconf 86' lang='lat' dir='ltr'>coniugii</span> <span class='ocrx_word' id='word_1_139' title='bbox 1472 1341 1776 1384; x_wconf 89' lang='lat' dir='ltr'>castimoniam</span> <span class='ocrx_word' id='word_1_140' title='bbox 1809 1367 1822 1380; x_wconf 77' lang='lat'>.›</span> 
     </span>
     <span class='ocr_line' id='line_1_18' title="bbox 273 1404 1825 1467; baseline 0.003 -19"><span class='ocrx_word' id='word_1_141' title='bbox 273 1418 298 1447; x_wconf 91' lang='lat' dir='ltr'>c</span> <span class='ocrx_word' id='word_1_142' title='bbox 315 1409 510 1459; x_wconf 89' lang='lat' dir='ltr'>instruit,</span> <span class='ocrx_word' id='word_1_143' title='bbox 550 1411 595 1452; x_wconf 90' lang='lat' dir='ltr'>et</span> <span class='ocrx_word' id='word_1_144' title='bbox 634 1409 768 1452; x_wconf 91' lang='lat' dir='ltr'>Iacob</span> <span class='ocrx_word' id='word_1_145' title='bbox 811 1409 974 1452; x_wconf 89' lang='lat' dir='ltr'>laboris</span> <span class='ocrx_word' id='word_1_146' title='bbox 1012 1411 1295 1454; x_wconf 86' lang='lat' dir='ltr'>tolerantiam</span> <span class='ocrx_word' id='word_1_147' title='bbox 1335 1411 1541 1454; x_wconf 83' lang='lat' dir='ltr'>ostendit.</span> <span class='ocrx_word' id='word_1_148' title='bbox 1618 1410 1779 1467; x_wconf 91' lang='lat' dir='ltr'>Ioseph</span> <span class='ocrx_word' id='word_1_149' title='bbox 1818 1404 1825 1409; x_wconf 74' lang='grc'><strong>’</strong></span> 
     </span>
     <span class='ocr_line' id='line_1_19' title="bbox 314 1477 1839 1536; baseline 0.001 -16"><span class='ocrx_word' id='word_1_150' title='bbox 314 1478 557 1535; x_wconf 89' lang='lat' dir='ltr'>parricidas</span> <span class='ocrx_word' id='word_1_151' title='bbox 577 1477 740 1521; x_wconf 85' lang='lat' dir='ltr'>fratres</span> <span class='ocrx_word' id='word_1_152' title='bbox 760 1478 864 1521; x_wconf 91' lang='lat' dir='ltr'>boni</span> <span class='ocrx_word' id='word_1_153' title='bbox 885 1479 1176 1522; x_wconf 87' lang='lat' dir='ltr'>retributione</span> <span class='ocrx_word' id='word_1_154' title='bbox 1201 1483 1464 1531; x_wconf 91' lang='lat' dir='ltr'>remunerat,</span> <span class='ocrx_word' id='word_1_155' title='bbox 1485 1494 1622 1536; x_wconf 93' lang='lat' dir='ltr'>eoque</span> <span class='ocrx_word' id='word_1_156' title='bbox 1652 1479 1779 1522; x_wconf 90' lang='lat' dir='ltr'>docet</span> <span class='ocrx_word' id='word_1_157' title='bbox 1838 1527 1839 1530; x_wconf 11' lang='grc' dir='ltr'><strong>Ἴ</strong></span> 
     </span>
     <span class='ocr_line' id='line_1_20' title="bbox 299 1545 1777 1604; baseline 0.002 -15"><span class='ocrx_word' id='word_1_158' title='bbox 299 1545 343 1590; x_wconf 67' lang='lat' dir='ltr'>‘a</span> <span class='ocrx_word' id='word_1_159' title='bbox 381 1548 509 1590; x_wconf 89' lang='lat' dir='ltr'>bonis</span> <span class='ocrx_word' id='word_1_160' title='bbox 546 1548 663 1590; x_wconf 86' lang='lat' dir='ltr'>bona</span> <span class='ocrx_word' id='word_1_161' title='bbox 701 1562 782 1604; x_wconf 92' lang='lat' dir='ltr'>pro</span> <span class='ocrx_word' id='word_1_162' title='bbox 820 1548 949 1591; x_wconf 90' lang='lat' dir='ltr'>malis</span> <span class='ocrx_word' id='word_1_163' title='bbox 988 1549 1238 1592; x_wconf 90' lang='lat' dir='ltr'>tribuenda.</span> <span class='ocrx_word' id='word_1_164' title='bbox 1309 1549 1366 1592; x_wconf 89' lang='lat' dir='ltr'>In</span> <span class='ocrx_word' id='word_1_165' title='bbox 1404 1549 1558 1591; x_wconf 90' lang='lat' dir='ltr'>multis</span> <span class='ocrx_word' id='word_1_166' title='bbox 1596 1548 1777 1592; x_wconf 82' lang='lat' dir='ltr'>milibus</span> 
     </span>
     <span class='ocr_line' id='line_1_21' title="bbox 315 1617 1829 1676; baseline 0 -16"><span class='ocrx_word' id='word_1_167' title='bbox 315 1617 530 1660; x_wconf 83' lang='lat' dir='ltr'>increduli</span> <span class='ocrx_word' id='word_1_168' title='bbox 569 1617 767 1659; x_wconf 86' lang='lat' dir='ltr'>indurati</span> <span class='ocrx_word' id='word_1_169' title='bbox 802 1620 848 1660; x_wconf 95' lang='lat' dir='ltr'>et</span> <span class='ocrx_word' id='word_1_170' title='bbox 887 1617 1031 1661; x_wconf 92' lang='lat' dir='ltr'>Deum</span> <span class='ocrx_word' id='word_1_171' title='bbox 1070 1633 1242 1676; x_wconf 88' lang='lat' dir='ltr'>semper</span> <span class='ocrx_word' id='word_1_172' title='bbox 1280 1618 1584 1662; x_wconf 86' lang='lat' dir='ltr'>exacerbantis</span> <span class='ocrx_word' id='word_1_173' title='bbox 1622 1618 1776 1675; x_wconf 91' lang='lat' dir='ltr'>populi</span> <span class='ocrx_word' id='word_1_174' title='bbox 1795 1636 1829 1660; x_wconf 75' lang='lat' dir='ltr'>a·</span> 
     </span>
     <span class='ocr_line' id='line_1_22' title="bbox 315 1686 1831 1743; baseline 0 -13"><span class='ocrx_word' id='word_1_175' title='bbox 315 1687 461 1743; x_wconf 82' lang='lat' dir='ltr'>Moysi</span> <span class='ocrx_word' id='word_1_176' title='bbox 496 1686 789 1729; x_wconf 89' lang='lat' dir='ltr'>mansuetudo</span> <span class='ocrx_word' id='word_1_177' title='bbox 823 1687 1083 1738; x_wconf 83' lang='lat' dir='ltr'>ostenditur,</span> <span class='ocrx_word' id='word_1_178' title='bbox 1122 1691 1168 1730; x_wconf 91' lang='lat' dir='ltr'>et</span> <span class='ocrx_word' id='word_1_179' title='bbox 1206 1688 1540 1731; x_wconf 90' lang='lat' dir='ltr'>imminentibus</span> <span class='ocrx_word' id='word_1_180' title='bbox 1578 1688 1777 1731; x_wconf 89' lang='lat' dir='ltr'>aduersis</span> <span class='ocrx_word' id='word_1_181' title='bbox 1830 1689 1831 1692; x_wconf 69' lang='grc'>’</span> 
     </span>
     <span class='ocr_line' id='line_1_23' title="bbox 314 1756 1778 1814; baseline 0.001 -15"><span class='ocrx_word' id='word_1_182' title='bbox 314 1756 576 1799; x_wconf 91' lang='lat' dir='ltr'>confidentis</span> <span class='ocrx_word' id='word_1_183' title='bbox 596 1756 754 1799; x_wconf 91' lang='lat' dir='ltr'>Iosuae</span> <span class='ocrx_word' id='word_1_184' title='bbox 773 1757 1117 1813; x_wconf 89' lang='lat' dir='ltr'>magnanimitas</span> <span class='ocrx_word' id='word_1_185' title='bbox 1129 1757 1391 1801; x_wconf 89' lang='lat' dir='ltr'>declaratur.</span> <span class='ocrx_word' id='word_1_186' title='bbox 1439 1757 1521 1800; x_wconf 91' lang='lat' dir='ltr'>Iob</span> <span class='ocrx_word' id='word_1_187' title='bbox 1535 1757 1778 1814; x_wconf 88' lang='lat' dir='ltr'>patientiae</span> 
     </span>
     <span class='ocr_line' id='line_1_24' title="bbox 314 1825 1778 1884; baseline 0.002 -17"><span class='ocrx_word' id='word_1_188' title='bbox 314 1825 472 1868; x_wconf 92' lang='lat' dir='ltr'>indicit</span> <span class='ocrx_word' id='word_1_189' title='bbox 503 1826 765 1882; x_wconf 90' lang='lat' dir='ltr'>exemplum.</span> <span class='ocrx_word' id='word_1_190' title='bbox 825 1826 884 1869; x_wconf 89' lang='lat' dir='ltr'>Et</span> <span class='ocrx_word' id='word_1_191' title='bbox 913 1827 1224 1883; x_wconf 87' lang='lat' dir='ltr'>praeambulus</span> <span class='ocrx_word' id='word_1_192' title='bbox 1248 1827 1420 1884; x_wconf 87' lang='lat' dir='ltr'>gratiae</span> <span class='ocrx_word' id='word_1_193' title='bbox 1449 1827 1656 1884; x_wconf 87' lang='lat' dir='ltr'>Baptista</span> <span class='ocrx_word' id='word_1_194' title='bbox 1682 1827 1778 1870; x_wconf 83' lang='lat' dir='ltr'>Sal-</span> 
     </span>
     <span class='ocr_line' id='line_1_25' title="bbox 314 1895 1776 1954; baseline 0.001 -17"><span class='ocrx_word' id='word_1_195' title='bbox 314 1895 495 1946; x_wconf 88' lang='lat' dir='ltr'>uatoris‚</span> <span class='ocrx_word' id='word_1_196' title='bbox 512 1895 618 1937; x_wconf 91' lang='lat' dir='ltr'>dum</span> <span class='ocrx_word' id='word_1_197' title='bbox 641 1895 934 1952; x_wconf 87' lang='lat' dir='ltr'>penitentiam</span> <span class='ocrx_word' id='word_1_198' title='bbox 960 1896 1186 1953; x_wconf 88' lang='lat' dir='ltr'>praedicat</span> <span class='ocrx_word' id='word_1_199' title='bbox 1210 1899 1255 1939; x_wconf 90' lang='lat' dir='ltr'>et</span> <span class='ocrx_word' id='word_1_200' title='bbox 1282 1897 1406 1939; x_wconf 88' lang='lat' dir='ltr'>uitiis</span> <span class='ocrx_word' id='word_1_201' title='bbox 1426 1897 1584 1940; x_wconf 87' lang='lat' dir='ltr'>indicit</span> <span class='ocrx_word' id='word_1_202' title='bbox 1609 1896 1776 1954; x_wconf 85' lang='lat' dir='ltr'>fugam,</span> 
     </span>
     <span class='ocr_line' id='line_1_26' title="bbox 314 1964 1829 2023; baseline -0.001 -16"><span class='ocrx_word' id='word_1_203' title='bbox 314 1964 632 2008; x_wconf 85' lang='lat' dir='ltr'>confessionem</span> <span class='ocrx_word' id='word_1_204' title='bbox 667 1965 785 2007; x_wconf 88' lang='lat' dir='ltr'>eruit</span> <span class='ocrx_word' id='word_1_205' title='bbox 813 1966 1018 2008; x_wconf 87' lang='lat' dir='ltr'>ueritatis</span> <span class='ocrx_word' id='word_1_206' title='bbox 1048 1968 1094 2008; x_wconf 91' lang='lat' dir='ltr'>et</span> <span class='ocrx_word' id='word_1_207' title='bbox 1123 1966 1180 2008; x_wconf 86' lang='lat' dir='ltr'>ad</span> <span class='ocrx_word' id='word_1_208' title='bbox 1209 1966 1554 2023; x_wconf 90' lang='lat' dir='ltr'>increpationem</span> <span class='ocrx_word' id='word_1_209' title='bbox 1587 1966 1776 2009; x_wconf 89' lang='lat' dir='ltr'>iniuriae</span> <span class='ocrx_word' id='word_1_210' title='bbox 1795 1981 1829 2006; x_wconf 74' lang='lat'>2</span> 
     </span>
     <span class='ocr_line' id='line_1_27' title="bbox 315 2034 1831 2093; baseline 0.001 -16"><span class='ocrx_word' id='word_1_211' title='bbox 315 2037 361 2077; x_wconf 87' lang='lat' dir='ltr'>et</span> <span class='ocrx_word' id='word_1_212' title='bbox 395 2034 834 2090; x_wconf 89' lang='lat' dir='ltr'>condempnationem</span> <span class='ocrx_word' id='word_1_213' title='bbox 864 2034 1116 2090; x_wconf 87' lang='lat' dir='ltr'>iniquitatis</span> <span class='ocrx_word' id='word_1_214' title='bbox 1145 2035 1344 2077; x_wconf 87' lang='lat' dir='ltr'>omnium</span> <span class='ocrx_word' id='word_1_215' title='bbox 1373 2035 1571 2078; x_wconf 91' lang='lat' dir='ltr'>fidelium</span> <span class='ocrx_word' id='word_1_216' title='bbox 1601 2035 1776 2093; x_wconf 87' lang='lat' dir='ltr'>linguas</span> <span class='ocrx_word' id='word_1_217' title='bbox 1826 2043 1831 2070; x_wconf 73' lang='lat' dir='ltr'>l</span> 
     </span>
     <span class='ocr_line' id='line_1_28' title="bbox 315 2103 1831 2161; baseline 0.001 -15"><span class='ocrx_word' id='word_1_218' title='bbox 315 2103 504 2147; x_wconf 90' lang='lat' dir='ltr'>exacuit.</span> <span class='ocrx_word' id='word_1_219' title='bbox 583 2103 701 2156; x_wconf 81' lang='lat' dir='ltr'>Quid</span> <span class='ocrx_word' id='word_1_220' title='bbox 732 2103 838 2146; x_wconf 88' lang='lat' dir='ltr'>noui</span> <span class='ocrx_word' id='word_1_221' title='bbox 872 2104 1128 2147; x_wconf 89' lang='lat' dir='ltr'>testamenti</span> <span class='ocrx_word' id='word_1_222' title='bbox 1167 2103 1356 2147; x_wconf 86' lang='lat' dir='ltr'>referam</span> <span class='ocrx_word' id='word_1_223' title='bbox 1390 2106 1551 2161; x_wconf 89' lang='lat' dir='ltr'>patres,</span> <span class='ocrx_word' id='word_1_224' title='bbox 1590 2119 1778 2161; x_wconf 90' lang='lat' dir='ltr'>quorum</span> <span class='ocrx_word' id='word_1_225' title='bbox 1829 2135 1831 2138; x_wconf 83' lang='lat'>.</span> 
     </span>
     <span class='ocr_line' id='line_1_29' title="bbox 316 2173 1834 2233; baseline 0.001 -17"><span class='ocrx_word' id='word_1_226' title='bbox 316 2173 519 2229; x_wconf 88' lang='lat' dir='ltr'>exempla</span> <span class='ocrx_word' id='word_1_227' title='bbox 557 2175 663 2215; x_wconf 90' lang='lat' dir='ltr'>sunt</span> <span class='ocrx_word' id='word_1_228' title='bbox 701 2173 934 2230; x_wconf 91' lang='lat' dir='ltr'>disciplina</span> <span class='ocrx_word' id='word_1_229' title='bbox 973 2188 1146 2216; x_wconf 92' lang='lat' dir='ltr'>morum</span> <span class='ocrx_word' id='word_1_230' title='bbox 1190 2177 1236 2216; x_wconf 90' lang='lat' dir='ltr'>et</span> <span class='ocrx_word' id='word_1_231' title='bbox 1284 2174 1528 2217; x_wconf 89' lang='lat' dir='ltr'>rectissima</span> <span class='ocrx_word' id='word_1_232' title='bbox 1569 2174 1779 2217; x_wconf 86' lang='lat' dir='ltr'>instituta</span> <span class='ocrx_word' id='word_1_233' title='bbox 1830 2226 1834 2233; x_wconf 26' lang='grc' dir='ltr'><strong>ἶ</strong></span> 
     </span>
     <span class='ocr_line' id='line_1_30' title="bbox 272 2242 1825 2299; baseline 0.001 -15"><span class='ocrx_word' id='word_1_234' title='bbox 272 2245 301 2284; x_wconf 85' lang='lat' dir='ltr'>d</span> <span class='ocrx_word' id='word_1_235' title='bbox 316 2242 530 2285; x_wconf 61' lang='lat' dir='ltr'>uiuendi?</span> <span class='ocrx_word' id='word_1_236' title='bbox 589 2242 652 2283; x_wconf 87' lang='lat' dir='ltr'>Hi</span> <span class='ocrx_word' id='word_1_237' title='bbox 696 2242 874 2299; x_wconf 88' lang='lat' dir='ltr'>quidem</span> <span class='ocrx_word' id='word_1_238' title='bbox 913 2245 1019 2285; x_wconf 93' lang='lat' dir='ltr'>sunt</span> <span class='ocrx_word' id='word_1_239' title='bbox 1057 2242 1105 2284; x_wconf 94' lang='lat' dir='ltr'>in</span> <span class='ocrx_word' id='word_1_240' title='bbox 1144 2245 1312 2299; x_wconf 89' lang='lat' dir='ltr'>septem</span> <span class='ocrx_word' id='word_1_241' title='bbox 1351 2243 1531 2286; x_wconf 88' lang='lat' dir='ltr'>milibus</span> <span class='ocrx_word' id='word_1_242' title='bbox 1569 2243 1778 2294; x_wconf 87' lang='lat' dir='ltr'>uirorum,</span> <span class='ocrx_word' id='word_1_243' title='bbox 1823 2254 1825 2259; x_wconf 64' lang='lat'><strong><em>⁴</em></strong></span> 
     </span>
     <span class='ocr_line' id='line_1_31' title="bbox 317 2310 1787 2369; baseline 0.001 -15"><span class='ocrx_word' id='word_1_244' title='bbox 317 2325 426 2367; x_wconf 90' lang='lat' dir='ltr'>quos</span> <span class='ocrx_word' id='word_1_245' title='bbox 445 2310 530 2353; x_wconf 91' lang='lat' dir='ltr'>sibi</span> <span class='ocrx_word' id='word_1_246' title='bbox 550 2310 767 2353; x_wconf 91' lang='lat' dir='ltr'>Dominus</span> <span class='ocrx_word' id='word_1_247' title='bbox 793 2311 1039 2354; x_wconf 88' lang='lat' dir='ltr'>reseruauit</span> <span class='ocrx_word' id='word_1_248' title='bbox 1065 2315 1117 2356; x_wconf 89' lang='lat' dir='ltr'>ut</span> <span class='ocrx_word' id='word_1_249' title='bbox 1145 2326 1236 2354; x_wconf 90' lang='lat' dir='ltr'>non</span> <span class='ocrx_word' id='word_1_250' title='bbox 1264 2314 1502 2354; x_wconf 87' lang='lat' dir='ltr'>curuarent</span> <span class='ocrx_word' id='word_1_251' title='bbox 1526 2326 1673 2369; x_wconf 89' lang='lat' dir='ltr'>genua</span> <span class='ocrx_word' id='word_1_252' title='bbox 1697 2326 1787 2355; x_wconf 61' lang='lat' dir='ltr'>sua*</span> 
     </span>
    </p>
   </div>
   <div class='ocr_carea' id='block_1_3' title="bbox 1791 0 1878 3172">
    <p class='ocr_par' dir='ltr' id='par_1_3' title="bbox 1791 0 1878 3172">
     <span class='ocr_line' id='line_1_32' title="bbox 1813 0 1878 1243; baseline 0 -233"><span class='ocrx_word' id='word_1_253' title='bbox 1813 0 1878 1243; x_wconf 95' lang='lat' dir='ltr'>     </span> 
     </span>
     <span class='ocr_line' id='line_1_33' title="bbox 1813 1243 1878 1935; baseline 0 -347"><span class='ocrx_word' id='word_1_254' title='bbox 1813 1243 1878 1935; x_wconf 95' lang='lat' dir='ltr'>    </span> 
     </span>
     <span class='ocr_line' id='line_1_34' title="bbox 1791 1935 1878 3172; baseline 0 -1120"><span class='ocrx_word' id='word_1_255' title='bbox 1791 1935 1878 3172; x_wconf 95' lang='lat' dir='ltr'>  </span> 
     </span>
    </p>
   </div>
   <div class='ocr_carea' id='block_1_4' title="bbox 314 2408 1827 2505">
    <p class='ocr_par' dir='ltr' id='par_1_4' title="bbox 314 2408 1827 2505">
     <span class='ocr_line' id='line_1_35' title="bbox 314 2408 1827 2503; baseline -0.001 -44"><span class='ocrx_word' id='word_1_256' title='bbox 314 2424 338 2459; x_wconf 89' lang='lat'><strong>6</strong></span> <span class='ocrx_word' id='word_1_257' title='bbox 363 2422 495 2475; x_wconf 55' lang='lat' dir='ltr'>sydera</span> <span class='ocrx_word' id='word_1_258' title='bbox 506 2421 572 2503; x_wconf 43' lang='grc' dir='ltr'>ΞΒ</span> <span class='ocrx_word' id='word_1_259' title='bbox 725 2431 748 2467; x_wconf 90' lang='lat'>9</span> <span class='ocrx_word' id='word_1_260' title='bbox 774 2421 908 2468; x_wconf 84' lang='lat' dir='ltr'>populi</span> <span class='ocrx_word' id='word_1_261' title='bbox 925 2421 1048 2457; x_wconf 75' lang='lat' dir='ltr'>fidelis</span> <span class='ocrx_word' id='word_1_262' title='bbox 1064 2420 1105 2456; x_wconf 88' lang='lat' dir='ltr'>M</span> <span class='ocrx_word' id='word_1_263' title='bbox 1258 2433 1303 2458; x_wconf 92' lang='lat'>10</span> <span class='ocrx_word' id='word_1_264' title='bbox 1327 2421 1460 2468; x_wconf 78' lang='lat' dir='ltr'>sydera</span> <span class='ocrx_word' id='word_1_265' title='bbox 1474 2421 1578 2459; x_wconf 80' lang='lat' dir='ltr'>GBM</span> <span class='ocrx_word' id='word_1_266' title='bbox 1732 2430 1776 2467; x_wconf 89' lang='lat'>27</span> <span class='ocrx_word' id='word_1_267' title='bbox 1820 2408 1827 2466; x_wconf 72' lang='lat' dir='ltr'>s</span> 
     </span>
     <span class='ocr_line' id='line_1_36' title="bbox 314 2480 488 2505; baseline 0 -1"><span class='ocrx_word' id='word_1_268' title='bbox 314 2480 406 2505; x_wconf 87' lang='lat' dir='ltr'>nom</span> <span class='ocrx_word' id='word_1_269' title='bbox 422 2481 488 2505; x_wconf 82' lang='lat' dir='ltr'>om.</span> 
     </span>
    </p>
   </div>
   <div class='ocr_carea' id='block_1_5' title="bbox 316 2567 1878 2843">
    <p class='ocr_par' dir='ltr' id='par_1_5' title="bbox 316 2567 1878 2760">
     <span class='ocr_line' id='line_1_37' title="bbox 366 2567 1878 2618; baseline 0.001 -11"><span class='ocrx_word' id='word_1_270' title='bbox 366 2581 381 2607; x_wconf 93' lang='lat'>1</span> <span class='ocrx_word' id='word_1_271' title='bbox 411 2572 575 2606; x_wconf 81' lang='lat' dir='ltr'>Fabricii</span> <span class='ocrx_word' id='word_1_272' title='bbox 589 2573 727 2616; x_wconf 84' lang='lat' dir='ltr'>fidem:</span> <span class='ocrx_word' id='word_1_273' title='bbox 754 2583 787 2608; x_wconf 88' lang='lat' dir='ltr'>v.</span> <span class='ocrx_word' id='word_1_274' title='bbox 810 2570 944 2608; x_wconf 90' lang='lat' dir='ltr'>Boeth.</span> <span class='ocrx_word' id='word_1_275' title='bbox 974 2572 1113 2608; x_wconf 72' lang='lat' dir='ltr'>Con-sol.</span> <span class='ocrx_word' id='word_1_276' title='bbox 1137 2570 1275 2608; x_wconf 87' lang='lat' dir='ltr'>Philos.</span> <span class='ocrx_word' id='word_1_277' title='bbox 1299 2570 1340 2607; x_wconf 84' lang='lat' dir='ltr'>ii.</span> <span class='ocrx_word' id='word_1_278' title='bbox 1357 2571 1466 2608; x_wconf 88' lang='lat' dir='ltr'>Metr.</span> <span class='ocrx_word' id='word_1_279' title='bbox 1492 2580 1525 2616; x_wconf 94' lang='lat'>7.</span> <span class='ocrx_word' id='word_1_280' title='bbox 1639 2572 1779 2618; x_wconf 59' lang='lat' dir='ltr'>pudico·-</span> <span class='ocrx_word' id='word_1_281' title='bbox 1816 2569 1818 2571; x_wconf 57' lang='grc'><strong><em>’</em></strong></span> <span class='ocrx_word' id='word_1_282' title='bbox 1876 2567 1878 2583; x_wconf 85' lang='grc'><em>“</em></span> 
     </span>
     <span class='ocr_line' id='line_1_38' title="bbox 316 2619 1820 2665; baseline 0.001 -11"><span class='ocrx_word' id='word_1_283' title='bbox 316 2620 406 2654; x_wconf 77' lang='lat' dir='ltr'>tiam</span> <span class='ocrx_word' id='word_1_284' title='bbox 429 2619 641 2663; x_wconf 76' lang='lat' dir='ltr'>Scipionis</span> <span class='ocrx_word' id='word_1_285' title='bbox 655 2631 686 2654; x_wconf 91' lang='lat' dir='ltr'>v.</span> <span class='ocrx_word' id='word_1_286' title='bbox 703 2619 804 2654; x_wconf 86' lang='lat' dir='ltr'>infra</span> <span class='ocrx_word' id='word_1_287' title='bbox 829 2631 859 2655; x_wconf 93' lang='lat' dir='ltr'>c.</span> <span class='ocrx_word' id='word_1_288' title='bbox 881 2630 924 2655; x_wconf 87' lang='lat'>10</span> <span class='ocrx_word' id='word_1_289' title='bbox 949 2619 1030 2664; x_wconf 87' lang='grc'>(495</span> <span class='ocrx_word' id='word_1_290' title='bbox 1058 2619 1109 2664; x_wconf 86' lang='lat' dir='ltr'>c)</span> <span class='ocrx_word' id='word_1_291' title='bbox 1236 2629 1257 2654; x_wconf 85' lang='lat'><em>2</em></span> <span class='ocrx_word' id='word_1_292' title='bbox 1285 2620 1360 2654; x_wconf 81' lang='lat' dir='ltr'>Titi</span> <span class='ocrx_word' id='word_1_293' title='bbox 1376 2620 1572 2664; x_wconf 80' lang='lat' dir='ltr'>pietatem:</span> <span class='ocrx_word' id='word_1_294' title='bbox 1597 2619 1644 2656; x_wconf 84' lang='lat' dir='ltr'>cf.</span> <span class='ocrx_word' id='word_1_295' title='bbox 1666 2629 1779 2665; x_wconf 74' lang='lat' dir='ltr'>supra</span> <span class='ocrx_word' id='word_1_296' title='bbox 1818 2634 1820 2638; x_wconf 93' lang='lat'>·</span> 
     </span>
     <span class='ocr_line' id='line_1_39' title="bbox 317 2665 1878 2712; baseline 0.001 -11"><span class='ocrx_word' id='word_1_297' title='bbox 317 2665 358 2701; x_wconf 92' lang='lat' dir='ltr'>ii.</span> <span class='ocrx_word' id='word_1_298' title='bbox 378 2674 395 2711; x_wconf 85' lang='lat'><strong>5</strong></span> <span class='ocrx_word' id='word_1_299' title='bbox 419 2667 505 2709; x_wconf 88' lang='lat'><strong>(420</strong></span> <span class='ocrx_word' id='word_1_300' title='bbox 518 2672 567 2709; x_wconf 86' lang='lat' dir='ltr'>c).</span> <span class='ocrx_word' id='word_1_301' title='bbox 682 2676 713 2711; x_wconf 87' lang='lat'>3,</span> <span class='ocrx_word' id='word_1_302' title='bbox 730 2676 753 2710; x_wconf 90' lang='lat'><strong>4</strong></span> <span class='ocrx_word' id='word_1_303' title='bbox 770 2668 937 2711; x_wconf 72' lang='lat' dir='ltr'>probitas</span> <span class='ocrx_word' id='word_1_304' title='bbox 953 2667 1303 2712; x_wconf 75' lang='lat' dir='ltr'>laudaturetalyet:</span> <span class='ocrx_word' id='word_1_305' title='bbox 1330 2666 1406 2702; x_wconf 92' lang='lat' dir='ltr'>Iuv.</span> <span class='ocrx_word' id='word_1_306' title='bbox 1425 2668 1499 2702; x_wconf 83' lang='lat' dir='ltr'>Sat.</span> <span class='ocrx_word' id='word_1_307' title='bbox 1517 2666 1542 2702; x_wconf 91' lang='lat' dir='ltr'>i.</span> <span class='ocrx_word' id='word_1_308' title='bbox 1560 2675 1618 2711; x_wconf 90' lang='lat'>74.</span> <span class='ocrx_word' id='word_1_309' title='bbox 1734 2675 1777 2712; x_wconf 88' lang='lat'>13</span> <span class='ocrx_word' id='word_1_310' title='bbox 1810 2687 1812 2689; x_wconf 37' lang='lat' dir='ltr'>v</span> <span class='ocrx_word' id='word_1_311' title='bbox 1877 2689 1878 2692; x_wconf 60' lang='lat'><em>=</em></span> 
     </span>
     <span class='ocr_line' id='line_1_40' title="bbox 317 2712 1795 2760; baseline 0.001 -12"><span class='ocrx_word' id='word_1_312' title='bbox 317 2714 446 2748; x_wconf 80' lang='lat' dir='ltr'><strong><em>Nonne</em></strong></span> <span class='ocrx_word' id='word_1_313' title='bbox 463 2713 551 2747; x_wconf 83' lang='lat' dir='ltr'>Abel</span> <span class='ocrx_word' id='word_1_314' title='bbox 568 2713 665 2748; x_wconf 87' lang='lat' dir='ltr'>etc..</span> <span class='ocrx_word' id='word_1_315' title='bbox 714 2715 869 2749; x_wconf 76' lang='lat' dir='ltr'>‚indicit</span> <span class='ocrx_word' id='word_1_316' title='bbox 885 2715 1106 2759; x_wconf 82' lang='lat' dir='ltr'>exemplum:</span> <span class='ocrx_word' id='word_1_317' title='bbox 1130 2725 1162 2749; x_wconf 88' lang='lat' dir='ltr'>v.</span> <span class='ocrx_word' id='word_1_318' title='bbox 1181 2712 1293 2760; x_wconf 85' lang='lat' dir='ltr'>Greg.</span> <span class='ocrx_word' id='word_1_319' title='bbox 1310 2713 1441 2758; x_wconf 84' lang='lat' dir='ltr'>Magn.</span> <span class='ocrx_word' id='word_1_320' title='bbox 1465 2715 1595 2750; x_wconf 83' lang='lat' dir='ltr'>Moral.</span> <span class='ocrx_word' id='word_1_321' title='bbox 1615 2712 1736 2750; x_wconf 80' lang='lat' dir='ltr'>Praef.</span> <span class='ocrx_word' id='word_1_322' title='bbox 1754 2713 1795 2750; x_wconf 88' lang='lat'>6-</span> 
     </span>
    </p>

    <p class='ocr_par' dir='ltr' id='par_1_6' title="bbox 317 2758 1821 2843">
     <span class='ocr_line' id='line_1_41' title="bbox 320 2758 1821 2842; baseline 0.002 -48"><span class='ocrx_word' id='word_1_323' title='bbox 320 2760 354 2813; x_wconf 85' lang='lat'>§</span> <span class='ocrx_word' id='word_1_324' title='bbox 362 2770 403 2804; x_wconf 90' lang='lat'>13</span> <span class='ocrx_word' id='word_1_325' title='bbox 422 2759 567 2842; x_wconf 53' lang='grc' dir='ltr'>(ἕίειιε</span> <span class='ocrx_word' id='word_1_326' title='bbox 584 2761 624 2796; x_wconf 90' lang='lat' dir='ltr'>P.</span> <span class='ocrx_word' id='word_1_327' title='bbox 641 2761 683 2796; x_wconf 91' lang='lat' dir='ltr'>L.</span> <span class='ocrx_word' id='word_1_328' title='bbox 701 2759 799 2797; x_wconf 82' lang='lat' dir='ltr'>lxxv.</span> <span class='ocrx_word' id='word_1_329' title='bbox 822 2761 917 2807; x_wconf 86' lang='lat'>524).</span> <span class='ocrx_word' id='word_1_330' title='bbox 1047 2771 1093 2807; x_wconf 88' lang='lat'>29</span> <span class='ocrx_word' id='word_1_331' title='bbox 1116 2762 1158 2796; x_wconf 80' lang='lat' dir='ltr'>in</span> <span class='ocrx_word' id='word_1_332' title='bbox 1173 2765 1302 2806; x_wconf 76' lang='lat' dir='ltr'>septem</span> <span class='ocrx_word' id='word_1_333' title='bbox 1317 2761 1462 2797; x_wconf 66' lang='lat' dir='ltr'>milibus</span> <span class='ocrx_word' id='word_1_334' title='bbox 1478 2762 1571 2797; x_wconf 87' lang='lat' dir='ltr'>etc.:</span> <span class='ocrx_word' id='word_1_335' title='bbox 1596 2773 1628 2798; x_wconf 86' lang='lat' dir='ltr'>v.</span> <span class='ocrx_word' id='word_1_336' title='bbox 1646 2771 1667 2807; x_wconf 89' lang='lat'>3</span> <span class='ocrx_word' id='word_1_337' title='bbox 1685 2758 1808 2808; x_wconf 77' lang='lat' dir='ltr'>Reg.</span> <span class='ocrx_word' id='word_1_338' title='bbox 1819 2793 1821 2810; x_wconf 49' lang='lat'><em>3</em></span> 
     </span>
     <span class='ocr_line' id='line_1_42' title="bbox 317 2806 429 2843; baseline 0.009 -1"><span class='ocrx_word' id='word_1_339' title='bbox 317 2806 392 2843; x_wconf 71' lang='lat' dir='ltr'>xix</span> <span class='ocrx_word' id='word_1_340' title='bbox 414 2816 429 2843; x_wconf 91' lang='lat'>1</span> 
     </span>
    </p>
   </div>
   <div class='ocr_carea' id='block_1_6' title="bbox 431 2878 495 2922">
    <p class='ocr_par' dir='ltr' id='par_1_7' title="bbox 431 2878 495 2922">
     <span class='ocr_line' id='line_1_43' title="bbox 431 2878 495 2922; baseline 0.016 -12"><span class='ocrx_word' id='word_1_341' title='bbox 431 2878 495 2922; x_wconf 83' lang='lat'>198</span> 
     </span>
    </p>
   </div>
  </div>
 </body>
</html>
