1878 3172
189 152 269 192 523
287 142 316 181 b
662 139 920 183 IOANNIS
961 123 1471 184 SARES‘BERIENSIS
1617 140 1729 202 [LIB.
1745 154 1794 188 IV
1843 191 1844 194 Ἰ

335 261 502 304 ueritas
521 260 746 318 patefacta
767 264 833 304 est
853 264 898 303 et
917 260 1090 304 iustitia
1109 260 1163 303 de
1178 260 1269 303 celo
1288 262 1526 318 prospexit,
1546 277 1655 319 quos
1673 262 1794 305 uitae
1848 298 1856 326 ,Ι

336 330 614 373 commendat
652 330 860 373 meritum
901 332 946 373 et
984 330 1124 372 bonae
1163 330 1382 386 opinionis
1421 331 1529 374 odor
1562 334 1608 374 et
1645 331 1794 374 unitas
1850 371 1853 379 ,,

337 399 533 443 fidelium
571 403 652 442 aut
696 400 993 462 praelatorum
1033 399 1220 456 diligens
1265 400 1546 456 prouidentia
1591 401 1639 443 in
1684 414 1794 457 opus
1854 406 1864 458 1

335 469 571 511 ministerii
589 469 850 526 segregauit‚
864 468 1057 525 Spiritus
1076 469 1270 525 applicat
1289 469 1345 511 ad
1365 469 1607 512 Leuiticam
1627 470 1794 512 tribum
1856 461 1862 494 ἶ

337 540 383 581 61,
420 537 639 595 legitimos
677 538 875 580 instituit
914 537 1170 582 sacerdotes.
1241 538 1467 581 Adicitur.
1517 538 1576 581 Et
1613 538 1795 581 habebit
1812 552 1863 589 5

337 622 494 658 86611111,
515 607 717 663 legetque
740 607 851 648 illud
877 606 1080 648 omnibus
1104 606 1257 650 diebus
1284 607 1404 650 uitae
1428 622 1543 650 suae.
1601 607 1796 650 Attende

337 679 504 732 quanta
545 676 703 719 debeat
743 690 834 718 esse
874 675 1106 732 diligentia
1144 676 1356 732 principis
1395 676 1442 718 in
1481 676 1577 734 lege
1616 676 1795 719 Domini

338 745 635 795 custodienda,
663 744 739 801 qui
769 759 864 786 eam
894 758 1065 800 semper
1094 744 1254 787 habere
1284 745 1428 802 legere
1453 745 1723 803 praecipitur
1752 749 1797 788 et
1860 748 1878 803 ᾗ

338 814 576 865 reuoluere‚
603 814 717 856 sicut
747 813 844 855 Rex
871 827 1037 869 regum,
1062 812 1208 856 factus
1238 828 1294 856 ex
1322 814 1515 865 muliere,
1542 814 1687 857 factus
1714 815 1796 858 sub

338 883 446 941 lege,
466 898 640 926 omnem
660 882 863 939 impleuit
883 882 1100 924 iustitiam
1126 882 1250 940 legis,
1271 883 1311 925 ei
1331 898 1420 926 non
1440 884 1699 927 necessitate
1719 884 1796 927 sed
1815 899 1866 941 1ο-

298 960 324 990 0
343 952 573 995 uoluntate
594 952 839 1004 subiectus;
875 951 980 1008 quia
1003 951 1050 993 in
1075 951 1170 1009 lege
1190 952 1399 996 uoluntas
1424 953 1529 1004 eius,
1549 956 1594 996 et
1623 954 1671 996 in
1700 953 1796 1011 lege
1864 944 1878 1013 'Ti

341 1021 520 1064 Domini
556 1022 796 1064 meditatus
830 1024 898 1064 est
932 1021 1003 1063 die
1032 1035 1082 1064 ac
1112 1024 1250 1065 nocte.
1310 1022 1437 1075 Quod
1467 1023 1505 1065 si
1535 1023 1610 1065 ille
1639 1023 1686 1065 in
1715 1023 1798 1066 hac

339 1093 466 1148 parte
493 1106 582 1133 non
609 1091 804 1133 creditur
830 1089 1074 1132 imitandus
1101 1090 1177 1146 qui
1205 1105 1295 1133 non
1326 1106 1480 1148 regum
1507 1092 1694 1149 gloriam
1721 1092 1798 1135 sed
1864 1078 1878 1123 {5

338 1161 538 1204 fidelium
558 1159 788 1217 amplexus
810 1161 877 1202 est
896 1162 1203 1216 paupertatem
1220 1163 1265 1203 et
1284 1160 1468 1204 indutus
1483 1161 1626 1204 forma
1646 1161 1796 1204 seruili

341 1230 670 1274 reclinatorium
690 1228 825 1286 capiti
849 1243 938 1270 non
959 1229 1215 1284 quaesiuit
1203 1245 1250 1271 1n
1276 1231 1407 1274 terris
1433 1234 1478 1274 et
1497 1231 1796 1288 interrogatus
1815 1244 1854 1280 15
1866 1219 1878 1287 1

341 1315 368 1342 a
398 1300 542 1343 iudice
571 1313 757 1356 regnum
786 1313 915 1341 suum
946 1298 999 1340 de
1029 1299 1110 1341 hoc
1139 1299 1304 1342 mundo
1333 1315 1423 1342 non
1453 1315 1545 1343 esse
1573 1300 1797 1344 confessus
1872 1291 1878 1337 ’ἓ

347 1372 425 1420 est,
473 1369 706 1426 proficiant
754 1368 826 1410 uel
874 1368 1074 1424 exempla
1118 1383 1272 1426 regum
1318 1369 1560 1412 illustrium
1610 1384 1798 1426 quorum
1835 1374 1842 1380 '
1873 1354 1878 1376 ¹

341 1438 553 1481 memoria
584 1438 631 1479 in
667 1437 967 1480 benedictione
1002 1439 1079 1480 est.
1139 1437 1383 1481 Procedant
1417 1453 1520 1496 ergo
1554 1440 1609 1482 de
1643 1439 1799 1482 castris
1870 1434 1878 1474 ³

342 1507 479 1550 Israel
500 1507 659 1557 Dauid,
674 1506 882 1549 Ezechias
903 1509 947 1549 et
961 1506 1102 1549 Iosias
1122 1510 1167 1549 et
1186 1508 1318 1550 ceteri
1335 1507 1411 1564 qui
1431 1508 1478 1550 in
1499 1523 1549 1551 eo
1569 1509 1652 1551 sibi
1673 1508 1798 1566 regni

340 1577 527 1635 gloriam
558 1578 757 1619 constare
786 1571 1033 1626 credebant,
1062 1576 1099 1618 si
1134 1576 1217 1619 Dei
1248 1580 1506 1633 quaerentes
1535 1578 1721 1635 gloriam
1751 1592 1796 1620 se
1816 1589 1878 1623 ηοξ

342 1650 387 1690 61,
402 1646 601 1689 subditos
617 1645 794 1687 diuinae
809 1644 918 1701 legis
933 1645 1120 1688 nexibus
1135 1646 1410 1691 innodarent.
1468 1647 1527 1689 Et
1546 1662 1602 1690 ne
1620 1647 1798 1690 illorum

296 1720 325 1759 d
344 1717 512 1759 remota
535 1714 774 1757 uideantur
797 1713 1008 1770 exempla,
1030 1717 1074 1756 et
1101 1729 1156 1757 ex
1183 1729 1234 1758 eo
1260 1715 1482 1772 sequenda
1503 1716 1661 1767 minus,
1682 1715 1800 1772 quod

343 1801 371 1828 a
404 1785 500 1842 lege
536 1798 687 1827 eorum
718 1788 763 1826 et
798 1783 890 1825 ritu
919 1798 1100 1840 operum
1135 1786 1180 1826 et
1215 1785 1440 1842 religionis
1469 1785 1592 1828 cultu
1623 1788 1668 1828 et
1695 1785 1799 1828 fidei

343 1853 614 1912 professione
634 1852 954 1909 aliquantisper
976 1853 1181 1895 uidemur
1206 1853 1436 1898 abscedere
1467 1854 1587 1911 (licet
1605 1854 1733 1897 nobis
1754 1855 1799 1897 et
1869 1848 1878 1880 J

343 1924 432 1966 illis
462 1922 613 1966 eadem
642 1921 751 1964 fides
782 1921 852 1973 sit,
882 1922 948 1964 ita
975 1924 1126 1965 tamen
1155 1925 1218 1973 ut,
1249 1923 1366 1979 quod
1395 1923 1461 1965 illi
1491 1922 1694 1966 futurum
1725 1938 1798 1966 ex·
1818 1917 1874 1971 25‘.

343 1992 591 2050 pectabant,
621 2006 701 2034 nos
730 2005 787 2033 ex
817 1993 943 2047 parte
974 2005 1136 2048 magna
1169 1992 1439 2048 gaudeamus
1468 1995 1513 2035 et
1541 2007 1802 2035 ueneremur

343 2061 588 2118 impletum,
608 2060 790 2103 abiectis
810 2062 987 2102 tantum
1007 2060 1175 2103 umbris
1190 2061 1432 2118 figurarum
1453 2075 1509 2103 ex
1529 2076 1615 2117 quo
1635 2061 1801 2104 ueritas

344 2131 398 2174 de
427 2133 548 2173 terra
577 2132 676 2172 orta
706 2132 773 2172 est
803 2130 848 2172 et
879 2129 926 2170 in
958 2131 1194 2186 conspectu
1222 2129 1423 2186 gentium
1455 2130 1691 2186 reuelata);
1732 2144 1799 2180 ne,

345 2201 538 2257 inquam,
559 2199 734 2242 illorum
756 2198 881 2255 quasi
905 2198 1050 2241 aliena
1076 2201 1155 2241 aut
1181 2199 1410 2255 prophana
1432 2201 1801 2256 contempnentur

346 2269 557 2326 exempla,
585 2267 904 2314 Constantinus
939 2269 1101 2319 noster,
1131 2267 1411 2318 Theodosius,
1447 2267 1721 2310 Iustinianus
1755 2270 1801 2310 et
1817 2277 1863 2318 30·

344 2409 778 2472 {ms—M—
866 2423 911 2459 26
935 2422 1165 2469 gaudeamus
1182 2433 1321 2470 magna
1336 2421 1370 2456 A

395 2503 412 2540 5
439 2495 490 2529 Et
506 2495 644 2529 habebit
659 2496 755 2529 etc.:
782 2492 893 2528 Deut.
911 2491 997 2527 xvii.
1019 2502 1071 2538 19.
1247 2502 1269 2537 9
1283 2494 1411 2537 factus
1425 2493 1496 2528 etc.
1515 2503 1523 2527 :
1549 2503 1580 2527 v.
1600 2490 1681 2528 Gal.
1698 2491 1744 2528 iv.
1763 2503 1798 2537 4.

350 2551 393 2577 10
417 2552 555 2577 omnem
571 2542 666 2576 etc..
691 2553 724 2575 v.
743 2540 854 2577 Matt.
870 2539 925 2576 111.
947 2548 1000 2585 15.
1135 2549 1174 2576 11
1202 2541 1244 2574 in
1261 2541 1332 2584 leye
1348 2541 1443 2575 etc.:
1470 2538 1529 2574 Ps.
1547 2537 1570 2574 i.
1589 2550 1622 2575 2.
1757 2549 1798 2575 12

346 2589 432 2623 ille:
467 2599 515 2623 86.
540 2586 721 2623 Christus.
882 2597 924 2631 14
949 2588 1100 2622 indutus
1122 2588 1217 2623 etc.:
1250 2599 1282 2621 v.
1306 2585 1470 2631 Philipp.
1496 2585 1536 2621 ii.
1563 2594 1594 2630 7.
1757 2595 1796 2632 15

346 2636 616 2670 reclinatorium
633 2636 702 2670 etc.
718 2645 727 2670 ε
753 2645 784 2669 v.
802 2633 912 2669 Matt.
929 2633 1004 2669 viii.
1032 2645 1087 2669 20.
1239 2635 1478 2678 invterroyatus
1490 2634 1585 2668 etc.:
1617 2645 1648 2668 v.
1669 2632 1797 2670 Ioann.

347 2680 449 2717 xviii.
465 2691 518 2726 33,
533 2682 587 2725 36.
735 2682 777 2717 18
802 2682 973 2716 memoria
990 2682 1083 2717 etc.:
1109 2692 1141 2716 v.
1159 2679 1274 2716 Eccli.
1291 2679 1376 2715 xlvi.
1401 2690 1452 2723 14.
1597 2689 1640 2724 27
1665 2682 1801 2716 ueritas
1876 2688 1878 2690 ·

349 2730 443 2765 etc.:
470 2740 501 2762 v.
513 2727 568 2763 Ps.
580 2727 717 2763 lxxxiv.
736 2737 789 2764 12.
913 2737 954 2772 31
974 2729 1067 2763 Leo:
1094 2739 1142 2764 86.
1161 2727 1368 2774 imperator
1383 2726 1456 2763 Leo
1474 2726 1525 2763 VI
1541 2725 1799 2772 Philosophus,

349 2774 596 2812 Basilicorum
614 2786 710 2820 quae
727 2776 910 2811 vocantur
925 2776 1066 2811 auctor.

459 2855 519 2889 25²
