1878 3172
104 162 183 211 ⁵38
203 162 233 201 u
581 161 842 206 IOANNIS
883 160 1396 207 SARESBERIENSIS
1518 161 1645 224 [m.
1661 175 1721 209 nr>
1864 150 1874 174 ²

198 284 228 321 b
247 281 444 331 flumina,
469 295 582 337 quae
611 281 666 323 de
695 280 901 338 paradiso
930 280 1188 324 deliciarum
1216 281 1302 325 Dei
1331 281 1630 340 egrediuntur,
1659 285 1712 326 ut

247 350 436 407 irrigent
457 365 631 392 omnem
661 353 839 401 terram,
859 365 946 407 quo
973 349 1170 393 fructum
1197 351 1530 395 desiderabilem
1555 352 1712 395 afferat

250 420 298 461 in
318 422 516 476 tempore
536 434 627 462 suo.
686 419 870 462 Vtinam
890 422 936 462 et
958 419 1016 462 ad
1042 434 1113 462 me
1136 420 1191 462 de
1211 419 1336 463 fonte
1355 421 1476 464 uitae
1496 420 1712 478 (diuinam

252 489 444 547 gratiam
490 489 661 546 loquor)
701 489 834 532 huius
876 489 1167 545 plenitudinis
1209 492 1518 546 pertranseant
1566 488 1714 540 riuuli,

252 558 476 601 ariditatis
504 573 627 601 meae
657 558 927 601 inebriantes
955 560 1134 609 terram,
1156 561 1210 601 ut
1238 562 1534 603 succrescente
1563 559 1715 602 fructu
1731 575 1751 610 5

253 627 469 670 bonorum
498 642 692 684 operum,
712 628 869 670 saltem
898 627 1117 670 declinare
1146 628 1319 671 ualeam
1348 628 1621 671 imminentis
1649 642 1714 671 se-

253 697 371 740 curis
416 697 566 747 ictum,
607 711 720 753 quae
765 697 1047 754 exigentibus
1087 697 1228 754 culpis
1271 697 1380 740 meis
1423 698 1480 740 ad
1523 697 1715 740 radicem

254 781 398 809 meam
429 766 555 823 quasi
586 766 643 808 ad
673 766 864 809 radicem
905 766 1207 809 infructuosae
1240 767 1410 809 arboris
1447 766 1593 824 posita
1625 768 1716 810 est!

257 835 573 891 Quodcumque
604 835 777 892 lignum
811 850 934 878 secus
969 850 1107 892 aquas
1141 836 1250 879 istas
1284 835 1478 892 positum
1517 837 1596 886 est,
1626 849 1716 878 non

255 904 438 956 arescit;
482 904 600 961 quod
634 919 741 947 uero
774 905 847 948 uel
882 905 1094 948 radicitus
1132 919 1222 948 non
1259 906 1529 956 humectant,
1562 904 1715 948 dissol-
1734 920 1776 944 10
1830 912 1878 959 j

255 973 379 1016 uitur
399 975 444 1016 et
464 973 639 1015 aridum
658 974 775 1030 perit
795 977 1022 1031 tamquam
1047 974 1196 1031 puluis
1223 989 1352 1031 quem
1377 974 1537 1031 proicit
1555 975 1718 1016 uentus
1842 966 1847 974 Χ

255 1057 283 1085 a
313 1042 425 1085 facie
454 1045 611 1086 terrae.
671 1043 758 1086 Hic
794 1044 972 1100 quidem
1002 1058 1092 1087 non
1118 1044 1251 1087 duces
1280 1045 1486 1100 exceptos
1515 1043 1718 1093 arbitror,

255 1126 345 1154 non
384 1114 599 1168 potentes,
631 1113 736 1169 quia
768 1127 923 1170 regum
962 1113 1105 1170 gloria
1142 1111 1451 1164 transferetur,
1485 1112 1524 1155 si
1562 1111 1718 1155 iniusti

215 1191 240 1220 c
256 1181 457 1224 iniuriosi
478 1182 781 1224 contumeliosi
802 1182 975 1225 inuenti
996 1181 1166 1225 fuerint
1185 1184 1266 1225 aut
1284 1181 1433 1225 dolosi.
1498 1181 1561 1225 Os
1580 1181 1718 1238 siqui-

255 1251 355 1294 dem
390 1250 571 1293 Domini
606 1251 804 1294 locutum
838 1253 918 1295 est.
976 1251 1306 1302 Verumtamen,
1335 1251 1460 1294 saluo
1489 1250 1717 1294 intellectu
1737 1262 1776 1296 ¹5
1847 1283 1860 1306 ἶ.

255 1320 584 1377 sapientiorum‚
624 1335 714 1363 non
760 1321 817 1363 ab
859 1336 907 1363 re
946 1324 1014 1364 est
1053 1322 1122 1376 (ut
1165 1320 1338 1377 opinor)
1378 1320 1496 1377 quod
1538 1320 1719 1363 nomina
1821 1367 1839 1379 ι,

254 1389 468 1432 uitiorum
498 1388 717 1432 locutione
746 1390 908 1446 plurali
939 1390 1155 1447 exposuit,
1185 1393 1231 1433 et
1259 1389 1307 1431 in
1336 1389 1433 1446 ipsa
1461 1389 1719 1446 pluralitate

256 1458 562 1501 diuersitatem
602 1458 824 1515 quandam
862 1459 1104 1516 prudenter
1138 1458 1337 1502 inseruit.
1394 1458 1475 1500 Ait
1506 1458 1635 1508 enim,
1666 1461 1720 1501 ut

256 1527 530 1583 praedictum
566 1530 644 1580 est,
676 1528 781 1584 quia
811 1543 997 1585 regnum
1032 1528 1086 1570 de
1117 1530 1250 1585 gente
1284 1527 1332 1569 in
1365 1529 1543 1585 gentem
1574 1529 1718 1571 trans-
1831 1572 1836 1577 ,

257 1601 427 1644 feretur
463 1603 645 1658 propter
684 1602 928 1645 iniustitias
967 1605 1013 1645 et
1052 1602 1237 1645 iniurias
1271 1604 1317 1644 et
1350 1601 1639 1644 contumelias
1673 1603 1719 1645 et
1738 1617 1780 1641 20
1834 1588 1878 1654 ‘12⁸'

256 1670 454 1713 diuersos
474 1670 607 1713 dolos.
668 1670 796 1723 Quod
817 1675 967 1714 autem
994 1672 1191 1715 diuersos
1214 1671 1262 1713 in
1285 1671 1373 1713 fine
1393 1670 1591 1722 subiecit,
1609 1673 1720 1728 puto

257 1740 550 1783 communiter
569 1740 626 1782 ad
650 1741 799 1783 omnia
823 1740 1104 1784 referendum
1129 1744 1174 1784 et
1199 1743 1294 1783 tam
1319 1740 1449 1797 pleno
1476 1740 1720 1797 concipien-

258 1809 365 1852 dum
391 1809 632 1861 intellectu,
656 1814 709 1853 ut
732 1825 822 1853 non
845 1810 975 1854 modo
1001 1810 1223 1853 referatur
1249 1809 1307 1852 ad
1333 1809 1532 1852 diuersas
1558 1810 1722 1867 species

259 1878 472 1921 uitiorum
507 1879 583 1921 sed
617 1881 663 1922 et
696 1879 844 1922 uarias
883 1880 1050 1937 figuras
1084 1893 1372 1936 personarum
1406 1877 1722 1935 complectatur

259 1950 305 1990 et
333 1947 485 1990 modos
515 1962 665 1990 omnes
695 1948 855 2004 quibus
885 1963 912 1991 a
941 1962 1216 2005 quocumque
1245 1948 1353 1991 haec
1380 1946 1495 1990 uitia
1520 1947 1719 1990 commit-
1739 1961 1781 1996 25
1836 1975 1846 2010 7

258 2020 432 2060 tuntur.
491 2016 698 2074 Princeps
737 2018 856 2060 enim
894 2020 1074 2061 tenetur
1111 2018 1166 2061 de
1198 2017 1404 2060 omnibus
1448 2019 1494 2059 et
1523 2016 1720 2060 omnium

259 2089 414 2129 auctor
433 2100 526 2129 esse
545 2086 725 2129 uidetur
744 2087 860 2144 quia,
884 2102 984 2131 cum
1004 2087 1153 2130 omnia
1171 2087 1311 2144 possit
1329 2085 1558 2143 corrigere,
1572 2100 1723 2129 eorum

214 2161 243 2200 d
260 2155 420 2198 merito
458 2155 679 2212 particeps
718 2159 786 2199 est
826 2170 938 2213 quae
977 2156 1122 2199 noluit
1155 2155 1415 2211 emendare„
1461 2154 1575 2205 Cum
1606 2154 1724 2197 enim

261 2226 457 2281 potestas
476 2225 654 2282 publica
673 2225 744 2276 sit,
764 2228 817 2268 ut
835 2225 1148 2282 praediximus,
1163 2224 1361 2267 omnium
1380 2224 1499 2267 uires
1517 2223 1725 2280 exhaurit
1838 2269 1865 2289 Η

262 2296 319 2345 et,
338 2308 394 2336 ne
413 2293 461 2335 in
480 2308 527 2336 se
547 2294 734 2344 deficiat,
754 2294 1104 2337 incolumitatem
1124 2293 1320 2336 omnium
1340 2293 1471 2336 debet
1489 2306 1723 2350 procurare
1742 2302 1785 2336 30
1836 2291 1863 2342 '1ss

185 2410 186 2413 Ἴ
262 2362 570 2405 membrorum.
631 2363 750 2415 Quot
779 2366 930 2406 autem
959 2363 1007 2405 in
1036 2362 1419 2405 administratione
1449 2361 1724 2418 principatus

267 2485 310 2511 12
337 2475 434 2512 Hinc
451 2475 485 2510 A

266 2578 390 2608 contra
405 2574 566 2610 Manich.
584 2573 624 2609 ii.
647 2573 725 2620 10§
748 2585 790 2619 14
809 2574 956 2621 (Migne
972 2576 1013 2610 P.
1031 2576 1075 2611 L.
1097 2574 1220 2610 xxxiv.
1245 2573 1355 2620 203);
1380 2572 1491 2619 Greg.
1517 2573 1566 2609 M.
1592 2574 1724 2610 Moral.

267 2619 308 2655 ii.
327 2618 344 2665 §
365 2621 410 2663 76
426 2619 466 2654 in
483 2621 550 2656 Iob
570 2620 596 2658 i.
615 2632 658 2668 19
676 2621 823 2668 (Migne
839 2624 881 2657 P.
905 2624 947 2658 L.
969 2621 1068 2658 lxxv.
1088 2622 1183 2668 592).
1371 2621 1405 2663 6,
1424 2629 1444 2664 7
1469 2622 1604 2656 securis
1626 2621 1723 2657 etc.:

267 2678 300 2712 v.¹
317 2666 428 2702 Matt.
446 2666 501 2702 iii.
522 2678 574 2703 10.
741 2680 765 2714 9
791 2671 1038 2716 Quodcumque
1054 2671 1147 2706 eta:
1172 2681 1204 2704 v.
1224 2668 1280 2704 Pe.
1296 2667 1321 2703 i.
1341 2678 1374 2713 3,
1391 2678 1425 2712 4.
1604 2677 1658 2711 14,
1678 2675 1723 2713 15

271 2715 319 2749 Os
342 2715 495 2750 Domini
518 2717 609 2751 etc.:
640 2715 709 2752 Isa.
734 2715 760 2752 i.
786 2727 843 2752 20.
989 2718 1040 2759 18,
1071 2727 1114 2762 19
1137 2721 1178 2752 ut
1200 2717 1424 2762 praedictum
1447 2720 1520 2750 est:
1553 2726 1586 2750 v.
1611 2725 1726 2760 supra

235 2793 237 2795 .
270 2763 354 2812 (537
365 2769 406 2854 ἲ,
418 2763 471 2805 Β).
503 2807 516 2854 )
616 2773 661 2808 29
684 2765 753 2799 sit:
787 2763 945 2799 subaudi
966 2766 1149 2810 princeps.
1197 2768 1238 2799 ut
1258 2763 1531 2808 praediximus:
1565 2772 1726 2808 v.supra

270 2819 316 2844 ιν.
337 2818 352 2844 1
391 2817 456 2854 513
471 2817 499 2844 n
521 2835 530 2844 .

380 2880 444 2922 278
