1878 3172
0 0 33 187 s

66 160 252 223 oum]
291 157 295 160 ’
588 160 987 207 POLICRATICV
987 161 1020 206 S
1532 163 1614 213 485
1633 162 1663 202 d

66 285 222 340 utpote
240 281 398 332 omnia,
410 295 522 338 quae
541 284 703 324 natura
721 281 942 324 uirtutum
956 295 1115 338 parens
1135 284 1180 324 et
1199 284 1316 324 recte
1334 281 1517 324 uiuendi

66 350 161 393 dux
172 350 341 407 optima
352 349 510 408 gignit.
568 349 656 392 Sed
670 349 777 392 dum
790 349 904 392 hanc
918 349 1191 393 affectionem
1206 350 1518 393 moderationis

66 418 221 476 regula
247 418 420 469 deserit,
439 417 584 461 fertur
608 418 656 460 in
681 432 888 474 praeceps
910 417 1242 474 discurrensque
1265 432 1345 475 per
1369 419 1518 461 omnia

65 487 239 545 'agenda
256 490 303 530 et
319 501 408 530 non
426 486 607 544 agenda,
621 501 701 543 per
713 485 945 529 infamiam
959 489 1005 529 et
1019 487 1179 529 bonam
1200 487 1377 539 famam,
1393 486 1517 530 fauo-

28 576 51 610 ⁵
66 555 129 599 ris
166 569 335 613 auceps,
362 555 533 613 gratiae
570 555 829 598 sollicitator
865 555 1069 605 incestus,
1099 558 1153 598 ut
1189 570 1289 598 cum
1327 556 1517 598 amicum

0 675 7 681 Ρ
66 623 295 667 blanditiis
312 623 672 681 praecorruperit,
686 638 807 666 more
825 623 1146 667 meretricantis
1166 623 1391 666 fortunam
1414 624 1516 667 sub-

66 692 213 749 ripiat,
238 695 448 736 extenuet
471 691 716 743 facultates,
745 692 890 735 aliena
917 693 965 735 in
992 707 1039 735 se
1061 697 1269 750 congerat
1294 693 1446 750 spolia,
1471 696 1518 736 et

0 797 3 801 .
66 775 196 805 suum
218 761 367 804 omnia
393 764 624 805 conuertat
645 761 703 804 ad
726 761 908 804 lucrum.
966 761 1167 805 Efficitur
1189 777 1293 820 ergo
1316 765 1370 805 ut
1393 762 1518 805 nulla
1532 761 1617 810 486
1636 770 1667 799 a

67 830 128 873 sit
146 830 187 873 ei
209 830 394 873 molesta
411 830 584 874 seruilis
607 830 929 881 obsecundatio,
947 831 1120 873 nullum
1140 831 1345 874 indecens
1367 832 1516 874 uidea-

0 917 53 943 ,ιο
67 900 146 940 tur
181 898 448 955 obsequium,
481 898 678 942 omnium
711 898 951 942 officiorum
985 914 1192 956 personas
1225 900 1383 950 induit,
1410 900 1517 943 dum

5 958 10 961 ⁶
66 967 263 1023 praemia
288 968 485 1010 omnium
511 967 818 1010 fraudulenter
846 969 1098 1025 praeripiat.
1157 969 1245 1021 Qui
1271 973 1377 1013 sunt
1399 970 1517 1012 enim

0 1074 3 1075 γ
66 1035 144 1091 qui
169 1035 366 1078 uestibus
389 1036 547 1086 nitent,
575 1036 652 1092 qui
678 1035 896 1093 fastigiati
922 1036 1143 1086 incedunt,
1162 1037 1239 1093 qui
1262 1038 1517 1095 sequipeda-

65 1117 165 1145 rum
191 1103 417 1160 stipantur
440 1104 665 1155 comitatu,
691 1105 1037 1148 commilitonum
1064 1109 1110 1148 et
1137 1107 1517 1150 contubernalium

65 1171 330 1214 dealbantur
365 1172 584 1228 obsequio,
622 1172 699 1229 qui
737 1173 892 1229 primis
938 1173 1280 1217 salutationibus
1328 1176 1376 1217 in
1420 1175 1517 1219 foro

0 1233 52 1300 ξιξ
66 1240 325 1297 gloriantur,
344 1241 421 1297 qui
451 1241 615 1297 primos
647 1242 870 1284 recubitus
904 1242 1070 1284 habent
1104 1243 1151 1284 in
1178 1243 1306 1294 cenis,
1330 1259 1517 1301 quorum

0 1305 35 1385 ’ξ’
66 1325 195 1353 aures
217 1310 466 1354 mulcentur
484 1309 681 1354 fomento
706 1312 1039 1368 praenominum
1059 1316 1106 1355 et
1124 1313 1284 1369 quibus
1302 1313 1518 1356 nobilium

0 1399 11 1426 r,
66 1379 218 1422 molles
247 1382 499 1422 reserantur
529 1379 761 1431 auriculae,
791 1395 900 1436 quos
934 1380 1139 1423 fortunae
1168 1381 1315 1437 gratia
1347 1381 1518 1424 alarum

66 1461 246 1490 suarum
264 1447 447 1504 remigio
466 1447 523 1490 ad
542 1447 735 1490 sullimia
762 1449 970 1492 subuehit
989 1452 1035 1491 et
1054 1449 1228 1492 extollit
1248 1453 1293 1492 et
1311 1464 1339 1492 a
1358 1450 1518 1506 quibus

0 1530 8 1569 μ
68 1516 290 1572 quaelibet
308 1530 470 1573 magna
493 1516 649 1559 domus
672 1517 972 1574 dispositionis
997 1533 1102 1561 suae
1122 1518 1356 1561 formulam
1376 1519 1519 1562 trahit

0 1572 52 1657 fao
68 1587 114 1627 et
150 1584 352 1627 habitum
390 1586 650 1629 mutuatur?
721 1585 892 1643 Nempe
921 1587 1183 1639 adulatores,
1217 1587 1294 1643 qui
1324 1587 1517 1629 alienum

0 1654 19 1717 ᾗ
67 1653 231 1695 uiuunt
248 1652 306 1695 ad
323 1655 483 1695 nutum
502 1652 608 1695 dum
628 1667 701 1696 eos
720 1653 1025 1698 fraudulenter
1044 1659 1297 1712 emungant.
1342 1655 1518 1698 Veritas
1534 1660 1564 1698 b

0 1717 15 1749 '¹
67 1735 223 1778 aspera
261 1724 330 1764 est
366 1725 412 1764 et
443 1721 700 1778 plerumque
739 1724 984 1766 molestiam
1023 1725 1153 1780 parit,
1185 1725 1291 1767 dum
1326 1724 1516 1781 aliquem

0 1751 21 1894 k
65 1790 245 1847 palpare
273 1789 550 1847 dedignatur.
607 1792 771 1834 Verum
801 1793 1050 1835 amaritudo
1076 1793 1170 1836 eius
1198 1794 1352 1836 utilior
1380 1796 1447 1836 est
1473 1797 1520 1836 et

18 1869 34 1906 ῑ
66 1857 252 1915 integris
271 1859 470 1902 sensibus
488 1859 657 1916 gratior
675 1874 807 1916 quam
833 1861 1153 1904 meretricantis
1175 1861 1352 1918 linguae
1378 1861 1519 1904 distil-

6 1926 165 1989 :glans
193 1926 338 1970 fauus.
396 1927 581 1970 Meliora
608 1928 824 1984 siquidem
847 1933 953 1971 sunt
977 1930 1146 1986 (sancto
1172 1930 1404 1973 Salomone
1432 1934 1518 1972 tes-

8 2031 17 2038 „
67 1994 210 2052 tante)
228 1995 357 2038 amici
383 1996 568 2038 uerbera
596 2011 728 2052 quam
758 1997 1042 2040 fraudulenta
1067 1999 1215 2041 oscula
1241 1999 1518 2041 blandientis.

68 2064 267 2117 Quidni'e
325 2064 455 2106 Fides
488 2065 605 2106 enim
639 2079 810 2121 semper
842 2067 1050 2122 perfidiae
1081 2066 1341 2110 antefertur.
1415 2067 1519 2109 Non

17 2174 19 2179 ,
66 2135 218 2174 manet
245 2131 354 2174 fides
378 2131 608 2174 incolumis
636 2133 713 2174 ubi
742 2133 863 2175 aliud
886 2134 1036 2190 agitur
1065 2138 1109 2176 et
1138 2134 1259 2176 aliud
1285 2134 1520 2177 simulatur

65 2199 324 2256 praesertim
344 2199 491 2242 animo
505 2202 551 2242 et
563 2199 795 2243 uoluntate
813 2201 1009 2244 nocendi.
1068 2201 1244 2245 Dicitur
1263 2202 1380 2244 enim
1399 2203 1520 2254 fides,

70 2321 114 2358 18
137 2319 291 2356 sullima
306 2320 360 2355 B:
385 2318 563 2355 sublimia
577 2318 638 2355 AS
796 2328 839 2364 27
864 2319 1043 2366 perfidiae
1060 2331 1206 2367 semper
1221 2320 1262 2356 M

9 2464 14 2473 ἶ
122 2440 138 2465 1
164 2435 300 2465 natum
318 2434 409 2464 recte
425 2430 516 2465 etc.:
540 2440 572 2464 v.
596 2426 672 2464 Cic.
694 2429 737 2463 de
759 2429 905 2464 Amicii.
925 2437 942 2474 5
964 2427 981 2474 ξ
1004 2439 1057 2472 19.
1245 2440 1268 2476 9
1291 2432 1437 2467 seruilis
1458 2433 1517 2468 ob-

7 2474 21 2520 ’ζ
71 2478 296 2512 mundatio:
320 2475 410 2512 Cod.
437 2474 571 2512 lustin.
598 2487 634 2510 x.
664 2485 721 2519 34.
843 2485 885 2519 14
908 2477 1185 2512 saladatiom‘bus
1210 2480 1303 2514 etc.:
1339 2490 1373 2513 v.
1403 2478 1517 2515 Matt.

16 2536 19 2538 ·
72 2522 176 2559 xxiii.
204 2525 238 2565 6,
266 2531 300 2566 7.
443 2532 497 2567 17,
530 2523 571 2558 18
603 2523 747 2557 alarum
775 2524 939 2567 remigio:
966 2522 1075 2569 Verg.
1101 2526 1194 2560 Aen.
1215 2525 1241 2561 i.
1266 2535 1359 2569 3013
1385 2526 1431 2560 vi.
1461 2536 1515 2571 19.

9 2600 27 2619 ,γ
73 2578 120 2614 24
145 2571 404 2605 meretricantis
418 2571 509 2606 etc:
533 2581 565 2603 v.
584 2568 688 2604 Prov.
705 2581 738 2604 v.
756 2578 789 2612 3.
929 2578 971 2615 25
998 2571 1150 2606 Meliora
1163 2572 1257 2607 etc.:
1281 2571 1387 2607 Prov.
1402 2573 1517 2610 xxvii.

70 2617 119 2660 63
151 2616 198 2652 de
224 2615 388 2652 lectione
413 2617 524 2651 amici
546 2626 614 2662 pro
642 2627 733 2651 vers.
757 2615 943 2661 Vulgatae
966 2618 1148 2661 diliyentis
1169 2630 1203 2653 v.
1229 2618 1402 2655 Sabatier
1422 2621 1516 2656 Bibl.

69 2663 152 2698 Lat.
175 2664 270 2698 Vm.
293 2664 441 2709 Antiqu.
465 2662 506 2698 ii.
532 2663 621 2707 3383
645 2663 861 2698 blandem&
883 2665 1014 2699 tamen
1038 2675 1107 2709 pro
1130 2666 1282 2701 odientis
1299 2665 1440 2712 (Vulg.)
1457 2666 1518 2703 vel

70 2710 213 2791 inignit'ci
220 2721 412 2803 hist-usqua}
428 2709 610 2756 scriptum
624 2708 801 2746 invenies.
965 2721 1012 2756 29
1036 2712 1184 2748 Dicitur
1195 2715 1292 2748 enim
1306 2715 1404 2758 fides
1419 2716 1491 2750 etc.
1506 2726 1516 2749 ε

69 2766 104 2790 v.
167 2767 199 2791 c.
276 2783 286 2792 .
302 2768 328 2792 1.
345 2765 366 2801 7
422 2766 479 2803 23.

125 2842 206 2862 vm
757 2841 785 2869 B
802 2828 831 2869 b
1346 2840 1409 2884 185
