1878 3172
189 164 260 213 451
279 164 308 202 b
653 159 913 204 IOANNIS
954 158 1466 203 SARESBERIENSIS
1619 157 1729 221 [ΗΒ.
1745 171 1786 204 11

326 295 415 324 non
443 280 560 337 quod
589 294 659 323 res
688 279 928 336 praeterita
957 281 1198 329 reuocetur,
1218 292 1330 335 quae
1359 278 1407 320 in
1436 293 1488 322 eo
1517 278 1640 322 nulla
1662 294 1787 337 prae-

325 351 461 401 teriit,
495 350 570 393 sed
606 349 723 406 quod
767 363 836 391 res
877 347 1032 391 futura
1070 350 1340 404 expectatur,
1375 363 1488 405 quae
1526 349 1584 392 ab
1616 349 1789 392 insidiis

326 418 533 462 fortunae
567 418 730 475 pendet
758 420 811 460 ut
842 417 909 459 sit.
983 416 1153 461 Deinde
1187 419 1239 461 tu
1269 416 1363 473 ipse
1391 420 1516 474 potes
1544 417 1789 475 prouidisse

325 487 505 544 aliquod
537 487 712 537 bonum,
742 486 859 542 quod
891 485 1007 530 forte
1035 484 1239 531 futurum
1268 487 1336 531 est
1364 485 1539 537 bonum,
1569 489 1614 529 et
1642 489 1791 543 potest

326 572 416 600 non
450 556 545 599 fore
579 556 770 607 bonum;
811 558 856 600 et
894 554 1011 597 idem
1045 557 1170 611 potes
1203 569 1293 597 non
1330 555 1574 611 prouidisse
1612 556 1788 606 bonum,
1807 566 1827 606 5

285 640 311 670 c
327 641 416 670 non
446 626 551 683 quia
578 625 718 682 possis
752 638 842 666 non
875 624 1119 681 prouidisse
1149 624 1266 680 quod
1297 625 1543 681 prouidisti,
1574 625 1651 668 sed
1685 625 1791 682 quia

327 698 474 753 potest
502 709 592 737 non
620 695 785 736 bonum
815 707 908 735 esse
938 693 1055 749 quod
1084 693 1331 750 prouidisti.
1389 693 1505 737 Item
1531 697 1656 751 potes
1682 694 1790 751 quid

326 765 577 822 promisisse
606 764 678 806 uel
707 763 947 820 stipulatus
976 777 1069 805 esse
1098 762 1280 813 utiliter,
1311 763 1514 820 idemque
1547 767 1672 821 potes
1701 778 1791 807 non

327 834 588 891 promisisse,
622 835 702 875 aut
735 848 824 875 non
858 832 1097 889 stipulatus
1131 846 1224 875 esse
1259 832 1456 886 utiliter;
1495 833 1612 890 quod
1641 835 1791 876 tamen

329 902 569 960 promisisti
620 901 693 943 uel
743 901 983 957 stipulatus
1033 915 1090 951 es,
1138 915 1228 944 non
1276 902 1526 957 promisisse
1568 905 1649 945 aut
1700 916 1790 945 non
1811 919 1853 944 10

329 971 568 1028 stipulatus
622 984 715 1012 esse
763 984 853 1012 non
901 972 1036 1026 potes.
1116 969 1358 1021 Praeterea,
1404 972 1456 1012 tu
1503 970 1551 1012 in
1600 970 1791 1013 fundum

329 1039 697 1096 Sempronianum
736 1038 863 1084 illum
902 1038 979 1094 qui
1018 1041 1064 1081 te
1102 1039 1302 1095 sequitur
1335 1039 1632 1096 praecessisti3
1673 1043 1719 1082 et
1753 1039 1791 1082 si

329 1109 466 1151 alium
501 1107 787 1164 praecessisti,
817 1110 863 1150 te
897 1108 1011 1150 alius
1045 1110 1124 1150 aut
1158 1111 1334 1150 secutus
1367 1110 1436 1151 est
1474 1111 1554 1151 aut
1591 1108 1793 1165 sequitur

329 1181 410 1220 aut
455 1180 675 1234 sequetur.
752 1176 867 1220 Cum
910 1191 1014 1233 ergo
1057 1177 1361 1233 consequentis
1404 1177 1608 1220 euacuari
1652 1177 1792 1234 possit

330 1246 527 1297 euentus,
562 1246 861 1292 antecedentis
896 1260 1069 1302 quoque
1099 1246 1264 1290 ueritas
1299 1249 1445 1303 potest
1479 1247 1705 1298 infirmari,
1737 1249 1789 1290 ut
1811 1259 1852 1298 15

331 1319 377 1359 et
396 1319 447 1359 tu
467 1315 544 1372 qui
568 1329 866 1372 praecesseras
888 1329 977 1357 non
1000 1315 1284 1371 praecessisse
1310 1315 1463 1372 possis.
1523 1316 1621 1369 Quo
1640 1319 1791 1359 tamen

330 1384 554 1441 ingressus
588 1398 645 1434 es,
674 1399 763 1427 non
796 1387 921 1440 potes
955 1397 1044 1426 non
1075 1382 1212 1426 fuisse
1241 1383 1476 1441 ingressus,
1504 1399 1646 1441 neque
1675 1384 1794 1441 quod

332 1453 501 1496 factum
531 1455 599 1495 est
628 1453 933 1495 connumerari
962 1455 1109 1509 potest
1137 1453 1325 1503 infectis,
1350 1467 1492 1509 neque
1522 1453 1639 1510 quod
1668 1468 1792 1511 prae·
1858 1465 1863 1469 '

286 1524 315 1564 d
333 1522 466 1573 teriit,
498 1537 554 1564 ne
587 1521 737 1573 fuerit,
767 1521 932 1578 poterit
962 1522 1169 1565 reuocari.
1238 1522 1297 1564 In
1331 1523 1402 1566 his
1435 1523 1553 1566 enim
1587 1523 1792 1566 omnibus

332 1606 445 1648 quae
464 1592 611 1633 mente
635 1593 845 1646 concepta
871 1590 943 1632 uel
968 1591 1116 1633 uerbis
1135 1605 1342 1647 expressa
1361 1592 1433 1634 uel
1453 1595 1556 1635 actu
1575 1591 1793 1648 completa
1812 1607 1855 1631 20

330 1660 615 1711 transierunt,
645 1674 734 1702 non
763 1662 948 1716 possunt
983 1674 1062 1703 nec
1091 1663 1301 1716 poterunt
1336 1661 1495 1704 exinde
1524 1675 1614 1703 non
1643 1660 1793 1712 fuisse,

330 1729 414 1773 etsi
435 1729 584 1786 qualia
603 1728 759 1771 futura
785 1732 922 1780 erant,
943 1729 1049 1771 dum
1076 1730 1227 1772 eadem
1255 1729 1324 1772 sui
1350 1733 1512 1773 natura
1534 1733 1680 1773 certus
1703 1744 1793 1773 non

331 1799 434 1841 fixit
454 1801 650 1848 euentus,
670 1798 850 1841 ualeant
869 1812 958 1841 non
986 1798 1132 1842 fuisse.
1194 1798 1367 1841 Talium
1393 1814 1499 1843 uero
1525 1800 1795 1843 clauduntur

331 1867 504 1910 ambitu
533 1866 691 1917 omnia,
722 1881 834 1923 quae
863 1867 1173 1924 cuiuscumque
1208 1868 1381 1924 generis
1412 1868 1684 1911 imminentis
1717 1882 1793 1925 ap-

331 1936 569 1993 pellatione
610 1935 890 1986 clauduntur,
931 1936 1034 1979 licet
1083 1936 1349 1980 familiarius
1392 1937 1449 1980 ad
1497 1938 1793 1994 quantitatem
1813 1950 1855 1985 ²5

331 2008 412 2048 aut
458 2004 515 2046 ad
564 2004 733 2061 aliquid
781 2008 862 2048 aut
910 2005 968 2051 ad
1017 2005 1246 2061 quodlibet
1294 2006 1482 2049 aliorum
1530 2006 1795 2049 naturaliter

333 2073 620 2130 applicentur.
681 2074 799 2126 Quid
829 2089 934 2131 ergo
963 2074 1137 2127 mirum,
1166 2075 1205 2117 si
1239 2075 1314 2118 ille
1346 2075 1422 2131 qui
1456 2075 1604 2118 omnia
1637 2077 1794 2132 potest,

334 2145 380 2185 et
419 2158 531 2199 quae
569 2144 803 2199 praeuidit,
838 2159 927 2186 non
961 2144 1231 2200 praeuidisse
1270 2145 1448 2201 potest?
1486 2159 1586 2188 cum
1625 2147 1796 2188 constet

333 2212 436 2254 fidei
467 2212 584 2268 quod
614 2226 666 2254 ea
696 2227 808 2268 quae
837 2212 1041 2269 praeuisa
1070 2215 1176 2255 sunt
1204 2227 1294 2255 non
1323 2213 1500 2256 euenire
1529 2217 1725 2270 possunt,
1749 2215 1795 2256 et

334 2295 446 2337 quae
481 2296 570 2324 non
602 2282 806 2338 praeuisa
835 2284 941 2325 sunt
970 2282 1158 2333 euenire,
1186 2296 1266 2325 nec
1295 2285 1445 2325 tamen
1474 2282 1587 2325 citra
1616 2296 1793 2339 conspe·
1813 2296 1856 2328 30

334 2353 455 2392 ctum
486 2350 791 2406 prouidentiae
822 2350 1003 2396 ualeant
1037 2350 1223 2393 euenire.
1283 2350 1363 2393 Ait
1391 2351 1508 2393 enim
1535 2350 1714 2393 Ysaias:
1745 2350 1795 2394 Si

336 2417 568 2460 uolueritis
602 2419 828 2461 ambulare
864 2419 912 2461 in
945 2419 1189 2475 praeceptis
1223 2419 1331 2461 meis
1371 2421 1416 2461 et
1449 2418 1679 2461 audieritis
1713 2433 1795 2471 me,

195 2501 273 2541 452
293 2501 323 2531 a
338 2486 454 2529 bona
500 2490 645 2530 terrae
691 2488 949 2540 comedetis;
998 2488 1116 2544 quod
1163 2488 1201 2530 si
1251 2487 1491 2538 nolueritis,
1534 2490 1580 2530 et
1622 2502 1692 2530 me
1737 2488 1795 2531 ad

337 2556 610 2598 iracundiam
639 2557 977 2607 concitaueritis,
1007 2557 1182 2614 gladius
1219 2557 1450 2600 deuorabit
1482 2571 1587 2608 uos,¹
1608 2557 1712 2613 quia
1745 2571 1795 2600 os

336 2623 516 2666 Domini
559 2625 755 2667 locutum
798 2628 878 2668 est.
957 2626 1066 2669 Ecce
1112 2626 1216 2682 quia
1253 2625 1439 2668 liberum
1479 2625 1550 2668 hic
1589 2628 1794 2668 seruatur
1813 2636 1856 2671 35

388 2724 441 2757 11,
472 2726 513 2762 12
543 2717 711 2760 fundum
742 2718 1067 2763 Sempronianum:
1122 2717 1335 2763 exemplum
1372 2717 1474 2763 apud
1511 2716 1794 2754 iurisconsultos

337 2763 492 2805 notum;
525 2773 556 2798 e.
568 2774 606 2808 g.
626 2765 708 2807 Diq.
727 2763 813 2800 xliv.
836 2775 850 2800 1
872 2764 889 2809 ξ
911 2766 977 2811 16;
1003 2765 1051 2801 cf.
1071 2766 1192 2801 Seium
1207 2763 1310 2800 infra
1327 2764 1410 2811 (453
1426 2764 1476 2811 a).
1611 2774 1666 2810 31,
1684 2775 1729 2811 32
1753 2766 1796 2802 Si

337 2810 524 2846 uolueritis
540 2811 634 2846 etc.:
668 2810 736 2846 Isa.
753 2810 779 2848 i.
799 2821 850 2858 19,
871 2822 926 2848 20.

447 2873 511 2908 126
