1878 3172
107 149 258 211 raon]
617 150 1018 203 POLICRATICV
1019 151 1053 196 S
1578 153 1660 204 385
1677 155 1707 193 b

106 268 282 313 litterae
305 270 680 314 consecrassent?
716 270 859 313 Arcus
883 270 1173 327 triumphales
1191 273 1299 314 tunc
1324 272 1563 329 proficiunt

106 338 353 382 illustribus
391 339 502 382 uiris
544 339 602 382 ad
649 339 848 396 gloriam,
887 354 988 382 cum
1030 354 1087 382 ex
1135 339 1296 396 quibus
1334 341 1477 383 causis
1516 344 1563 383 et

105 421 292 464 quorum
350 409 453 459 sint,
501 408 700 465 inpressa
747 408 874 451 docet
932 408 1173 465 inscriptio.
1260 409 1562 470 Liberatorem

104 476 287 533 patriae,
301 476 582 520 fundatorem
602 477 775 534 quietis,
789 480 896 521 tunc
915 477 1092 520 demum
1112 478 1333 535 inspector
1350 480 1561 536 agnoscit,

7 584 13 589 .
35 548 40 552 ’
69 564 89 598 5
104 559 204 589 cum
224 546 384 589 titulus
404 547 782 603 triumphatorem,
802 561 933 603 quem
951 550 1105 590 nostra
1130 547 1365 590 Britannia.
1390 549 1558 606 genuit,

103 613 271 658 indicat
309 614 662 658 Constantinum.
731 615 894 658 Nullus
933 616 1051 658 enim
1088 630 1299 673 umquam
1336 618 1600 661 constantie

103 682 245 739 gloria
272 683 443 734 claruit,
463 684 551 726 nisi
580 699 636 726 ex
664 698 744 727 suo
773 684 846 727 uel
875 685 1038 742 scripto
1071 685 1227 729 alieno.
1291 686 1456 729 Eadem
1491 690 1559 730 est

72 769 75 771 ·
104 751 218 794 asini
241 755 287 794 et
305 752 501 795 cuiusuis
523 753 801 809 imperatoris
827 755 928 809 post
956 753 1176 796 modicum
1205 757 1380 811 tempus
1405 755 1559 812 gloria,

102 819 190 862 nisi
238 824 455 877 quatenus
493 821 704 864 memoria
742 821 999 865 alterutrius
1037 822 1300 879 scriptorum
1349 824 1559 868 beneficio

45 905 88 932 ιο
102 892 378 946 prorogatur.
447 890 566 942 Quot
599 893 644 933 et
675 893 864 947 quantos
898 891 1129 933 arbitraris
1162 890 1299 935 fuisse
1332 907 1468 949 reges,
1502 894 1557 936 de

102 958 262 1014 quibus
299 973 518 1015 nusquam
556 974 698 1002 sermo
732 963 799 1002 est
837 962 918 1002 aut
954 960 1195 1017 cogitatio?
1263 961 1414 1004 Nichil
1453 977 1558 1020 ergo

100 1027 373 1071 consiliosius
401 1031 469 1070 est
497 1029 798 1084 captatoribus
826 1029 1002 1086 gloriae,
1022 1044 1155 1085 quam
1183 1030 1482 1074 litteratorum
1512 1035 1558 1075 et

101 1095 387 1139 scribentium
418 1097 610 1139 maxime
640 1098 831 1154 gratiam
866 1098 1118 1154 promereri.
1177 1099 1405 1142 Inutiliter
1438 1101 1557 1142 enim

101 1163 165 1207 eis
194 1168 412 1221 geruntur
454 1165 641 1222 egregia,
675 1166 900 1222 perpetuis
938 1167 1132 1210 tenebris
1170 1167 1436 1218 obducenda,
1469 1169 1557 1212 nisi

44 1241 88 1283 15
99 1231 350 1277 litterarum
388 1234 484 1278 luce
523 1235 775 1279 clarescant.
847 1235 1067 1292 Quicquid
1105 1236 1275 1280 fauoris
1313 1240 1393 1281 aut
1431 1252 1556 1294 prae-

99 1302 326 1346 coniorum
367 1303 546 1346 aliunde
592 1304 882 1356 contrahitur,
921 1305 1102 1361 perinde
1141 1309 1210 1348 est
1247 1320 1297 1350 ac
1336 1307 1375 1349 si
1424 1306 1556 1358 Echo,

99 1384 233 1427 quam
251 1372 411 1415 audis
398 1388 447 1415 111
466 1372 642 1423 fabulis,
660 1373 841 1429 plausus
861 1374 1054 1430 excipiat
1072 1374 1327 1419 theatrales.
1378 1375 1555 1419 Desinit
1571 1378 1654 1428 386
1673 1390 1703 1418 a

98 1439 217 1483 enim
242 1454 342 1483 cum
368 1441 545 1498 ceperit.
602 1441 676 1483 Ad
705 1442 811 1485 haec
841 1442 889 1484 in
918 1442 1067 1485 dolore
1096 1443 1315 1494 solatium,
1343 1444 1555 1487 recreatio

97 1507 147 1550 in
177 1508 339 1560 labore,
371 1510 419 1553 in
457 1513 718 1567 paupertate
753 1511 1013 1564 iocunditas,
1043 1512 1260 1555 modestia
1297 1513 1346 1555 in
1384 1513 1556 1556 diuitiis

41 1589 83 1613 το
97 1579 145 1619 et
171 1577 340 1622 deliciis
372 1579 623 1622 fidelissime
653 1594 680 1622 a
713 1579 876 1623 litteris
910 1583 1156 1624 mutuatur.
1217 1581 1335 1624 Nam
1369 1596 1396 1624 a
1429 1582 1556 1625 uitiis

35 1680 39 1683 .
96 1645 331 1690 redimitur
367 1648 552 1698 animus,
590 1652 636 1691 et
673 1649 802 1692 suani
841 1652 887 1692 et
929 1650 1043 1692 mira
1081 1650 1284 1706 quadam,
1323 1651 1457 1693 etiam
1506 1652 1555 1694 in

97 1713 306 1766 aduersis,
331 1716 601 1760 iocunditate
632 1718 838 1768 reficitur,
861 1733 961 1761 011111
993 1719 1052 1761 8.(1
1082 1719 1316 1776 legendum
1347 1720 1420 1763 uel
1447 1720 1553 1763 scri-

97 1782 290 1827 bendum
315 1785 446 1828 utilia
474 1786 636 1829 mentis
661 1787 855 1829 intendit
883 1802 1081 1831 acumen.
1138 1788 1322 1831 Nullam
1348 1789 1396 1831 in
1422 1789 1553 1832 rebus

97 1851 303 1929 humanis
321 1854 618 1931 iocundiorem
641 1858 721 1898 aut
739 1856 961 1898 utiliorem
990 1857 1319 1913 occupationem
1345 1858 1555 1909 inuenies,

96 1988 323 2045 colloquiis
357 1994 438 2033 aut
469 1991 598 2034 corde
628 2007 708 2049 per
739 1993 969 2035 caritatem
1009 1993 1195 2036 dilatato
1227 1994 1371 2036 Deum
1404 1997 1553 2037 mente

94 2058 314 2114 concipiat
342 2062 388 2102 et
412 2060 635 2116 magnalia
658 2061 752 2103 eius
778 2061 897 2117 apud
922 2076 968 2104 se
995 2062 1121 2117 quasi
1147 2063 1337 2117 quadam
1366 2063 1550 2105 medita-

94 2125 230 2168 tionis
247 2141 383 2170 manu
406 2131 658 2183 pertractet.
718 2129 913 2185 Experto
932 2131 1072 2181 crede,
1091 2131 1196 2186 quia
1223 2131 1370 2173 omnia
1395 2132 1550 2174 mundi

93 2193 241 2237 dulcia
263 2195 334 2238 his
359 2196 518 2239 collata
541 2198 762 2240 exercitiis
787 2201 1086 2250 amarescunt;
1116 2213 1168 2241 eo
1194 2199 1371 2255 quidem
1396 2201 1551 2257 magis,

37 2282 80 2316 30
95 2277 183 2319 quo
220 2264 378 2320 cuique
415 2279 569 2308 sensus
607 2266 832 2323 integrior,
867 2270 912 2309 et
951 2267 1065 2309 ratio
1103 2267 1359 2324 incorrupta
1396 2268 1550 2319 iudicii

93 2332 284 2388 purioris
313 2333 438 2390 uiget
466 2335 676 2378 acumine
737 2335 842 2377 Noli
872 2350 975 2392 ergo
1004 2336 1169 2386 mirari,
1192 2351 1327 2392 quare
1356 2337 1547 2394 aliquem
1565 2347 1594 2385 b

93 2401 281 2457 gradum
301 2402 453 2453 scalae,
474 2417 586 2458 quae
605 2418 722 2446 nunc
742 2404 835 2446 sola
853 2404 980 2446 nouit
999 2418 1237 2455 ascensum,
1257 2409 1389 2462 prout
1409 2421 1547 2462 quan-

96 2520 115 2558 5
141 2512 352 2550 brittannia
369 2515 393 2558 S
609 2526 647 2552 11
674 2527 795 2553 sermo
811 2528 996 2563 nusquam
1012 2516 1045 2553 A
1248 2529 1294 2563 ²4
1318 2517 1492 2557 inueniet
1506 2520 1547 2556 M

143 2627 162 2665 5
185 2631 289 2666 quen·
311 2626 434 2656 noum
457 2622 658 2657 Britannia
678 2624 823 2666 yenuin
855 2622 910 2659 De
935 2622 1032 2659 falsa
1057 2623 1233 2669 opinione
1258 2623 1548 2662 Constantinum

95 2664 278 2712 Magnum
309 2667 352 2702 in
384 2667 587 2704 Britannia
617 2670 750 2704 natum
783 2681 862 2705 0880
894 2669 964 2706 vid.
999 2635 1123 2716 Schci’p
1124 2671 1203 2714 flin,
1231 2672 1465 2708 Cmnmentati
1465 2685 1548 2709 ones

93 2713 319 2796 gistooggae
317 2716 477 2798 gui?
505 2727 607 2762 seqq.
635 2718 674 2752 et
702 2715 734 2752 I.
760 2716 1015 2753 Wordsworth
1041 2719 1136 2756 Dice.
1168 2720 1213 2764 os
1234 2720 1420 2756 Christian
1444 2721 1545 2765 Bioy.

1391 2849 1431 2881 13
