1878 3172
28 134 30 136 ¹
67 161 70 163 ’
108 177 209 219 οη.
224 172 283 234 11]
611 171 1045 220 POLICRATICVS
1566 181 1648 222 540
1666 172 1711 211 s-

108 307 215 336 uero
234 292 391 350 capitis
409 292 458 334 in
476 307 525 335 re
548 292 726 350 publica
742 291 915 348 optinet
940 291 1083 334 locum
1110 290 1189 333 uni
1215 290 1437 334 subiectus
1463 290 1559 334 Deo

109 364 156 404 et
170 361 240 404 his
259 361 335 418 qui
354 361 472 404 uices
491 360 610 403 illius
628 363 769 417 agunt
786 359 835 402 in
854 359 996 409 terris,
1015 358 1221 415 quoniam
1241 361 1287 401 et
1308 359 1357 401 in
1378 373 1558 416 corpore

80 430 302 473 ⁴humano
339 430 397 473 ab
434 429 582 472 anima
618 432 853 486 uegetatur
889 431 1022 484 caput
1060 431 1106 470 ct
1143 427 1324 484 regitur.
1402 427 1558 471 Cordis
1574 439 1601 473 e

107 498 252 542 locum
271 501 449 542 senatus
468 498 649 555 optinet,
669 512 697 539 a
715 511 802 554 quo
824 497 1038 540 bonorum
1063 510 1244 552 operum
1270 498 1317 538 et
1342 496 1558 539 malorum

69 585 93 622 ³
109 567 351 624 procedunt
373 566 513 609 initia.
572 565 809 609 Oculorum
834 565 1009 608 aurium
1035 567 1081 607 et
1106 564 1283 620 linguae
1308 564 1449 607 officia
1474 564 1559 607 sibi

108 635 346 678 uendicant
382 634 549 677 iudices
586 636 633 676 et
670 633 891 690 praesides
928 631 1267 690 prouinciarum.
1343 631 1560 675 Officiales

108 707 156 747 et
201 704 365 746 milites
401 702 605 745 manibus
652 705 927 759 coaptantur.
1003 701 1091 754 Qui
1128 715 1299 757 semper
1336 701 1559 744 adsistunt

107 771 308 828 principi,
340 771 553 814 lateribus
585 770 897 814 assimilantur.
969 769 1231 822 Quaestores
1264 771 1310 812 et
1342 784 1558 812 commen-

107 840 320 884 tarienses
334 839 442 898 (non
461 839 560 882 illos
578 839 675 882 dico
689 839 765 895 qui
784 837 1028 881 carceribus
1046 840 1268 894 praesunt,
1283 838 1360 880 sed
1378 839 1559 882 comites

49 926 93 952 ιο
108 922 256 951 rerum
303 909 596 966 priuatarum)
648 907 705 950 ad
752 907 923 950 uentris
970 910 1016 949 et
1062 906 1372 949 intestinorum
1420 907 1559 951 refert

107 977 355 1034 imaginem.
426 976 560 1029 Quae,
598 976 636 1019 si
675 976 888 1018 immensa
924 975 1140 1018 auiditate
1178 975 1474 1032 congesserint
1512 980 1558 1019 et

106 1049 314 1103 congesta
343 1045 540 1088 tenacius
571 1044 908 1095 reseruauerint,
936 1043 1277 1087 innumerabiles
1306 1047 1352 1087 et
1382 1045 1555 1088 incura-

106 1114 216 1158 biles
233 1117 447 1172 generant
464 1113 649 1164 morbos,
668 1116 721 1155 ut
739 1113 851 1155 uitio
870 1127 1020 1155 eorum
1046 1112 1184 1155 totius
1209 1113 1401 1170 corporis
1427 1114 1557 1157 ruina

105 1183 344 1225 immineat.
393 1181 583 1224 Pedibus
601 1196 707 1224 uero
726 1181 818 1223 solo
836 1181 1000 1237 iugiter
1018 1181 1322 1224 inherentibus
1340 1182 1556 1239 agricolae

0 1255 15 1307 ξ
47 1266 88 1301 15
104 1253 378 1308 coaptantur,
403 1250 563 1306 quibus
591 1249 748 1305 capitis
776 1249 1055 1305 prouidentia
1082 1251 1210 1292 tanto
1237 1250 1378 1307 magis
1406 1264 1553 1293 neces-

105 1319 223 1362 saria
241 1321 319 1368 est,
339 1332 427 1374 quo
447 1317 577 1374 plura
602 1317 838 1359 inueniunt
863 1316 1133 1367 offendicula,
1153 1317 1260 1359 dum
1279 1317 1327 1359 in
1346 1318 1553 1374 obsequio
1569 1318 1599 1358 d

105 1387 299 1444 corporis
326 1387 375 1428 in
400 1389 520 1429 terra
544 1386 821 1443 gradiuntur,
840 1386 988 1442 eisque
1014 1385 1174 1428 iustius
1199 1389 1555 1443 tegumentorum

105 1457 291 1500 debetur
316 1454 588 1511 suffragium,
617 1454 693 1510 qui
727 1454 866 1496 totius
899 1454 1093 1510 corporis
1126 1454 1304 1511 erigunt
1337 1455 1558 1498 sustinent

106 1527 154 1568 et
191 1526 454 1581 promouent
490 1522 662 1565 molem.
734 1522 900 1565 Pedum
940 1522 1207 1565 adminicula
1254 1522 1558 1566 robustissimo

45 1611 91 1636 ao
105 1593 276 1650 corpori
308 1591 426 1642 tolle,
455 1591 548 1634 suis
580 1591 751 1634 uiribus
783 1605 873 1633 non
910 1591 1116 1647 procedet
1148 1591 1224 1634 sed
1255 1595 1335 1634 aut
1365 1593 1557 1649 turpiter

105 1661 326 1705 inutiliter
338 1664 384 1703 et
402 1660 582 1703 moleste
596 1660 799 1702 manibus
818 1662 942 1716 repet
959 1662 1039 1702 aut
1052 1660 1283 1703 brutorum
1298 1661 1554 1703 animalium

104 1744 187 1786 ope
223 1729 485 1772 monebitur.
542 1728 674 1771 Ponit
709 1728 757 1770 in
789 1729 906 1771 hunc
937 1728 1115 1771 modum
1146 1743 1266 1771 more
1303 1744 1383 1772 suo
1421 1744 1554 1786 quam
1569 1745 1641 1784 541
1659 1746 1689 1774 a

104 1797 308 1854 plurima,
341 1812 453 1853 quae
483 1796 739 1853 diligentius
770 1796 993 1838 diffusiore
1031 1800 1226 1839 tractatu
1263 1798 1555 1853 prosequitur,

105 1866 163 1909 ad
176 1865 532 1908 informationem
544 1865 608 1907 rei
620 1865 820 1921 publicae
835 1868 880 1907 et
890 1865 1230 1921 magistratuum
1245 1865 1554 1918 eruditionem3

46 1953 88 1987 ²5
106 1948 218 1991 quae
243 1934 391 1977 omnia
416 1933 654 1976 sillabatim
686 1933 843 1988 exequi
875 1933 1047 1975 seruilis
1081 1933 1457 1990 interpretationis
1487 1939 1556 1977 est

105 2017 218 2060 quae
236 2003 383 2059 potius
402 2002 579 2044 affectat
597 2001 783 2057 speciem
803 2015 935 2056 quam
955 2001 1072 2043 uires
1087 2003 1277 2044 auctoris
1297 2003 1551 2058 exprimere.

105 2072 166 2114 Et
185 2071 290 2127 quia
308 2070 426 2127 apud
452 2070 596 2126 ipsum
616 2069 670 2112 de
689 2069 935 2112 cerimoniis
954 2072 1000 2111 et
1018 2069 1192 2112 cultura
1211 2070 1391 2113 deorum
1410 2072 1551 2127 plura,

103 2140 535 2193 W
567 2165 639 2198 2„3
661 2153 826 2190 humano
841 2153 883 2189 in
900 2165 1053 2199 corpore
1070 2154 1109 2190 C¹
1124 2168 1133 2191 :
1157 2155 1198 2191 in
1215 2155 1378 2191 humano
1394 2168 1551 2202 corpore

104 2202 205 2239 BSM
321 2212 345 2247 4
370 2201 516 2237 obtinet
531 2199 660 2237 CBSM
779 2211 819 2237 11
843 2201 1062 2247 ymaginem
1078 2201 1119 2236 M
1233 2213 1282 2238 20
1305 2213 1459 2248 corpore
1475 2203 1515 2238 Μ

102 2279 230 2314 eoldum
253 2278 405 2313 Soanda
434 2289 515 2312 cum
539 2278 647 2311 tacita
670 2277 807 2320 virgine
826 2278 1007 2328 pontifex.
1054 2275 1247 2312 Pontificis
1277 2276 1440 2314 maxime
1468 2281 1551 2315 erat

102 2323 269 2370 virgines
279 2323 447 2360 Vestales
460 2334 594 2368 capere
611 2324 651 2358 et
667 2321 708 2357 in
720 2333 791 2363 eaS,
806 2333 836 2356 si
849 2321 939 2367 quid
952 2322 1224 2364 commiserant,
1234 2322 1528 2362 animadvertere
1541 2338 1550 2363 :

103 2383 194 2407 nam
208 2370 313 2406 urbis
329 2372 456 2406 focum
473 2369 664 2416 publicum
682 2368 946 2405 custodiebant
961 2368 1123 2415 virgines
1139 2369 1303 2406 Vestales
1323 2370 1430 2416 quasi
1451 2372 1550 2418 regis

103 2417 215 2458 filiae.
233 2417 339 2453 cuius
355 2417 472 2453 vicem
490 2415 531 2451 in
543 2415 658 2451 sacris
674 2415 868 2451 obtinebat
886 2415 1060 2461 pontifex
1078 2415 1271 2452 maximus.
1321 2416 1447 2453 Etiam
1464 2422 1550 2464 post

104 2465 305 2501 fundatum
337 2464 383 2499 ab
417 2463 619 2498 Aureliano
644 2465 898 2507 pontificatum
936 2464 1021 2498 solis
1051 2462 1247 2508 pontifices
1277 2463 1446 2501 Vestales
1484 2477 1549 2502 seu

102 2511 239 2548 Vestae
255 2510 439 2557 appellati
454 2512 541 2545 sunt
557 2508 623 2554 qui
639 2520 660 2544 e
677 2508 836 2554 collegio
857 2508 1080 2554 pontificum
1103 2509 1259 2555 antiquo
1284 2514 1404 2547 erant.
1452 2511 1548 2550 Vide

103 2559 150 2595 de
164 2558 237 2594 hac
252 2569 291 2593 re
316 2556 538 2602 Marquardt
560 2557 742 2591 Romische
763 2557 1098 2601 staatscenoaltunq
1115 2557 1186 2600 (ed.
1209 2558 1310 2602 1885)
1326 2557 1382 2593 iii.
1407 2570 1443 2604 p.
1468 2562 1548 2604 238,

102 2617 139 2640 n.
157 2614 193 2651 53
218 2604 265 2640 cf.
278 2616 343 2650 pp.
357 2606 413 2649 83,
424 2616 460 2639 n.
474 2612 506 2649 5,
520 2604 576 2648 89,
590 2615 627 2637 n.
641 2603 676 2646 6,
690 2612 735 2646 24
741 2611 757 2646 5
771 2614 780 2643 ;
804 2601 1012 2638 Mommsen
1028 2604 1229 2639 Romischec
1242 2605 1459 2640 swam-eom
1476 2606 1546 2650 (ed.

107 2652 212 2695 1887)
227 2650 267 2686 ii,
285 2663 322 2696 p.
341 2661 399 2695 23,
411 2661 448 2685 n.
464 2661 496 2695 3.
638 2650 659 2685 8
676 2650 866 2685 lateribus:
892 2650 952 2684 Sic
967 2651 1061 2684 enim
1076 2662 1263 2686 assessores
1278 2657 1310 2686 et
1325 2654 1549 2689 consiliarios

102 2703 331 2733 consumet-at
345 2698 527 2742 appellare
538 2694 727 2741 Eugenins
740 2695 796 2730 111
811 2707 924 2741 papa,
936 2697 979 2731 ut
994 2695 1049 2731 ait
1067 2695 1224 2733 Ioannes
1239 2696 1382 2735 Saresb.
1398 2699 1440 2734 in
1452 2701 1547 2736 Hist.

102 2745 239 2789 Pontis.
257 2756 289 2780 c.
306 2754 346 2779 21
373 2743 508 2788 (Pertz.
525 2744 622 2778 Mon.
644 2744 763 2777 Ger-m.
780 2743 875 2777 Hist.
892 2744 1019 2788 Script.
1036 2754 1095 2778 xx.
1114 2748 1214 2789 533);
1248 2744 1295 2780 cf.
1314 2745 1349 2781 S.
1367 2746 1545 2782 Bernard.

104 2793 147 2826 de
161 2791 448 2827 Considemtione
464 2789 527 2836 (ad
543 2789 666 2835 ipsum
678 2788 906 2836 Eugenium)
923 2789 970 2826 iv.
982 2800 1006 2834 4
1020 2788 1162 2837 (Migne
1174 2792 1216 2827 P.
1228 2793 1271 2828 L.
1283 2792 1433 2828 clxxxii.
1450 2795 1546 2839 778).
