1878 3172
119 219 217 252 cn.
232 208 303 264 Π]
627 206 1027 252 POLICRATIOV
1029 207 1062 252 S
1592 208 1677 258 546
1694 206 1725 246 d

117 341 238 371 mam
266 327 324 371 ad
353 327 643 371 eruditionem
672 342 851 371 suorum
879 327 1079 384 pessimis
1107 327 1359 371 hominibus
1386 327 1575 371 contulit

75 442 80 447 ,
118 399 394 453 potestatem.
467 397 594 439 Vnde
623 396 756 438 illud:
801 396 997 439 Subiecti
1030 398 1170 439 estote
1205 397 1326 439 omni
1356 397 1574 439 humanae

118 469 346 508 creaturae
374 468 556 523 propter
583 465 739 515 Deum,
766 464 861 507 siue
890 465 984 522 regi
1017 465 1142 521 quasi
1171 465 1451 522 praecellenti
1480 465 1574 508 siue

119 533 305 577 ducibus
322 536 550 591 tamquam
569 533 627 576 ab
646 548 697 576 eo
715 533 860 576 missis
889 533 946 576 ad
971 533 1215 576 uindictam
1241 533 1575 577 malefactorum

80 618 100 652 5
118 602 295 645 laudem
332 617 438 645 uero
476 603 702 646 bonorum.
774 602 833 645 Et
870 602 1004 644 illud:
1054 602 1195 652 Serui,
1228 602 1395 645 subditi
1434 605 1574 645 estote

120 671 310 714 dominis
344 671 516 722 uestris,
545 685 634 714 non
662 673 839 713 tantum
867 670 995 714 bonis
1023 674 1069 713 et
1097 671 1305 715 modestis
1333 671 1410 714 sed
1439 672 1572 714 etiam
1589 681 1668 722 547
1687 683 1717 710 a

123 740 310 783 discolis.

177 808 321 852 Amici
351 808 527 865 quidem
551 808 635 851 Dei
663 808 780 851 fiunt
808 810 888 850 aut
916 808 1073 864 gratia,
1092 808 1364 851 cessantibus
1392 809 1573 859 meritis,

119 879 173 919 ut
206 877 453 920 Hieremias
487 879 533 920 et
570 877 789 920 Iohannes
827 876 1087 919 sanctificati
1121 880 1358 933 antequam
1392 878 1487 920 nati
1528 881 1573 921 et

60 962 103 985 10
118 960 293 1003 gemma
320 946 594 989 sacerdotum
614 945 854 989 Nicholaus
884 948 1043 1002 quarta
1072 947 1118 988 et
1145 949 1272 988 sexta
1298 946 1410 989 feria
1439 947 1572 989 semel

118 1013 285 1057 lactens
314 1014 361 1056 in
391 1014 539 1066 cunis3
578 1016 659 1056 aut
692 1014 862 1056 meritis
890 1028 946 1056 ex
974 1014 1131 1071 gratia,
1161 1017 1212 1057 ut
1241 1015 1317 1070 qui
1347 1015 1467 1058 facili
1497 1016 1572 1058 uia

117 1083 333 1126 bonorum
361 1097 554 1140 operum,
573 1083 688 1126 sicut
716 1083 918 1140 penitens
945 1082 1071 1133 latro,
1091 1083 1159 1125 ue]
1189 1083 1354 1126 difficili
1382 1086 1427 1126 et
1452 1083 1571 1127 felici

118 1151 312 1194 transitu
329 1154 555 1194 merentur
574 1166 711 1208 regna
730 1151 932 1202 celorum,
953 1151 1079 1193 uelut
1099 1152 1394 1208 apostolorum
1414 1153 1572 1196 chorus

7 1275 9 1277 ι
120 1223 166 1264 et
183 1221 428 1264 martirum.
486 1221 582 1263 Hos
601 1222 749 1263 autem
769 1225 859 1263 tres
878 1220 1052 1263 ordines
1072 1220 1220 1263 innuit
1239 1221 1387 1264 Maro:

0 1309 14 1356 s
59 1312 101 1346 Ι5
462 1303 620 1346 Facilis
649 1303 879 1345 descensus
908 1302 1102 1354 Auerni;

175 1363 325 1404 noctes
353 1363 486 1417 atque
515 1361 607 1403 dies
635 1363 759 1417 patet
787 1361 875 1403 atri
904 1360 1038 1402 ianua
1066 1360 1208 1413 Ditis;

175 1418 252 1461 sed
280 1433 484 1461 reuocare
593 1418 698 1460 dum
727 1432 991 1474 superasque
1021 1418 1206 1461 euadere
1234 1418 1292 1460 ad
1321 1433 1462 1469 auras,

117 1500 120 1502 -
174 1476 247 1519 hic
275 1490 331 1532 op
331 1490 396 1528 us,
424 1476 496 1518 hic
511 1433 648 1517 {rabor
676 1478 767 1526 est;
806 1476 946 1532 pauci,
975 1489 1084 1531 quos
1113 1490 1278 1541 aequus
1305 1477 1475 1519 amauit

176 1533 348 1590 Iupiter
375 1535 456 1575 aut
484 1533 641 1575 ardens
670 1533 820 1576 euexit
848 1534 905 1576 ad
936 1534 1087 1576 ethera
1114 1533 1271 1584 uirtus,

57 1612 102 1636 πο
174 1590 260 1633 diis
287 1591 428 1648 geniti
458 1593 651 1647 potuere.

119 1673 239 1726 Quos
258 1688 362 1730 ergo
381 1688 552 1716 morum
576 1673 794 1731 elegantia
820 1673 997 1715 diuinae
1023 1673 1226 1717 uidemus
1252 1673 1442 1717 bonitati
1467 1688 1567 1717 con-
1585 1675 1614 1713 b

117 1741 291 1792 formes,
310 1742 517 1784 debemus
543 1745 769 1797 tamquam
802 1741 1075 1784 uerissimam
1102 1745 1148 1785 et
1167 1742 1464 1786 fidelissimam
1484 1743 1568 1786 Dei

116 1810 353 1867 maginem
372 1810 584 1852 uenerari.

176 1878 371 1921 Ministri
404 1893 511 1921 uero
550 1880 655 1921 sunt
692 1893 799 1934 quos
836 1878 1064 1934 dispositio
1102 1879 1256 1922 diuina
1300 1880 1478 1923 uocauit
1515 1883 1568 1923 ut

60 1969 102 2003 ²5
119 1947 393 2003 corripiendo
416 1950 462 1990 et
486 1947 741 2003 corrigendo
769 1947 883 1988 uitia
912 1951 991 1990 aut
1016 1948 1206 1990 uirtutes
1230 1948 1460 1991 inserendo
1489 1952 1568 1991 aut

118 2015 402 2072 propagando
421 2029 545 2057 suam
566 2018 611 2057 et
630 2015 816 2056 aliorum
842 2018 1077 2070 procurent
1095 2017 1295 2058 salutem.
1355 2017 1442 2069 Qui
1462 2031 1567 2059 uero

118 2083 159 2126 ei
179 2084 227 2125 in
246 2083 341 2125 iure
360 2084 554 2125 humano
572 2083 838 2132 ministrant,
857 2086 984 2125 tanto
1009 2083 1239 2126 inferiores
1265 2088 1370 2126 sunt
1396 2085 1465 2127 his
1491 2085 1567 2140 qui

116 2152 372 2194 ministrant
391 2152 439 2193 in
459 2151 610 2194 diuino
630 2155 845 2207 quantum
864 2151 1028 2194 diuinis
1047 2152 1241 2194 humana
1259 2153 1433 2195 cedunt.

115 2226 546 2288 W
615 2251 657 2278 21
683 2252 772 2287 ergo
788 2253 854 2277 om.
873 2241 907 2276 A
1046 2251 1090 2286 23
1114 2241 1331 2288 ymaginem
1348 2242 1389 2277 M

165 2328 187 2354 2
212 2319 367 2353 Subiecta·
383 2318 477 2354 etc:
506 2327 520 2352 1
541 2316 643 2352 Petr.
658 2316 698 2352 ii.
722 2326 775 2361 13,
796 2327 849 2361 14.
1005 2325 1022 2362 5
1049 2318 1156 2352 Serui
1171 2319 1269 2352 ete:
1299 2327 1312 2353 1
1335 2317 1433 2353 Petr.
1453 2316 1493 2353 ii.
1512 2319 1564 2355 18.

117 2374 141 2410 9
164 2366 392 2400 Hieremias:
417 2376 450 2399 v.
469 2344 610 2400 ‘Iex-em.
637 2362 661 2398 i.
693 2372 723 2409 5.
843 2364 1042 2398 Iohannes:
1067 2375 1099 2397 v.
1131 2363 1217 2399 Luc.
1246 2363 1270 2399 i.
1303 2373 1356 2409 15.
1525 2375 1569 2400 10

114 2423 252 2456 yemma
277 2413 516 2464 sacerdotum:
552 2410 599 2445 cf.
632 2409 824 2445 chevalier
851 2412 991 2455 Repert,
1017 2411 1151 2454 Hymn.
1180 2410 1219 2445 11.
1248 2420 1312 2455 133
1337 2410 1402 2446 ubi
1427 2410 1568 2446 citatur

116 2458 278 2504 hymnus
288 2457 352 2502 qui
364 2457 504 2503 incipit
515 2458 658 2492 Nicolae
665 2459 873 2501 praesulum
883 2469 1036 2501 yemma;
1055 2456 1284 2492 Breviarium
1298 2457 1346 2492 ad
1357 2469 1462 2492 usum
1474 2458 1567 2494 eccl.

118 2503 195 2540 Sar.
222 2504 292 2547 (ed.
315 2505 467 2541 Procter
490 2505 523 2538 &
547 2503 799 2539 Wordsworth
824 2503 875 2538 111.
895 2505 955 2545 26)
981 2505 1175 2538 Nicholaus
1201 2505 1314 2539 honor
1338 2507 1566 2540 sacerdotum.

116 2553 311 2587 Nicholaus
336 2553 429 2587 ete:
467 2553 562 2586 Nam
591 2552 725 2595 infans,
754 2562 834 2585 cum
860 2552 1012 2596 reliquos
1038 2552 1113 2585 dies
1140 2552 1194 2585 lac
1226 2553 1378 2586 nutricis
1394 2553 1569 2597 frequens

116 2603 261 2643 sugeret,
294 2603 424 2643 quarta
456 2603 488 2632 et
517 2602 616 2632 sexta
638 2598 741 2641 feria
773 2599 960 2631 dumtaxat
988 2599 1091 2642 idque
1119 2600 1260 2642 uesperi
1284 2599 1435 2642 wyebat,
1461 2611 1568 2643 quam

117 2646 247 2680 ieiunii
262 2646 543 2680 consuetudinem
567 2646 607 2678 in
629 2645 764 2688 reliqua
789 2646 866 2678 uita
889 2656 1026 2688 semper
1047 2645 1220 2687 obtinuit;
1246 2644 1298 2680 sic
1315 2644 1356 2679 in
1378 2644 1567 2681 Breviario

118 2690 286 2727 Romano
303 2690 469 2736 legitur'
459 2702 498 2725 111
516 2691 610 2726 festo
628 2688 663 2725 S.
688 2689 834 2726 Nicolai
858 2690 898 2724 in
923 2690 1084 2726 secundo
1109 2693 1318 2733 nocturn03
1343 2703 1423 2728 rem
1446 2691 1566 2727 fusius

118 2737 339 2773 narratum
331 2737 499 2773 inuenies
516 2748 574 2782 ap.
589 2735 763 2771 Surium
753 2748 792 2771 m
811 2738 880 2772 Vit.
893 2739 952 2772 SS.
966 2737 1038 2781 (ed.
1049 2736 1141 2772 Ven.
1161 2739 1262 2783 1581)
1280 2737 1564 2783 vi.255.12

114 2786 279 2829 penitens
294 2786 410 2820 latro:
434 2796 466 2820 v.
487 2784 573 2819 Luc.
591 2783 694 2818 xxiii.
713 2793 839 2827 40—43.
1011 2792 1049 2828 15
1075 2785 1211 2820 Ir'acilis
1224 2787 1317 2821 etc.:
1343 2785 1455 2830 Verg.
1474 2786 1564 2821 Aen

118 2830 165 2866 vi.
185 2832 355 2876 126-131.
498 2831 540 2867 18
564 2831 622 2866 hic
636 2841 748 2875 opus:
774 2831 838 2865 hoc
853 2841 941 2875 opus
957 2830 1066 2876 Verg.

1392 2894 1456 2927 295
