1820 3138
858 81 1206 127 REGISTRVM

301 201 428 238 LIBRI
443 200 478 237 V
525 198 613 246 Cap.
636 208 678 244 ¹3

494 283 497 286 ι
569 257 849 301 aduocatorum,
863 258 903 294 et
919 267 1019 303 pena
1034 254 1349 292 calumniatorum
1365 254 1444 292 siue
1460 253 1648 302 praeuari-

569 314 740 352 cantium
755 317 822 351 aut
838 314 1174 361 tergiuersantium
1210 341 1220 351 .

440 386 494 421 14.
519 374 575 411 De
592 373 742 411 ratione
758 373 1100 410 instrumentorum

438 444 454 471 1
461 443 492 481 5.
518 431 901 479 Quaepertineantad
908 429 1414 479 religionemprooonsulum,
1420 429 1646 476 praesidum,

572 492 612 529 et
629 490 906 528 ordinariorum
930 490 1112 535 iudicum,
1138 490 1178 526 et
1201 489 1388 534 quatenus
1410 487 1544 525 exenia.
1566 499 1648 534 pro·

570 549 677 586 tendi
705 549 843 594 liceat3
878 550 917 586 et
942 549 989 585 de
1016 548 1210 590 Cicerone,
1237 546 1444 590 Bernardo,
1469 546 1647 591 Max-tino,

572 607 752 645 Gaufrido
769 607 1012 644 Garnotensi.
1531 631 1540 641 .

440 667 494 704 16.
519 666 575 703 De
600 665 759 702 crimine
782 665 1091 711 repetundarum,
1110 675 1183 709 quo
1206 665 1390 700 tenentur
1404 664 1444 699 et
1459 661 1650 709 praesides

570 726 610 762 et
626 723 769 761 iudices
784 723 852 770 qui
868 722 1011 769 aliquid
1029 721 1184 759 omnino
1205 720 1397 768 accipiunt
1411 722 1571 768 propter
1586 732 1650 758 eas

570 793 628 819 res
638 794 734 829 quae
747 781 819 818 sibi
832 784 919 818 sunt
931 793 977 818 ex
989 780 1109 817 officio
1119 779 1313 817 faciendae
1327 792 1336 826 3
1356 781 1397 817 et
1408 779 1455 818 de
1466 778 1648 823 Samuele,

572 841 639 888 qui
671 842 782 878 docet
812 841 900 887 iuge
931 839 1155 877 sacrificium
1186 849 1268 876 esse
1299 839 1436 876 debere
1467 838 1510 874 in
1539 838 1650 874 domo

571 899 719 943 iudicis,
734 911 831 945 quae
845 898 1007 945 seipsam
1019 897 1212 935 oblatione
1228 896 1396 934 iustitiae
1413 899 1451 934 et
1466 897 1650 934 bonorum

571 969 728 1005 operum
745 957 899 995 exhibet
914 957 1102 1003 templum
1118 955 1190 993 Dei
1217 983 1227 993 .

442 1026 494 1063 17.
521 1016 727 1054 Pecuniam
749 1015 1095 1061 contempnendum
1118 1026 1198 1052 esse
1221 1025 1291 1061 pro
1309 1013 1523 1061 sapientia3
1548 1012 1649 1059 quod

570 1074 687 1113 etiam
703 1078 877 1113 ueterum
893 1073 1203 1122 philosophorum
1220 1072 1403 1119 probatur
1417 1071 1645 1119 exemplis.

1668 205 1763 233 PAO.

1635 340 1645 351 ·
1694 322 1764 360 339

1634 397 1644 408 .
1694 381 1764 417 342

1637 630 1648 641 ·
1696 614 1765 651 344

1696 965 1767 1002 349

1696 1073 1765 1119 358
