1878 3172
186 177 258 218 471
278 177 302 208 c
647 165 909 209 IOANNIS
950 165 1463 211 SARESBERIENSIS
1615 164 1728 226 [ΜΒ.
1742 177 1782 211 11

319 285 499 343 quidem
537 285 840 342 philosophiae
879 285 1082 342 princeps
1112 285 1342 344 Pitagoras
1373 289 1419 329 et
1449 285 1649 331 Plotinus
1682 301 1782 345 pro-

318 355 549 398 hibitionis
580 355 713 399 huius
744 370 834 398 non
865 358 959 398 tam
991 358 1192 398 auctores
1230 358 1337 398 sunt
1370 370 1503 412 quam
1536 370 1783 413 praecones,
1864 347 1865 399 f

317 424 498 467 omnino
513 424 719 468 illicitum
733 439 826 467 esse
842 424 1037 467 dicentes
1050 424 1301 481 quempiam
1316 424 1503 468 militiae
1518 425 1784 468 seruientem
1862 434 1863 438 ’

319 508 346 536 a
370 494 589 550 praesidio
613 496 658 537 et
683 494 914 537 commissa
942 494 1026 536 sibi
1053 494 1246 536 statione
1272 493 1492 537 discedere
1518 494 1632 537 citra
1660 494 1784 537 ducis

318 563 390 606 uel
413 563 625 620 principis
650 563 899 605 iussionem.
960 562 1095 605 Plane
1125 562 1318 620 eleganti
1344 562 1545 619 exemplo
1570 562 1640 606 usi
1667 565 1784 614 sunt,
1802 581 1821 616 5

318 646 369 675 eo
399 632 517 688 quod
547 633 709 675 militia
743 635 810 675 est
843 632 941 674 uita
974 632 1165 675 hominis
1195 645 1328 688 super
1360 634 1537 675 terram.
1597 631 1716 685 Quid
1745 631 1784 674 si

317 705 473 745 contra
520 703 705 745 iubeant
752 702 929 745 oracula
976 705 1134 744 uatum
1180 701 1253 744 uel
1300 715 1508 758 responsa
1555 700 1785 758 phitonis'ss

318 771 475 814 Procul
514 771 649 814 dubio
688 771 869 813 minime
909 770 1117 824 audiendi
1157 772 1274 820 sunt,
1309 769 1414 826 quia
1452 783 1552 813 cum
1591 770 1785 827 periculo
1866 798 1870 815 ;

318 841 596 883 innocentiae
634 854 763 883 nemo
802 840 1007 896 cuiquam
1047 839 1178 882 debet
1215 838 1359 881 fidem.
1433 838 1483 881 Si
1521 838 1656 882 michi
1694 853 1785 883 non
1864 841 1870 854 ’

317 910 470 962 credis,
495 910 691 952 Numam
721 909 1020 952 Romanorum
1049 909 1366 965 imperatorum
1396 907 1490 951 fere
1518 908 1783 952 innocentis·
1803 924 1846 949 ιο
1868 947 1876 961 ,.

318 979 478 1022 simum
502 982 679 1036 praeter
698 978 860 1029 Titum,
881 979 918 1021 si
945 979 1101 1035 placet,
1121 978 1312 1021 attende.
1372 977 1491 1020 Dum
1516 977 1787 1021 inuitaretur

317 1048 375 1090 ad
405 1048 702 1099 homicidium,
730 1049 872 1105 petito
906 1048 1050 1105 capite
1084 1047 1142 1090 ad
1175 1047 1399 1098 sacrificia,
1429 1047 1600 1091 censuit
1633 1061 1785 1104 cepam

272 1124 301 1164 d
319 1132 411 1161 esse
441 1117 720 1170 caedendam,
749 1118 976 1160 reflectens
1006 1116 1063 1159 ad
1093 1116 1390 1159 innocentiam
1420 1116 1554 1159 etiam
1587 1115 1784 1173 peruersi
1860 1131 1875 1147 -.

318 1187 514 1230 numinis
562 1187 851 1230 uoluntatem.
931 1186 994 1229 At
1041 1200 1141 1229 cum
1184 1191 1194 1209 ‘
1208 1185 1421 1228 hominis'
1461 1185 1708 1228 adiceretur
1757 1199 1785 1228 a
1861 1173 1871 1243 'y

317 1256 510 1307 numine,
542 1257 723 1313 capillos
762 1271 809 1299 se
840 1256 1062 1313 pollicitus
1096 1257 1163 1298 est
1197 1254 1462 1298 oblaturum.
1535 1253 1649 1297 Cum
1678 1268 1785 1298 uero
1805 1267 1874 1302 15

317 1325 502 1382 spiritus
545 1326 799 1369 immundus
843 1325 989 1368 sitiret
1028 1327 1073 1368 et
1112 1324 1384 1382 sanguinem,
1422 1323 1586 1381 piscem
1629 1323 1783 1367 immo·
1860 1317 1872 1368 ,ἰ

318 1395 501 1437 landum
527 1410 620 1438 esse
643 1395 880 1452 respondit.
941 1394 1014 1437 Sic
1042 1394 1193 1450 itaque
1216 1408 1316 1436 cum
1340 1393 1454 1436 ratio
1482 1393 1575 1436 eius
1599 1393 1783 1436 circum·
1862 1389 1864 1394 ”

318 1464 463 1507 ueniri
493 1479 582 1507 non
611 1467 759 1521 posset
788 1466 841 1506 ut
869 1464 1123 1506 traheretur
1151 1462 1208 1504 ad
1237 1462 1422 1519 culpam,
1454 1461 1784 1505 immundorum
1831 1453 1838 1457 ’
1860 1478 1875 1517 j·

319 1533 557 1590 spirituum
595 1533 849 1576 testimonio
886 1532 1102 1588 colloquio
1141 1531 1322 1574 deorum
1361 1531 1677 1588 pronuntiatus
1716 1533 1784 1574 est
1864 1567 1869 1586 Ι,

319 1617 411 1645 esse
441 1603 736 1660 dignissimus.
805 1601 898 1644 Nec
927 1604 994 1644 est
1024 1601 1140 1657 quod
1169 1601 1252 1643 sub
1281 1600 1623 1643 exorcismorum
1657 1614 1782 1657 prae-
1802 1615 1844 1640 20
1858 1607 1863 1630 ἐ

318 1674 449 1714 textu
488 1686 617 1714 suum
658 1671 757 1728 quis
802 1673 983 1713 tueatur
1029 1684 1231 1720 errorem,
1271 1669 1347 1726 qui
1395 1668 1452 1711 ad
1497 1669 1783 1712 minuendam

319 1740 555 1783 demonum
597 1742 863 1797 potestatem
902 1742 947 1782 et
990 1739 1047 1781 ad
1087 1739 1422 1781 distrahendum
1461 1739 1579 1795 quod
1618 1739 1785 1783 habent
1862 1750 1863 1754 ’

318 1823 418 1852 011111
467 1809 644 1852 homine
693 1808 1013 1851 familiaritatis
1061 1808 1368 1851 commercium
1418 1807 1616 1851 instituti
1667 1811 1784 1860 sunt,
1860 1805 1866 1821 ³

317 1881 555 1935 carentque
601 1878 805 1935 propriae
847 1877 1031 1919 uirtutis
1081 1878 1238 1920 effectu
1283 1877 1369 1919 nisi
1419 1877 1468 1919 in
1511 1876 1596 1920 Dei
1642 1877 1784 1936 digito

319 1947 637 1990 conualescant.
702 1947 837 1989 Porro
880 1946 1075 2003 Spiritus
1114 1948 1292 1989 sanctus
1331 1945 1588 2002 disciplinae
1627 1947 1784 2004 effugit
1802 1959 1844 1994 25
1871 1945 1875 1948 ’

176 2031 255 2072 472
275 2032 304 2061 a
318 2017 484 2068 fictum,
513 2019 559 2059 et
590 2030 747 2073 corpus
781 2016 970 2072 peccatis
1000 2015 1227 2058 subditum
1258 2015 1326 2058 sui
1357 2030 1449 2058 esse
1480 2015 1784 2058 habitaculum

320 2085 599 2142 dedignatur.
673 2084 893 2141 Quicquid
931 2099 1038 2127 uero
1077 2084 1329 2126 huiusmodi
1368 2086 1541 2140 agatur,
1575 2084 1784 2127 fictitium
1856 2118 1859 2121 »

319 2157 386 2197 est
407 2157 452 2200 et
471 2154 801 2211 phantasticum
827 2156 872 2195 et
897 2153 1102 2195 ueritatis
1126 2152 1420 2195 substantiam
1444 2153 1593 2195 nescit.
1651 2153 1782 2196 Vide·
1861 2159 1863 2163 ’

318 2226 394 2266 tur
415 2224 591 2280 quidem
613 2223 775 2273 adesse,
795 2222 902 2264 dum
929 2222 1130 2278 precibus
1151 2225 1196 2264 et
1220 2221 1516 2264 oblationibus
1540 2221 1784 2272 inuocatur,
1864 2231 1866 2250 ³

319 2296 364 2335 et
414 2292 572 2335 effectu
621 2292 887 2348 petitionum
942 2293 1231 2347 persequente
1279 2290 1539 2347 sacrilegum
1594 2291 1783 2334 errantis
1800 2301 1844 2335 30
1864 2290 1871 2298 ⁹

318 2361 492 2403 animae
522 2360 788 2403 desiderium
818 2360 1097 2416 adimpletur.
1156 2359 1298 2402 Abest
1331 2362 1480 2402 autem
1514 2361 1607 2402 tam
1642 2359 1784 2418 longe,

321 2497 336 2524 1
365 2487 614 2533 phylosophis
632 2488 660 2524 C
766 2485 958 2534 principes
975 2485 1042 2522 SM
1217 2496 1264 2531 24
1288 2485 1410 2533 digito
1426 2484 1490 2523 dei
1507 2485 1547 2522 M
1735 2487 1783 2523 28
1837 2481 1840 2484 ’

318 2534 565 2571 fantasticum
581 2535 615 2570 A

369 2663 383 2688 1
412 2654 624 2698 Pitayoras:
651 2666 684 2689 v.
703 2653 776 2690 Cic.
794 2656 837 2690 de
854 2655 933 2690 Sen.
950 2663 999 2689 20
1016 2652 1033 2699 ξ
1054 2661 1111 2698 73.
1292 2654 1482 2690 Plotinae:
1508 2664 1539 2688 v.
1557 2652 1721 2691 Macrob.
1741 2654 1783 2689 in

317 2700 437 2735 Somn.
454 2702 550 2745 Scip.
567 2700 592 2736 1.
614 2711 655 2745 13
676 2701 693 2747 ξ
714 2711 746 2746 9.
891 2703 914 2737 6
940 2702 1074 2736 militia
1091 2701 1163 2737 etc.
1180 2712 1188 2736 :
1214 2699 1280 2736 Iob
1297 2700 1359 2736 vii.
1382 2710 1410 2736 1.
1557 2711 1600 2736 10
1623 2702 1782 2736 Numam
1858 2706 1860 2708 '

319 2748 413 2800 etc:
438 2759 469 2782 v.
489 2747 593 2784 Ovid.
609 2749 710 2784 Fast.
726 2747 782 2785 iii.
801 2758 869 2795 339
880 2760 980 2794 seqq.
1163 2758 1184 2784 2
1190 2755 1207 2794 5
1233 2748 1395 2794 Spiritus
1409 2752 1556 2784 sanctus
1572 2749 1668 2785 etc.:
1694 2747 1782 2794 Sap.
1846 2768 1861 2795 ς

319 2805 343 2830 ι.
371 2802 403 2840 5.

430 2863 495 2897 160
