1878 3172
32 148 43 242 Λ,ξ
93 167 297 230 0³1³.an
598 166 1030 213 PomoRATIovs
1560 175 1629 218 501
1647 166 1677 206 α

21 279 33 289 ξ
93 286 152 332 ad
182 301 402 332 successus
439 301 531 331 esse
568 286 788 330 conscium
817 289 1092 330 secretorum.
1152 283 1347 339 Quidni?
1403 285 1544 328 Reue-

18 390 31 407 „
93 357 239 400 rentia
275 356 441 406 crescit,
472 355 705 398 inualescit
737 355 988 407 auctoritas,
1023 357 1229 398 arcentur
1259 354 1544 407 incommoda,

15 465 30 482 ⁴¹.
93 426 362 483 proueniunt
375 424 603 475 utilitates,
617 424 854 467 amicorum
866 426 1056 481 augetur
1068 437 1288 474 numerus,
1302 423 1545 466 cultoribus

16 495 26 507 ”
73 485 262 538 'accedit
281 493 468 544 deuotio,
488 495 533 536 et
558 492 739 536 fortuna
757 492 895 535 totius
920 492 1090 549 gratiae
1115 506 1220 535 suae
1247 495 1292 534 et
1318 491 1545 535 felicitatis

12 547 25 602 ξ
57 580 78 616 ⁵
95 576 249 606 auram
262 562 442 605 uidetur
454 561 642 604 beatulis
655 561 878 618 inspirare.
928 560 1134 604 Ceterum
1148 561 1333 604 istorum
1347 560 1545 603 omnium

29 648 33 649 ⁷
94 631 333 674 nouissima
353 630 508 687 quouis
533 630 723 673 absintio
749 630 965 672 amariora
983 633 1101 682 sunt,
1121 632 1166 673 et
1191 629 1228 672 si
1252 629 1429 672 interim
1455 643 1545 672 non

12 699 23 761 ξ
96 701 383 749 amarescunt,
403 699 566 741 iustam
585 698 892 741 amaritudinis
913 698 1078 742 habent
1096 698 1398 755 suspicionem.
1458 698 1545 741 Res

10 763 23 824 3
94 761 310 824 siquidem
329 767 571 824 periculosa
589 770 656 811 est
675 768 865 811 diuitum
885 771 964 810 aut
982 770 1211 824 potentum
1226 768 1545 811 communicare

96 837 285 880 secretis.
343 836 391 879 Si
412 836 519 892 quid
546 836 663 879 enim
689 836 751 879 eis
777 851 856 893 per
878 837 1092 880 incuriam
1119 836 1234 880 forte
1254 837 1454 887 elabitur,
1473 836 1545 880 cui

15 920 82 959 1ο
96 905 183 948 nisi
215 905 386 948 conscio
418 905 698 961 imponetur?
762 905 889 958 Quod
919 905 1175 949 cubicularii
1208 908 1288 948 aut
1321 905 1545 948 ciniflones

96 974 277 1017 mimiue
300 977 379 1016 aut
397 973 659 1030 quicumque
677 974 955 1025 nebulonum,
975 974 1134 1032 quibus
1160 974 1372 1018 delicatus
1391 974 1546 1017 diuitis
1562 984 1644 1025 502
1666 985 1696 1014 a

6 1067 24 1084 ι
95 1057 249 1087 sensus
267 1045 347 1086 aut
365 1042 491 1085 furor
515 1057 660 1086 carere
686 1058 775 1086 non
800 1046 956 1100 potest,
976 1044 1023 1086 in
1048 1044 1251 1100 lupanari
1270 1044 1342 1086 uel
1361 1043 1547 1086 taberna

97 1113 352 1168 sparserunt
379 1114 472 1163 aut,
491 1114 543 1154 ut
572 1126 618 1154 se
646 1111 928 1154 uenditarent
956 1127 984 1154 a
1013 1111 1316 1155 familiaritate
1339 1111 1546 1169 potentis,

6 1166 25 1238 {f
97 1179 441 1235 diuulgauerunt
459 1179 507 1221 in
526 1180 698 1236 populo,
718 1180 766 1222 in
792 1180 910 1223 illius
933 1181 1227 1237 calumpniam
1256 1183 1547 1236 retorquetur,

6 1259 27 1287 1
39 1262 82 1301 25
98 1249 175 1306 qui
194 1248 241 1291 in
260 1248 450 1292 consiliis
469 1248 660 1304 aliquem
679 1249 821 1292 locum
840 1250 962 1292 uisus
981 1252 1048 1292 est
1071 1250 1274 1294 tenuisse.
1331 1249 1381 1292 Si
1400 1253 1548 1292 motus

19 1341 35 1347 Ὗ
98 1331 245 1360 rerum
275 1317 490 1394 praescire
532 1317 764 1370 desideras,
795 1318 1020 1361 meritoria
1058 1319 1237 1369 discute,
1272 1321 1318 1361 et
1355 1318 1547 1360 lixarum

0 1377 31 1434 'f
98 1386 416 1430 castrensium·
403 1386 576 1442 inquire
595 1386 846 1430 sententias.
897 1387 1046 1430 Nichil
1066 1387 1182 1430 enim
1203 1387 1312 1430 adeo
1330 1387 1549 1430 occultum

0 1423 35 1508 ιῘΞ
99 1457 178 1505 est,
197 1454 314 1511 quod
333 1454 396 1497 eis
422 1469 478 1497 ex
503 1454 652 1511 aliqua
676 1458 803 1511 parte
829 1470 917 1498 non
943 1456 1174 1500 reueletur.
1232 1455 1281 1499 Si
1307 1456 1441 1499 michi
1460 1470 1549 1498 non
1617 1495 1619 1497 ,

18 1548 33 1559 -›
100 1523 253 1576 credis,
273 1523 344 1566 uel
363 1523 578 1579 Aquinati
597 1527 748 1567 nostro
768 1539 895 1567 aures
914 1524 1201 1567 accommoda.
1259 1525 1338 1568 Ait
1358 1524 1501 1568 enim·

0 1607 86 1661 420
158 1613 198 1656 O
227 1612 430 1665 Coridon,
460 1613 663 1664 Coridon,
691 1618 906 1657 secretum
935 1615 1089 1658 diuitis
1117 1615 1258 1658 ullum

29 1681 35 1693 ²
156 1685 248 1713 esse
277 1675 435 1737 putas.
425 1674 441 1704 ²
478 1672 595 1714 serui
624 1675 676 1714 ut
705 1675 891 1723 taceant,
920 1673 1117 1716 iumenta
1145 1673 1381 1729 loquentur

157 1730 218 1771 et
230 1728 350 1771 canis
379 1732 424 1771 et
452 1732 599 1794 postes
627 1732 673 1772 et
701 1744 943 1781 marmora;
985 1731 1138 1773 claude
1168 1730 1395 1781 fenestras,

157 1785 258 1828 uela
285 1788 440 1842 tegant
467 1786 612 1836 rimas,
641 1787 854 1830 clament:
894 1788 1056 1844 ‘Prope
1086 1803 1214 1831 nemo
1244 1789 1515 1841 recumbat'3

7 1873 30 1897 ⁷2
158 1843 281 1909 quod
303 1846 452 1886 tamen
481 1844 538 1885 ad
566 1844 672 1900 galli
701 1848 879 1887 cantum
908 1844 1018 1888 facit
1046 1846 1120 1889 ille
1149 1846 1339 1898 secundi,

6 1917 84 1955 ⁶25
156 1900 383 1957 proximus
412 1904 515 1943 ante
544 1901 660 1943 diem
688 1916 826 1958 caupo
855 1903 974 1946 sciet.
1566 1911 1596 1949 b

100 1988 300 2032 Procedo.
360 1989 408 2032 Si
442 1992 586 2032 terrae
625 1994 838 2033 secretum
878 2006 1006 2034 suum
1044 1991 1245 2042 infodiat,
1274 1993 1346 2035 uel
1381 1993 1550 2036 arundo

99 2072 370 2101 succrescens
389 2059 470 2101 hoc
489 2058 699 2115 producet
724 2059 772 2100 in
794 2059 1018 2115 publicum
1042 2063 1087 2102 et
1112 2060 1201 2103 leui
1220 2061 1331 2104 flatu
1352 2062 1399 2103 in
1419 2075 1550 2104 auras

3 2122 24 2182 ᾗ(
99 2126 294 2184 proferet
317 2126 523 2182 quoniam

470 2216 686 2260 auriculas
714 2217 827 2260 asini
857 2217 999 2260 Midas
1027 2218 1173 2262 habet.

3 2303 33 2372 ᾗ)
42 2325 87 2360 3ο
101 2307 245 2350 Pallas
265 2321 436 2363 quoque
456 2307 727 2350 Erictonium
756 2322 883 2350 suum
907 2308 1124 2351 occultare
1152 2323 1240 2351 non
1263 2309 1420 2365 potuit,
1442 2310 1550 2366 quin

5 2373 35 2468 Ξῖ
101 2427 125 2463 6
147 2426 335 2463 absinthio
352 2426 426 2461 AM
566 2436 588 2472 9
611 2425 789 2462 iniuriam
805 2425 845 2461 M
986 2435 1030 2470 27
1056 2427 1293 2466 subcrescens
1309 2427 1375 2464 SM
1504 2440 1550 2476 29

4 2484 31 2514 -ς-ᾳ·
102 2472 237 2519 Midas]
256 2473 375 2509 nudas
391 2472 451 2508 CB

149 2585 173 2621 6
195 2586 391 2620 nouissima
408 2585 560 2620 absintio
576 2586 781 2620 amariora:
806 2596 838 2620 v
854 2584 1058 2630 Prov.v.4.
1248 2595 1289 2631 17
1314 2588 1438 2623 Niclnl
1452 2590 1549 2623 enim

104 2633 196 2667 etc.:
221 2631 269 2667 cf.
286 2631 372 2668 Luc.
397 2630 473 2666 viii.
494 2639 544 2674 17,
563 2630 626 2665 xii.
644 2641 675 2666 2.
859 2641 900 2676 19
924 2634 1022 2678 Aqui
1009 2634 1103 2668 mati
1125 2637 1264 2670 nostro:
1291 2646 1340 2670 sc.
1366 2634 1549 2672 Iuvenali.

105 2687 151 2712 20
176 2679 205 2713 0
223 2679 375 2730 Com-ion
391 2680 486 2714 etc.:
513 2679 587 2712 Sat.
605 2676 655 2712 ix.
674 2686 844 2734 192-105,
865 2680 1034 2715 106-108.
1175 2690 1220 2726 29
1248 2683 1433 2717 auriculas
1455 2684 1548 2718 ete:

102 2722 203 2760 Pers.
216 2725 289 2760 Sat.
306 2723 330 2759 i.
348 2734 409 2777 121
431 2725 631 2768 (auriculas
645 2726 743 2760 asini
757 2727 838 2772 quis
854 2737 926 2762 non
942 2727 1043 2762 habet
1054 2726 1099 2772 ἓ).
1244 2738 1291 2773 30
1312 2730 1437 2764 Pallas
1452 2731 1546 2766 ete:

12 2775 30 2855 ᾗ
104 2781 136 2806 v.
152 2769 216 2807 Ov.
231 2772 313 2807 Met.
330 2770 369 2807 ii.
387 2779 453 2817 553
472 2782 572 2817 seqq.

1377 2856 1441 2889 213
