1878 3172
142 180 231 221 494
249 171 279 210 b
625 166 886 212 IoANNIS
929 165 1441 212 SARESBERIENSIS
1578 167 1687 228 [m.
1703 179 1764 212 111
1816 153 1818 156 ’

1108 287 1255 332 Fortis
1284 289 1332 331 in
1360 288 1496 332 armis

415 347 614 392 Cesareis
644 347 865 390 Labienus
893 348 1002 397 erat,
1031 360 1149 390 nunc
1178 346 1414 404 transfuga
1443 347 1548 391 uilis

414 421 514 449 cum
544 406 654 450 duce
683 406 860 463 priuato
889 408 1032 448 terras
1061 408 1195 462 atque
1224 419 1416 462 aequora
1444 405 1618 449 lustrat.

299 486 349 530 Si
381 486 499 530 enim
529 501 749 544 personas,
784 501 896 543 quae
931 485 1016 529 sibi
1047 488 1340 530 assueuerunt
1373 485 1546 543 sibique
1581 486 1766 537 faciunt,
1831 524 1833 526 ,

298 555 525 599 decretum
555 554 762 598 fortunae
793 554 1008 605 dissociet,
1036 555 1090 598 fit
1118 554 1378 611 plerumque
1407 556 1461 598 ut
1488 557 1677 612 utraque
1707 554 1766 598 ad
1784 563 1803 598 ⁵
1819 574 1823 595 r
1866 589 1869 602 ,

298 625 447 668 omnia
466 624 638 682 agenda
657 637 737 666 sua
757 623 965 666 uideatur
991 623 1154 680 inepta,
1175 626 1221 666 et
1248 622 1374 679 quasi
1395 623 1574 666 exclusa
1593 622 1766 666 ratione
1822 635 1823 639 ’
1869 622 1872 659 ἱ

298 694 428 738 officii
462 693 750 751 depreciatur.
822 693 983 736 Fracta
1016 695 1122 735 sunt
1160 691 1378 735 lenocinia
1408 691 1669 750 Cleopatrae
1709 706 1766 736 ex
1826 682 1829 722 ἶ
1872 697 1875 704 ’

255 782 281 812 c
299 778 385 821 quo
417 778 496 806 nec
535 762 702 805 Iulium
741 762 915 805 inuenit
957 776 1037 804 nec
1071 761 1329 804 Antonium.
1390 761 1607 819 Equidem
1645 761 1765 806 orbis
1827 751 1829 754 .
1873 759 1876 767 ’

296 833 510 875 uictorem
531 824 737 875 Cesarem
758 830 884 873 donis
904 830 1042 881 flexit,
1060 833 1109 873 et
1128 829 1286 873 inuicti
1306 830 1395 873 uiri
1421 829 1763 887 insuperabilem
1825 849 1828 852 ·

296 902 495 944 animum
523 901 797 943 meretricius
832 899 962 943 decor
995 902 1041 942 et
1075 900 1318 956 prostituta
1351 899 1487 943 facies
1521 899 1763 957 superauit.
1784 895 1829 943 :s

296 969 425 1013 Vnde
444 970 650 1013 lenocinii
670 969 763 1012 eius
784 968 1124 1012 sollicitudinem
1145 971 1275 1025 poeta
1294 969 1546 1026 exprimens
1566 968 1749 1013 adiecit:
1816 966 1824 974 ”

414 1050 578 1093 Vultus
608 1049 734 1092 adest
763 1048 977 1106 precibus,
1008 1048 1230 1105 faciesque
1258 1048 1427 1092 incesta
1455 1051 1646 1106 perorat.

297 1130 412 1175 Cum
451 1145 558 1174 uero
597 1130 741 1173 Iulius
779 1130 910 1173 rebus
954 1129 1160 1172 humanis
1206 1132 1439 1186 exemptus
1485 1132 1611 1180 esset,
1651 1143 1764 1186 quae
1815 1138 1819 1155 ³

298 1200 486 1243 Romani
535 1199 815 1256 imperatoris
862 1199 1067 1256 coniugio
1115 1197 1264 1242 fuerat
1311 1199 1513 1256 gloriata,
1551 1198 1764 1256 principis

297 1270 597 1313 Romanorum
632 1283 741 1312 ausa
772 1271 840 1311 est
875 1268 1079 1311 affectare
1114 1268 1389 1311 seruitutem.
1450 1268 1544 1312 Nec
1583 1267 1764 1319 frustra,
1783 1286 1819 1316 15

297 1354 398 1383 cum
438 1339 495 1382 ad
534 1339 683 1382 omnia
720 1341 927 1395 paratum
966 1337 1209 1381 inuenisset
1242 1337 1500 1381 Antonium.
1571 1337 1765 1381 Putabat
1815 1343 1817 1347 “

298 1409 416 1452 enim
456 1409 514 1451 ad
553 1407 758 1452 Cesar-em
797 1407 984 1465 gloriam
1022 1407 1108 1449 sibi
1146 1406 1284 1450 nichil
1323 1406 1485 1458 defore,
1523 1407 1562 1450 si
1600 1407 1764 1451 lectum
1806 1458 1813 1463 a

300 1478 394 1520 eius
420 1477 685 1527 ascenderet,
706 1477 782 1534 qui
809 1490 1031 1519 successor
1059 1490 1206 1518 rerum
1235 1475 1431 1533 Pompeii
1458 1479 1504 1519 et
1531 1476 1601 1534 (ut
1629 1476 1764 1519 simu·
1794 1518 1798 1520 ,

300 1547 440 1602 labat)
476 1546 587 1589 iuris
621 1545 797 1589 Cesar-ei
836 1545 978 1602 magis
1012 1545 1067 1587 de
1099 1545 1351 1588 temeritate
1385 1544 1592 1588 fortunae
1630 1559 1765 1602 quam
1808 1546 1821 1590 ἦ

249 1615 279 1655 d
301 1616 354 1658 de
374 1616 558 1658 uirtutis
577 1615 844 1658 conscientia
858 1613 1116 1657 confidebat.
1166 1614 1312 1665 Porro,
1326 1628 1426 1657 cum
1449 1614 1506 1657 ad
1525 1614 1763 1658 sollicitan—
1782 1636 1834 1677 ²<

298 1685 406 1728 dum
433 1685 687 1741 Augustum
714 1684 940 1727 muliebris
960 1683 1261 1740 impudicitiae
1289 1683 1474 1727 audacia
1501 1684 1766 1738 accessisset,
1808 1732 1810 1734 ,

296 1769 373 1812 spe
405 1769 487 1797 sua
520 1753 739 1796 frustrata
772 1768 966 1796 amorem
1001 1753 1246 1796 honestatis
1280 1753 1508 1810 reputauit
1542 1753 1764 1806 iniuriam,
1804 1780 1818 1811 ,¹

295 1823 494 1867 castitati
523 1837 683 1865 nomen
713 1822 837 1864 dedit
871 1822 1113 1879 superbiae,
1144 1822 1396 1879 bellumque
1430 1821 1619 1865 credidit
1647 1822 1762 1865 indi·
1802 1827 1804 1853 3

295 1893 483 1936 cendum
522 1892 562 1934 ei
594 1906 724 1948 quem
759 1891 876 1934 Iulio
911 1891 1070 1934 Cesare
1110 1894 1295 1948 experta
1333 1890 1482 1934 fuerat
1521 1890 1765 1936 fortiorem.
1804 1883 1815 1925 ’Ᾰ

297 1962 462 2005 Omnes
500 1961 687 2004 nocendi
726 1964 844 2003 artes
885 1975 1092 2018 aggressa
1131 1964 1210 2011 est,
1241 1960 1508 2018 tandemque
1547 1964 1677 2018 capta
1716 1964 1803 2005 et·

296 2031 533 2088 prouoluta
562 2030 619 2073 ad
648 2030 780 2087 pedes
806 2030 1002 2087 Augusti
1030 2030 1164 2073 etiam
1193 2033 1301 2073 tunc
1330 2030 1588 2074 sollicitauit
1616 2030 1764 2074 oculos
1810 2087 1811 2090 Ἴ
1876 2074 1877 2077 ,

297 2101 434 2144 ducis.
495 2100 582 2143 Sed
614 2099 784 2142 frustra
814 2100 1015 2157 quidem3
1058 2115 1162 2142 nam
1196 2099 1480 2157 pulchritudo
1515 2100 1609 2142 eius
1643 2090 1766 2143 infra
1801 2127 1811 2155 ρ
1876 2093 1877 2096 ¹

297 2169 559 2227 pudicitiam
608 2169 820 2226 principis
864 2169 966 2212 fuit.
1047 2169 1176 2222 Quod
1220 2169 1298 2211 ubi
1344 2169 1576 2226 desperata
1617 2183 1664 2212 se
1706 2168 1764 2211 ad
1802 2169 1814 2219 '5

298 2239 576 2295 triumphum
597 2238 779 2281 uictoris
803 2238 1038 2295 praenouit
1067 2238 1296 2290 reseruari,
1317 2237 1606 2281 incautiorem
1632 2240 1765 2281 nacta
1796 2254 1801 2266 ²
1873 2222 1876 2274 ἶ

297 2308 556 2359 custodiam,
583 2322 759 2364 egressa
781 2322 827 2350 se
854 2308 901 2350 in
925 2308 1198 2350 Mausoleum
1228 2322 1382 2364 regum
1409 2305 1584 2363 recepit,
1614 2306 1764 2364 ibique
1791 2315 1802 2349 1

297 2377 582 2420 nobilissimis
612 2391 669 2419 ex
697 2391 818 2419 more
847 2377 1007 2419 induta
1041 2377 1234 2420 cultibus
1262 2376 1471 2419 odoribus
1505 2375 1764 2432 conquisitis
1803 2374 1812 2394 ”

297 2445 492 2502 solioque
521 2445 693 2488 diuitiis
717 2460 1030 2502 usquequaque
1057 2445 1222 2488 referto
1248 2460 1295 2488 se
1321 2445 1450 2488 iuxta
1479 2459 1608 2487 suum
1632 2444 1764 2487 collo·

297 2514 418 2557 cauit
433 2513 689 2564 Antonium,
710 2517 756 2556 et
775 2514 983 2557 mamillis
1002 2514 1214 2570 uenisque
1233 2514 1325 2556 suis
1345 2527 1570 2570 apponens
1589 2513 1763 2570 aspides
1792 2510 1809 2574 ’ᾗ

300 2624 344 2662 25
365 2621 448 2661 post
464 2627 594 2653 omnes
610 2619 694 2667 asiel.
712 2616 814 2653 enim
831 2616 855 2653 S
999 2625 1043 2661 27
1070 2615 1286 2663 pulcritudo
1303 2614 1362 2651 AS

351 2717 366 2743 1
394 2708 516 2743 Fortis
534 2709 624 2744 etc.:
651 2708 738 2744 Luc.
755 2709 883 2744 Phars.
902 2720 932 2745 v.
950 2716 1080 2754 345—7.
1223 2717 1244 2753 3
1264 2708 1440 2753 priuato:
1459 2707 1625 2753 praelato
1643 2705 1762 2743 habet
1785 2719 1788 2735 ‡

299 2753 480 2790 Lucanus.
627 2765 667 2791 12
699 2757 827 2790 Vultus
844 2757 939 2792 etc.:
966 2755 1053 2791 Luc.
1069 2756 1197 2791 Phara
1214 2766 1251 2791 x.
1270 2762 1347 2801 105.
1498 2755 1545 2791 26
1564 2755 1763 2800 prouoluta
1786 2775 1787 2778 =

299 2803 395 2839 etc.:
422 2813 454 2836 v.
473 2800 574 2837 Flor.
591 2800 631 2838 ii.
649 2813 690 2838 21
714 2801 777 2850 (iv,
797 2813 834 2839 11
857 2802 899 2849 ἕξ
918 2803 1039 2849 9—11).
1789 2805 1794 2812 ‘

410 2881 476 2906 200
