1878 3172
102 169 204 203 ou.
218 153 272 218 v]
618 157 1019 203 POLICRA'I'ICV
1019 157 1052 201 S
1574 158 1704 208 md

102 277 301 321 ciuitatis
349 276 627 320 Hierusalem
669 279 837 334 quanta
883 277 1073 320 uastitas
1116 279 1162 320 et
1209 278 1377 333 quanta
1425 275 1564 320 fuerit

103 346 379 389 diuersarum
398 346 607 389 mortium
622 349 803 403 strages,
816 346 914 402 quis
933 361 1013 402 per
1031 346 1139 388 haec
1153 345 1329 403 singula
1347 345 1562 388 bellorum

103 415 306 458 extiterit
330 415 497 465 modus,
516 418 562 458 et
590 417 643 457 ut
663 415 920 472 (secundum
949 415 995 456 id
1025 414 1142 471 quod
1170 415 1411 471 prophetae
1439 414 1563 457 dixe-

102 483 224 538 rant)
243 483 511 527 abominatio
530 484 812 526 desolationis
830 483 878 525 in
897 484 993 540 ipw
1017 483 1238 539 quondam
1258 483 1342 526 Dei
1362 482 1563 525 famosis·

37 551 43 556 “
66 567 86 601 5
102 550 215 594 simo
243 552 453 595 collocata
480 553 540 595 sit
568 552 744 610 templo,
770 555 907 609 utque
937 552 993 594 ad
1022 552 1230 594 ultimum
1259 555 1418 595 cuncta
1446 552 1563 608 ignis

102 620 341 676 populatus
362 621 422 663 sit
446 623 492 663 et
509 621 688 663 flamma
706 620 1035 677 consumpserit,
1055 621 1093 663 si
1120 621 1220 677 quis
1242 620 1415 677 plenius
1435 634 1562 662 nosse

102 688 214 739 uult,
233 689 463 731 historiam
482 690 658 746 Iosephi
678 690 854 747 relegat.
903 689 997 732 Nos
1011 704 1118 732 uero
1137 704 1193 732 ex
1213 689 1282 732 his
1302 704 1354 732 ea
1372 692 1560 738 tantum,
1576 697 1650 738 421
1669 698 1701 726 a

102 771 216 813 quae
246 757 304 800 ad
332 758 686 815 explanationem
715 759 905 815 suscepti
934 758 1077 815 operis
1106 757 1340 808 sufficiunt,
1369 773 1561 801 assume·

104 839 226 878 mus3
254 826 303 868 in
323 827 483 883 quibus
512 826 662 877 refert,
693 827 810 884 quod
837 842 893 870 ex
919 827 1039 869 omni
1067 827 1206 870 Iudea
1230 827 1382 884 populi
1412 827 1461 870 in
1489 828 1562 870 die

46 909 89 933 10
103 894 273 937 solenni
304 894 495 938 Paschae
524 895 834 945 Ierosolimam,
853 895 978 938 uelut
1006 896 1177 938 exitiali
1206 896 1396 952 quadam
1426 910 1561 938 manu

102 966 296 1020 cogente,
334 966 643 1006 conuenerant.
721 963 841 1016 Quos
884 964 1032 1006 tricies
1070 967 1255 1007 centena
1292 965 1415 1007 milia
1453 965 1562 1007 dicit

101 1031 330 1074 hominum
369 1031 517 1082 fuisse,
551 1032 668 1075 iusto
708 1032 872 1075 scilicet
910 1033 993 1075 Dei
1033 1033 1206 1083 iudicio,
1243 1036 1440 1090 tempore
1478 1034 1561 1076 hoc

101 1099 285 1142 ultionis
313 1099 460 1150 electo,
479 1102 532 1142 ut
556 1100 631 1156 qui
662 1100 709 1142 in
733 1100 887 1143 diebus
917 1101 1108 1144 Paschae
1136 1101 1402 1144 saluatorem
1431 1115 1561 1143 suum

101 1170 149 1212 et
166 1168 431 1212 saluatorem
452 1168 680 1212 Christum
700 1168 880 1211 Domini
904 1170 1098 1213 cruentis
1122 1170 1326 1213 manibus
1355 1173 1401 1213 et
1429 1170 1562 1212 sacri·

44 1255 82 1288 ¹5
102 1237 212 1295 legis
249 1237 432 1281 uocibus
470 1237 707 1288 uiolarunt,
745 1238 793 1279 in
832 1238 940 1294 ipsis
978 1239 1133 1281 diebus
1172 1239 1297 1282 uelut
1334 1239 1383 1282 in
1420 1253 1560 1281 unum

98 1319 317 1349 carcerem
346 1307 489 1349 omnis
518 1306 758 1349 multitudo
784 1307 988 1349 conclusa
1016 1307 1167 1350 feralis
1196 1322 1335 1364 penae
1361 1307 1561 1356 exitium,

101 1375 219 1431 quod
251 1375 514 1426 merebatur,
544 1375 776 1432 exciperet
851 1375 1104 1418 Praeteribo
1134 1390 1239 1418 sane
1269 1391 1381 1433 quae
1410 1377 1458 1418 in
1487 1390 1562 1418 eos

100 1443 173 1486 uel
201 1443 339 1501 gladii
364 1443 495 1487 caede
523 1443 596 1487 uel
621 1444 720 1486 aliis
745 1444 847 1486 belli
872 1444 1086 1487 machinis
1106 1445 1266 1487 collata
1284 1448 1401 1494 sunt,
1420 1443 1561 1500 expli-

100 1526 223 1565 care;
251 1527 305 1556 ea
322 1512 640 1563 tantummodo,
660 1527 772 1569 quae
798 1513 921 1555 dirae
941 1513 1072 1556 famis
1093 1514 1241 1556 inedia
1267 1513 1560 1571 pertulerunt,

41 1597 85 1620 zo
100 1581 342 1638 supradicti
361 1581 704 1639 historiographi
719 1582 992 1624 sermonibus
1006 1582 1240 1639 proferam,
1256 1597 1342 1639 quo
1362 1582 1557 1639 legentes

99 1648 207 1693 haec
248 1650 502 1708 intelligant
543 1653 759 1707 quantum
798 1651 960 1707 piaculi
998 1652 1058 1694 sit
1099 1651 1261 1694 audere
1299 1651 1468 1708 aliquid
1506 1651 1555 1692 in
1572 1657 1602 1695 b

98 1717 327 1762 Christum
369 1722 415 1762 et
456 1733 588 1776 quam
631 1719 844 1777 grauibus
886 1735 995 1763 ausa
1042 1720 1269 1777 suppliciis
1311 1720 1557 1777 expientur.

99 1787 197 1844 Age
223 1787 386 1844 itaque,
417 1788 599 1844 quintus
629 1787 804 1845 Iosephi
835 1788 1120 1831 historiarum
1151 1789 1263 1831 liber
1291 1791 1483 1845 ponatur
1511 1788 1560 1830 in

100 1856 256 1906 medio,
275 1871 332 1899 ex
351 1870 439 1912 quo
458 1856 600 1899 omnis
626 1871 777 1899 eorum
804 1857 1004 1900 luctuosa
1032 1858 1233 1915 tragedia
1261 1859 1561 1914 pernoscatur.

42 1942 83 1976 ²5
102 1924 331 1967 Diuitibus
356 1927 505 1967 autem
528 1929 795 1981 permanere,
815 1925 972 1981 inquit,
992 1929 1071 1968 aut
1097 1927 1239 1982 perire
1262 1941 1402 1968 unum
1424 1928 1559 1981 atque

99 1991 219 2034 idem
257 1994 362 2035 erat.
426 1992 475 2035 Si
516 1993 632 2035 enim
670 1993 718 2034 in
755 1994 864 2035 urbe
902 1994 1255 2049 permansissent,
1294 1993 1558 2036 facultatum

98 2074 279 2103 suarum
308 2075 440 2103 causa
468 2061 650 2103 crimine
676 2061 856 2113 obiecto,
876 2062 1001 2117 quasi
1032 2063 1107 2117 qui
1138 2062 1192 2104 de
1221 2061 1560 2119 transfugiendo

97 2129 354 2185 cogitarent,
378 2129 719 2185 perimebantur.
779 2129 1027 2173 Necessitas
1058 2145 1163 2173 uero
1193 2130 1325 2173 famis
1354 2130 1558 2173 faetiow

97 2210 197 2238 rum
235 2197 477 2239 extollebat
517 2197 842 2254 arrogantiam;
885 2200 931 2240 et
964 2200 1202 2254 utrumque
1240 2199 1371 2241 simul
1410 2198 1558 2240 inedia

40 2283 83 2316 30
97 2280 198 2309 cum
245 2266 495 2308 temeritate
542 2266 772 2308 crescebat.
851 2266 1027 2309 Publice
1067 2267 1243 2322 quidem
1283 2266 1557 2309 frumentum

97 2348 315 2391 nusquam
344 2335 522 2377 omnino
551 2338 658 2384 erat,
687 2335 763 2377 sed
792 2335 1009 2377 irruentes
1038 2335 1161 2377 urbis
1189 2335 1430 2392 praedones
1459 2350 1557 2392 per-

97 2403 411 2446 scrutabantur
428 2403 595 2453 domus,
615 2406 661 2446 et
680 2403 717 2446 si
738 2403 845 2459 quid
864 2403 1147 2454 inuenissent,
1165 2407 1391 2460 tamquam
1412 2405 1466 2448 de
1486 2406 1557 2448 his

97 2470 175 2526 qui
201 2470 464 2521 fefellerant,
494 2486 630 2527 penas
658 2471 913 2523 sumebant3
943 2472 981 2514 si
1015 2486 1121 2514 uero
1150 2487 1239 2514 non
1271 2473 1554 2523 inuenissent,

102 2605 117 2631 1
143 2594 344 2633 ierusalem
361 2596 386 2633 S
549 2606 573 2641 4
597 2595 854 2632 abhominatio
872 2595 938 2632 SM
1116 2606 1135 2643 5
1162 2597 1300 2634 collata
1316 2597 1357 2633 M
1439 2646 1445 2651 .
1465 2645 1471 2651 θ

98 2676 303 2729 hystoriam
319 2676 394 2715 AM
560 2687 603 2712 10
626 2676 788 2730 sollenni
805 2676 873 2730 ·A¹:
898 2677 1072 2713 sollemni
1090 2677 1114 2713 S
1278 2645 1553 2723 19⁰i¹i1¹eedigmAx

97 2733 218 2759 exicio
235 2722 260 2758 S
450 2733 497 2759 20
519 2723 822 2770 hystoriographi
839 2723 879 2758 M
1078 2735 1122 2770 23
1147 2726 1274 2761 sextus
1297 2724 1421 2761 G²BA¹
1452 2728 1555 2772 (quid

98 2770 260 2805 habuerit
276 2768 317 2805 0¹
333 2772 507 2806 incensam
524 2770 588 2817 est)
698 2769 950 2816 hystoriarum
966 2771 1006 2806 M
1158 2781 1202 2815 27
1227 2772 1293 2818 qui
1309 2784 1375 2809 om.
1396 2773 1435 2807 M

1403 2851 1445 2886 75
