1878 3172
55 158 57 160 ’
97 189 199 225 on.
212 178 326 240 vm]
607 179 1042 225 PomcRATIcvs
1566 189 1657 231 490
1675 181 1706 237 ti

36 333 38 340 .
96 297 317 342 Homerus
353 312 527 356 quoque
564 299 612 342 in
649 299 727 342 illo
763 298 1069 343 celeberrimae
1105 298 1390 357 perfectionis
1422 314 1552 358 opere

32 374 51 389 ·’
94 366 361 425 dedignatus
389 370 457 411 est
485 382 612 411 nosse
642 367 882 420 fortunam,
911 368 1021 412 adeo
1053 369 1232 425 quidem
1261 372 1315 412 ut
1348 369 1396 412 in
1427 369 1552 413 nulla

93 438 223 493 parte
255 435 372 479 tanti
404 436 611 480 carminis
643 437 905 481 nominetur.
975 437 1137 480 Maluit
1169 438 1286 480 enim
1324 438 1407 481 soli
1445 438 1552 489 Deo,

7 494 46 539 '-
70 499 227 561 'quem
264 515 443 548 ltou’m
481 505 741 556 nominauit,
778 506 989 549 uniuersa
1028 498 1221 564 regenda
1264 507 1551 562 committere,

46 589 80 626 -ς
95 587 228 630 quam
247 576 301 616 ut
317 573 486 630 aliquid
504 574 741 618 ascriberet
754 575 996 618 temeritati
1011 574 1229 627 fortunae,
1244 589 1377 632 quam
1396 576 1551 633 utiquc

34 635 36 638 ⁵
92 641 157 695 sic
175 644 348 686 constat
365 642 546 685 minime
565 657 658 686 esse
676 643 815 694 deam,
834 643 949 687 sicut
966 646 1137 688 certum
1160 647 1229 687 est
1254 644 1342 687 dici
1360 647 1407 688 et
1425 645 1551 702 pingi

37 718 46 731 “
92 723 251 754 cecam.
307 711 493 754 Frustra
516 726 621 769 ergo
648 712 808 755 cecitas
832 713 927 756 eius
946 713 1161 770 arguitur,
1180 727 1293 770 quae
1316 713 1364 756 in
1388 718 1552 757 natura

93 792 242 822 rerum
269 778 461 822 inueniri
490 794 579 823 non
607 783 763 837 potest.
821 781 949 824 Vnde
977 785 1023 824 et
1054 796 1182 825 casus
1209 796 1299 825 non
1328 796 1421 826 esse
1450 797 1550 826 con·

34 861 45 890 1.
94 847 301 898 uincitur,
329 848 367 891 si
401 863 502 891 eum
531 849 630 906 quis
659 849 947 906 improuisum
979 854 1187 894 euentum
1220 866 1314 895 esse
1346 851 1551 905 diffiniat,

56 932 80 959 ο
93 930 195 960 cum
228 917 364 960 nichil
396 917 478 960 fiat
508 918 634 961 cuius
666 921 813 961 ortum
846 919 1045 976 legitima
1077 935 1209 964 causa
1242 924 1288 964 et
1316 922 1432 965 ratio
1459 936 1549 964 non

32 995 61 1043 ··'j·
92 985 338 1043 praecedat,
375 989 421 1029 et
458 986 600 1030 fidelis
636 987 916 1031 concionator
957 989 1094 1032 nichil
1142 990 1190 1032 in
1234 993 1354 1033 terra
1394 991 1548 1035 doceat
1564 998 1590 1028 0

91 1053 190 1096 fieri
222 1054 317 1098 sine
346 1069 488 1098 causa.
562 1056 877 1100 Verumtamen
911 1058 1016 1114 quia
1049 1061 1224 1115 praeter
1256 1059 1548 1103 intentionem

8 1143 9 1148 ¹
51 1143 54 1154 1
91 1123 340 1180 gerentium
369 1124 529 1181 aliqua,
551 1126 764 1168 nonnulla
790 1127 1056 1184 contingunt
1084 1131 1259 1185 praeter
1287 1129 1548 1186 opinionem,

8 1187 15 1199 ”
34 1195 58 1258 {2
90 1205 218 1235 casus
231 1192 524 1249 appellatione
535 1193 813 1245 clauduntur,
824 1195 927 1238 licet
938 1211 1075 1252 aeque
1089 1197 1363 1254 disponentis
1377 1198 1548 1241 ratione

8 1277 10 1281 ·
52 1282 54 1284 ·
92 1261 296 1318 praeuisa
309 1261 411 1313 sint,
421 1262 536 1306 sicut
554 1277 607 1305 ea
625 1277 737 1319 quae
757 1263 852 1321 lege
871 1267 1058 1308 naturae
1071 1266 1345 1310 necessitatis
1359 1267 1548 1310 nexibus

58 1320 62 1331 ³
90 1329 303 1373 uidentur
329 1333 486 1374 artata.
557 1331 745 1375 Proinde
768 1336 814 1375 et
836 1333 943 1376 haec
966 1334 1062 1391 ipsa
1084 1335 1388 1392 contingentia
1412 1336 1547 1392 prim-

47 1387 73 1439 sl·
92 1411 201 1441 suae
228 1399 424 1442 omnium
457 1414 613 1443 causae
643 1401 706 1444 sic
739 1415 832 1444 esse
864 1406 1039 1446 constat
1071 1403 1246 1446 adnexa
1278 1407 1331 1447 ut
1363 1404 1421 1447 ad
1451 1419 1548 1448 eam

46 1499 62 1517 ,
91 1467 240 1510 omnia
258 1466 531 1521 referantur3
558 1472 606 1512 et
633 1483 714 1527 pro
742 1485 840 1513 mea
868 1471 1073 1528 opinione
1100 1473 1207 1516 haec
1232 1473 1330 1530 ipsa
1352 1473 1410 1516 ad
1433 1474 1547 1530 posi-

90 1534 257 1578 tionem
267 1536 465 1579 omnium
479 1551 591 1594 quae
604 1542 710 1582 sunt
723 1540 966 1584 necessario
977 1545 1281 1598 consequatur.
1321 1542 1548 1586 Ridebunt

50 1608 69 1644 ζΧ
91 1601 210 1647 forte
236 1605 542 1662 prudentiores
569 1607 868 1665 insipientiam
896 1624 1051 1661 meam,
1080 1611 1157 1667 qui
1186 1611 1331 1654 Deum
1362 1626 1455 1655 esse
1489 1612 1547 1655 ad

59 1687 73 1731 2·
90 1671 372 1716 existentiam
390 1675 587 1718 omnium
606 1677 729 1733 sequi
744 1679 991 1731 consentio3
1019 1680 1096 1737 sed
1115 1680 1173 1722 ab
1191 1681 1350 1724 effectu
1368 1696 1546 1725 causam

51 1749 67 1785 μ
90 1739 248 1784 inferri
275 1742 349 1785 uel
376 1743 664 1799 probabiliter
691 1760 761 1788 me
786 1746 1067 1804 Peripatetici
1093 1749 1349 1793 docuerunt.
1409 1750 1546 1794 Porro

54 1808 290 1871 {doctores
307 1811 411 1854 fidei
431 1826 527 1854 eam
547 1827 604 1855 ex
629 1815 832 1858 omnibus
858 1830 1035 1859 causam
1064 1819 1307 1861 necessario
1332 1819 1544 1870 inferunt,
1562 1818 1591 1858 d

53 1894 78 1939 ³(
93 1890 151 1920 ex
177 1892 267 1935 qua
293 1880 452 1931 omnia,
470 1895 550 1938 per
577 1896 711 1939 quam
739 1884 898 1935 omnia,
918 1888 964 1928 et
992 1886 1041 1928 in
1070 1901 1158 1942 qua
1186 1890 1293 1929 sunt
1321 1889 1479 1938 omnia,
1500 1892 1546 1931 et

68 1956 76 2006 J
92 1940 188 1991 sine
206 1961 295 2003 qua
313 1947 482 1991 factum
501 1952 569 1992 est
586 1954 666 1993 aut
684 1952 922 1996 subsistere
935 1956 1082 2010 potest
1100 1955 1249 1999 nichil.
1298 1956 1426 2008 Quod
1442 1971 1546 2013 ergo

59 2003 260 2071 ‘deliquid
293 2015 499 2059 fortunae
531 2017 735 2062 uidemur
771 2022 998 2072 ascribere,
1030 2023 1070 2065 ei
1108 2038 1386 2079 nequaquam
1420 2039 1544 2081 prae-

56 2094 67 2101 ”
88 2082 270 2128 iudicat.
329 2083 417 2127 Sed
443 2085 549 2140 quia
575 2087 703 2130 nobis
731 2089 788 2131 ad
816 2090 1014 2133 homines
1043 2106 1184 2134 sermo
1214 2096 1291 2142 est,
1316 2093 1545 2136 hominum

5 2199 10 2213 4
90 2151 238 2196 uerbis
255 2153 436 2204 utimur,
455 2154 611 2211 pingui
629 2155 700 2212 (ut
725 2158 1043 2217 praediximus)
1063 2160 1265 2203 Minerua
1290 2165 1471 2218 agentes
1490 2162 1545 2206 de
1631 2187 1635 2192 ·

55 2227 63 2262 ζ
89 2218 288 2278 ungulis,
315 2221 371 2265 de
398 2222 523 2265 nullo
551 2224 758 2267 subtilem
787 2227 1020 2270 reddentes
1048 2229 1277 2273 rationem.
1347 2230 1475 2282 Quod
1507 2231 1546 2274 si

6 2274 16 2325 Ξ
90 2286 173 2331 hoc
209 2288 355 2346 ipsum
394 2290 615 2346 patienter
652 2293 917 2346 admittitur,
954 2310 1006 2338 ea
1051 2311 1163 2353 quae
1202 2312 1229 2340 a
1273 2298 1545 2356 philosophis

5 2367 11 2428 14
18 2405 22 2408 4
52 2353 291 2412 gentium
315 2358 517 2414 publicae
544 2360 756 2404 utilitatis
780 2363 928 2419 gratia
953 2364 1117 2421 scripta
1140 2369 1246 2408 sunt
1264 2366 1417 2410 audire
1438 2368 1545 2424 quid

52 2466 82 2548 ᾖξ’,
91 2490 138 2532 17
154 2489 303 2524 constat
319 2499 396 2525 esse
413 2499 564 2525 annexa
579 2489 619 2526 Μ
715 2501 759 2528 22
776 2492 1049 2539 peripathetici
1064 2493 1140 2530 AM
1234 2506 1275 2542 31
1292 2496 1416 2532 audiri
1429 2497 1543 2535 A’SM

7 2582 22 2627 Τ
42 2606 85 2654 4.,
140 2613 157 2640 1
183 2606 362 2644 Homerus
376 2611 437 2645 etc
465 2622 474 2630 ·
499 2621 523 2644 v
550 2609 704 2646 Macrob
731 2612 795 2647 Sat
821 2623 852 2647 v.
874 2613 917 2648 16
935 2611 953 2658 ξ
973 2614 1005 2649 8.
1169 2625 1213 2651 10
1235 2617 1350 2653 nichil
1355 2619 1431 2661 fiae
1446 2620 1516 2654 etc.
1535 2632 1543 2654 :

49 2646 188 2687 m
206 2653 299 2689 πη..
315 2656 410 2691 281.
427 2636 748 2702 {dm‘chalcidin
775 2638 824 2694 «ἐς.
843 2659 1009 2704 supi-aii.
1026 2670 1041 2697 1
1068 2660 1224 2708 (415D).
1363 2674 1401 2701 11
1429 2667 1545 2701 „seha

15 2748 17 2751 4
38 2697 350 2751 :usqu-temnet&
377 2702 444 2738 Iob
460 2715 492 2738 v.
508 2705 543 2739 6.
700 2714 746 2748 24
769 2717 815 2740 ex
837 2718 908 2751 qua
931 2708 1026 2743 etc.:
1051 2719 1083 2744 v.
1109 2708 1214 2746 Rom.
1239 2709 1289 2747 xi.
1314 2712 1385 2757 363
1411 2711 1543 2750 Ioann.

8 2749 37 2791 »ᾖ
50 2748 167 2796 ,1.3.
343 2750 388 2784 28
405 2751 541 2803 pinquat·
563 2751 756 2788 Minerua:
783 2751 857 2789 Cic.
874 2755 918 2788 de
940 2756 1086 2791 Amicii.
1106 2765 1124 2802 5
1143 2755 1162 2803 ξ
1185 2767 1237 2803 19.
1377 2764 1421 2794 ut
1439 2771 1546 2805 prae-

8 2790 31 2850 9
51 2800 73 2830 ,ις
91 2790 272 2830 ammas:
295 2806 329 2830 v.
346 2807 458 2842 supra
472 2797 515 2834 ri.
539 2807 584 2834 22
601 2797 686 2844 (449
698 2801 752 2844 Β).

9 2852 23 2883 ²³
56 2857 61 2885 :²
145 2860 226 2881 ’ω
761 2870 784 2898 c
803 2871 826 2898 c

1371 2878 1436 2914 ¹⁹3
