1878 3172
203 163 284 216 548
302 174 328 205 c
670 162 930 207 IOANNIS
970 162 1481 207 SARESBERIENSIS
1639 161 1754 223 [ΠΒ.
1771 174 1802 206 v

340 285 543 342 peccatis.
609 284 731 327 Alibi
760 299 830 327 me
859 284 1024 327 dixisse
1048 284 1190 328 recolo
1209 284 1314 341 quia
1334 284 1465 342 (teste
1494 299 1656 342 magno
1674 286 1801 342 patre

340 354 611 411 Augustino)
618 354 827 397 simulata
837 354 1088 397 innocentia
1101 368 1190 396 non
1205 356 1272 396 est
1283 353 1535 397 innocentia
1546 353 1623 396 sed
1637 353 1804 410 duplex

340 423 524 474 malitia,
543 423 649 480 quia
676 428 721 467 et
746 423 918 466 malitia
945 425 1013 465 est
1036 426 1081 466 et
1104 423 1338 466 simulatio.
1396 422 1611 480 Aequitas
1630 437 1803 480 quoque

341 492 550 535 simulata
579 507 670 536 non
704 495 772 536 est
806 493 1006 549 aequitas
1044 492 1121 535 sed
1160 492 1326 549 duplex
1360 492 1585 549 iniquitas,
1617 493 1723 550 quia
1757 496 1803 535 et

341 561 554 618 iniquitas
578 564 646 605 est
673 565 720 606 et
748 562 984 606 simulatio.
1042 562 1169 604 Vnde
1188 561 1478 605 immoderato
1501 564 1682 618 stupore
1700 575 1803 604 con·
1822 576 1841 609 5

341 630 516 682 fundor,
550 645 651 674 cum
681 630 1038 688 frequentissime
1067 631 1243 674 uideam
1282 632 1429 675 nescio
1457 631 1609 674 fideles
1644 645 1702 674 an
1736 631 1803 674 in-

341 699 493 743 fideles
525 700 667 743 dicam
696 701 745 743 in
774 701 1002 758 sacrilegio
1032 700 1285 744 huiusmodi
1314 701 1606 758 deprehensos
1636 701 1693 744 ad
1722 701 1804 744 hoc

343 768 451 812 totis
470 769 641 815 uiribus
660 769 866 813 hanelare
885 773 939 813 ut
958 770 1090 813 minis
1117 773 1163 813 et
1185 770 1428 814 terroribus
1447 773 1637 826 urgeant
1665 784 1802 813 sacer-

343 836 468 880 dotes
487 838 545 880 ad
565 839 883 882 absolutionem
910 839 1221 896 praestandam
1244 854 1378 896 quam
1404 853 1484 882 nec
1510 839 1586 882 isti
1615 838 1805 882 fideliter

296 904 327 944 d
344 905 449 950 dare
467 921 548 950 nec
567 908 633 950 illi
653 909 700 951 in
719 909 995 952 contumacia
1014 909 1190 952 utiliter
1207 909 1402 966 accipere
1430 910 1629 966 possunt.
1688 907 1805 951 Sane
1826 922 1866 946 10

344 975 519 1020 facilius
539 979 606 1020 est
625 979 863 1035 utrumque
892 978 1063 1022 inuolui
1091 993 1224 1035 quam
1253 978 1443 1022 alterum
1465 979 1652 1021 istorum
1673 991 1804 1034 expe-

343 1044 441 1087 djri·.
502 1045 657 1089 Vtrius
686 1049 837 1090 tamen
865 1047 995 1103 culpa
1023 1047 1083 1090 sit
1112 1046 1292 1104 grauior
1320 1061 1410 1090 non
1439 1046 1569 1090 facile
1603 1046 1803 1090 dixerim.

345 1113 468 1157 Haec
487 1114 541 1157 de
561 1115 631 1158 his
654 1130 767 1172 quae
795 1116 844 1159 in
872 1116 1053 1173 politica
1081 1115 1395 1160 constitutione
1415 1115 1643 1159 Plutarchi
1663 1115 1803 1159 uicem

344 1183 518 1228 animae
538 1185 750 1229 obtinent.

345 1302 451 1361 Cap.
473 1305 514 1348 6.
552 1304 616 1349 De
634 1305 846 1362 principe
869 1291 952 1362 qui
975 1308 1112 1362 caput
1134 1308 1192 1348 est
1217 1304 1280 1348 rei
1296 1303 1521 1360 publicae,
1539 1308 1577 1348 et
1605 1304 1805 1348 electione
1826 1316 1865 1350 15

459 1374 569 1428 eius,
595 1378 633 1417 et
656 1374 932 1431 priuileyiis,
953 1378 991 1418 et
1013 1374 1222 1430 praemio
1250 1374 1446 1418 uivtutis
1471 1377 1511 1418 et
1539 1373 1697 1430 culpae
1707 1393 1727 1425 ,·
1765 1379 1805 1418 et
1835 1371 1841 1375 ’

461 1444 579 1499 quod
614 1443 793 1487 beatum
826 1443 905 1487 Iob
940 1443 1086 1487 debeat
1126 1443 1311 1486 imitari
1322 1461 1340 1493 ;
1385 1447 1423 1487 et
1458 1443 1511 1486 de
1548 1442 1805 1487 uirtutibus

462 1511 577 1555 beati
606 1511 638 1554 I
636 1512 697 1555 ob.

404 1598 615 1654 Sequitur
641 1602 694 1641 ut
723 1599 817 1641 eius
843 1599 1069 1641 imitantes
1095 1598 1286 1655 uestigia
1309 1597 1363 1640 de
1390 1598 1598 1641 membris
1626 1598 1690 1641 rei
1719 1613 1801 1655 pu-

345 1667 483 1710 blicae
519 1667 811 1724 dispiciamus.
876 1668 1057 1710 Dictum
1092 1670 1159 1710 est
1198 1670 1347 1709 autem
1381 1667 1623 1724 principem
1656 1667 1799 1711 locum
1825 1684 1868 1708 πο

345 1736 544 1779 obtinere
559 1737 727 1793 capitis,
742 1739 788 1779 et
807 1737 883 1794 qui
904 1737 1038 1779 solius
1058 1736 1219 1778 mentis
1240 1738 1421 1792 regatur
1436 1736 1632 1780 arbitrio.
1672 1737 1805 1780 Hunc

346 1805 509 1862 itaque,
543 1808 596 1848 ut
633 1806 722 1848 iam
762 1806 930 1848 dictum
964 1807 1043 1857 est,
1076 1805 1306 1862 dispositio
1340 1805 1493 1848 diuina
1526 1805 1574 1847 in
1609 1820 1707 1849 arce
1741 1807 1804 1849 rei

347 1874 546 1931 publicae
566 1874 796 1917 collocauit
817 1878 861 1916 et
884 1889 984 1916 eum
1011 1888 1128 1917 nunc
1154 1874 1345 1916 archano
1371 1874 1675 1931 prouidentiae
1701 1890 1805 1918 suae

197 1951 282 1992 549
302 1952 331 1981 a
347 1943 543 1986 misterio
569 1944 726 1986 ceteris
748 1943 955 2000 praefert,
974 1958 1091 1986 nunc
1117 1943 1243 2000 quasi
1270 1958 1449 1986 suorum
1476 1943 1640 1987 iudicio
1666 1958 1804 1987 sacer-

347 2012 513 2063 dotum,
532 2027 649 2056 nunc
669 2013 725 2055 ad
745 2027 846 2055 eum
866 2013 1206 2069 praeficiendum
1231 2012 1368 2055 totius
1394 2012 1546 2070 populi
1569 2015 1676 2056 uota
1701 2027 1803 2057 con·
1825 2029 1865 2061 25

347 2084 542 2124 currunt.
592 2081 719 2124 Vnde
735 2084 780 2124 et
795 2082 842 2124 in
858 2082 1007 2125 Veteri
1024 2082 1305 2124 Testamento
1320 2081 1484 2138 legitur
1499 2082 1604 2138 quia
1619 2082 1804 2138 Moyses,

347 2150 632 2194 ordinaturus
647 2165 747 2193 eum
767 2151 842 2207 qui
863 2154 1082 2207 praeesset
1102 2151 1149 2193 in
1169 2151 1342 2207 populo,
1354 2151 1613 2193 conuocauit
1633 2165 1806 2194 omnem

348 2234 620 2277 synagogam
641 2223 693 2262 ut
713 2220 949 2277 eligeretur
963 2222 1136 2262 astante
1157 2219 1336 2276 populo,
1345 2234 1401 2262 ne
1420 2234 1508 2276 qua
1526 2220 1806 2276 postmodum

347 2289 604 2331 retractatio
633 2289 849 2345 cuiquam,
869 2303 924 2331 ne
955 2289 1053 2345 quis
1082 2288 1314 2345 scrupulus
1342 2288 1562 2331 resideret.
1623 2288 1807 2346 Legitur

346 2358 395 2399 in
415 2358 528 2400 libro
548 2358 800 2415 Regnorum
822 2358 936 2413 quod
957 2358 1065 2401 Saul
1085 2373 1165 2400 rex
1192 2357 1372 2400 futurus
1390 2372 1607 2414 apparens
1626 2358 1673 2400 in
1694 2357 1806 2401 facie
1825 2371 1868 2403 3⁴0

350 2498 372 2532 3
397 2499 545 2533 quoque
561 2499 628 2524 om.
646 2487 681 2524 A
748 2534 756 2542 .
785 2489 828 2542 '8
853 2487 1003 2524 anelare
1021 2487 1054 2522 A
1192 2498 1236 2532 14
1260 2487 1435 2542 optinent
1451 2487 1484 2523 A
1613 2495 1652 2533 15
1680 2488 1805 2534 capud

351 2534 1168 2629 a„...mssadeSP1012202ss.ssgffg1.;.B.
1215 2545 1257 2571 21
1474 2535 1506 2570 A
1647 2544 1806 2579 2⁷

396 2704 416 2729 2
441 2696 611 2747 simulata
626 2696 829 2731 innocentia
847 2697 918 2731 etc.
934 2706 943 2730 ε
969 2695 1063 2740 Aug.
1079 2696 1216 2730 Enarr.
1235 2697 1276 2730 in
1297 2696 1357 2730 Pe.
1377 2695 1470 2729 lxiii.
1489 2703 1508 2738 7
1529 2694 1674 2748 (Migne
1695 2696 1735 2730 P.
1762 2696 1806 2730 L.

347 2752 473 2776 xxxvi.
493 2742 586 2787 765).
779 2743 824 2778 26
848 2744 888 2777 in
910 2743 1027 2777 Veteri
1054 2743 1292 2778 Testamenta:
1319 2753 1350 2777 v.
1376 2741 1490 2777 Num.
1515 2753 1627 2778 xxvu.
1651 2743 1692 2778 18
1703 2753 1804 2787 seqq.

345 2798 395 2833 30
418 2790 459 2823 in
475 2790 565 2825 libro
580 2790 807 2835 Beqnorum:
834 2801 865 2825 v.
888 2799 902 2825 1
923 2789 1015 2835 Reg.
1031 2788 1082 2825 ix.
1099 2799 1134 2825 2.

456 2860 521 2902 298
