1878 3172
123 112 126 113 ἦ
153 155 234 194 392
254 145 282 183 b
625 139 885 184 10ANN1s
926 137 1438 183 sARESBERIENSIs
1617 137 1764 198 [mm

299 261 464 305 bellum
502 260 685 304 credant
724 259 878 303 bestiis
917 258 1229 302 indicendum?
1300 257 1387 301 Eas
1425 261 1575 301 tamen
1609 259 1763 302 mitius

298 333 637 388 persequuntur,
661 344 761 372 cum
795 329 955 386 quibus
990 328 1234 369 humanum
1263 342 1404 384 genus
1433 327 1584 378 iustas,
1611 342 1763 370 earum

300 401 504 457 exigente
524 399 708 449 malitia,
729 400 903 440 exercet
923 397 1190 440 inimicitias.
1250 396 1414 453 Lupus,
1435 397 1603 453 uulpes,
1622 411 1764 448 ursus,

300 475 345 513 et
361 483 660 526 quaecumque
681 467 777 510 fera
796 467 1023 510 nocentior
1038 469 1116 517 est,
1132 467 1179 508 in
1194 466 1382 508 aliarum
1398 466 1583 523 quiescit
1598 481 1764 518 occasu,

301 542 346 582 et
366 539 541 581 solitam
562 552 762 580 exercere
789 537 1007 579 malitiam
1027 537 1075 578 in
1094 538 1358 579 uenatorum
1386 535 1498 579 facie
1528 550 1618 579 non
1642 550 1764 578 uere·
1785 553 1802 587 5

300 611 388 651 tur.
460 607 620 649 Fertur
653 606 879 649 Hannibal
915 605 1120 649 occidisse
1153 605 1415 655 Romanum,
1447 605 1524 662 qui
1555 604 1765 647 mandato

301 677 396 720 eius
441 677 655 733 singulari
702 676 941 719 certamine
980 677 1255 731 percusserat
1295 674 1585 731 elephantem,
1618 673 1766 717 dicens

303 761 403 789 eum
424 746 654 802 indignum
677 746 785 797 uita,
802 745 877 801 qui
899 744 995 801 cogi
1015 746 1222 800 potuerat
1243 758 1343 786 cum
1362 743 1515 786 bestiis
1535 742 1767 794 dimicare;

262 828 287 857 c
304 816 406 858 licet
435 816 584 858 uerius
613 815 672 857 sit
702 829 801 857 eum
829 829 885 856 ex
911 813 1083 855 inuidia
1106 813 1297 855 noluisse
1321 812 1548 870 captiuum
1575 811 1767 854 inauditi

303 885 519 941 triumphi
543 884 685 941 gloria
709 883 937 934 illustrari,
963 885 1008 925 et
1034 881 1244 924 infamari
1271 882 1447 934 bestias,
1468 896 1656 938 quarum
1676 881 1766 924 uir·
1787 897 1829 921 10

303 957 399 997 tute
430 954 636 1010 gentibus
660 956 873 995 terrorem
902 953 1158 995 incusserat.
1219 951 1447 1004 Quomodo
1477 966 1582 1008 ergo
1606 951 1768 1008 dignus

303 1026 370 1066 est
390 1023 498 1074 uita,
520 1023 595 1079 qui
616 1023 753 1065 nichil
774 1022 896 1064 aliud
920 1022 967 1063 in
992 1021 1090 1064 uita
1109 1021 1248 1071 nouit,
1269 1020 1356 1063 nisi
1380 1020 1595 1063 uanitatis
1620 1020 1768 1063 studio

303 1092 473 1134 saeuire
493 1092 541 1133 in
561 1091 754 1134 bestias?

362 1161 482 1213 Quos
502 1175 607 1203 uero
628 1161 792 1217 species
819 1160 896 1202 illa
922 1159 1172 1202 uenationis
1191 1158 1394 1210 oblectat,
1413 1161 1466 1201 ut
1485 1173 1590 1202 aues
1609 1159 1768 1202 auibus

304 1231 606 1287 insequantur,
628 1230 665 1272 si
686 1233 835 1273 tamen
860 1230 941 1272 hoc
968 1243 1108 1285 genus
1135 1228 1312 1285 aucupii
1342 1228 1569 1271 uenationi
1593 1243 1769 1271 censeas
1789 1245 1828 1279 15

304 1299 639 1351 adnectendum,
671 1299 839 1341 mitiori
879 1298 1056 1354 quidem
1094 1300 1319 1340 uexantur
1352 1297 1536 1349 insania,
1571 1298 1648 1340 sed
1679 1312 1768 1341 non

306 1368 465 1425 impari
486 1368 681 1411 leuitate.
741 1368 956 1410 Venatica
971 1371 1064 1409 tam
1080 1366 1302 1409 terrestris
1318 1381 1451 1422 quam
1467 1367 1586 1409 aeria
1602 1370 1770 1423 quanto

307 1437 498 1488 solidior,
514 1439 641 1479 tanto
662 1435 931 1478 fructuosior
950 1438 1029 1479 est.
1087 1435 1326 1478 Auctorem
1346 1436 1645 1492 occupationis
1665 1451 1770 1479 suae

306 1506 363 1547 ab
393 1505 589 1561 antiquis
619 1505 817 1547 historiis
841 1505 1017 1546 Vlixem
1048 1504 1294 1561 proferunt,
1324 1505 1399 1561 qui
1427 1505 1599 1562 primus
1623 1506 1770 1548 excisa

307 1575 437 1617 Troia
456 1577 649 1616 armatas
668 1588 773 1616 aues
800 1574 955 1616 attulit
976 1574 1195 1624 Graeciae,
1215 1589 1325 1630 quas
1354 1574 1482 1616 suaui
1507 1574 1698 1630 quadam
1725 1578 1770 1618 et
1790 1587 1832 1612 ²0

309 1646 438 1700 grata
472 1643 763 1685 admiratione
797 1643 1058 1695 uidentium,
1085 1643 1133 1685 in
1166 1643 1343 1700 cognati
1374 1644 1548 1700 generis
1582 1644 1771 1687 exitium

265 1713 294 1752 cl
312 1712 540 1756 animauit.
598 1711 682 1754 Isti
713 1712 890 1768 quidem
918 1727 1079 1769 magno
1110 1727 1155 1755 se
1185 1715 1370 1755 tuentur
1398 1712 1554 1765 iudice,
1582 1716 1628 1755 et

425 1797 502 1854 qui
530 1812 673 1840 mores
701 1798 930 1840 hominum
959 1798 1201 1841 multorum
1230 1798 1347 1841 uidit
1377 1801 1422 1842 et
1450 1798 1593 1849 urbes,

309 1878 434 1920 cuius
472 1877 711 1934 prudentia
747 1877 882 1920 nullis
921 1878 1069 1934 potuit
1107 1878 1280 1921 insidiis
1319 1878 1609 1935 supplantari,
1647 1879 1773 1922 cuius

309 1947 554 1990 tendiculas
584 1961 712 1989 nemo
741 1947 936 1989 hostium
967 1947 1216 2004 indempnis
1246 1948 1401 2003 euasit,
1429 1948 1555 1991 cuius
1584 1948 1773 2005 denique
1793 1969 1809 1991 2
1815 1968 1833 2002 5

310 2016 490 2058 inermis
509 2015 671 2057 militia
690 2015 877 2058 ulterius
897 2016 1120 2072 promouit
1140 2016 1406 2059 Graecorum
1425 2017 1624 2074 gloriam,
1640 2032 1772 2074 quam

309 2085 430 2127 mille
450 2084 614 2126 ratium
635 2086 807 2126 armata
826 2085 1078 2128 multitudo.
1135 2085 1222 2128 Sed
1243 2089 1289 2128 et
1308 2086 1401 2142 ipse
1421 2086 1554 2129 huius
1575 2086 1789 2129 exercitii

311 2153 481 2197 Circem
500 2153 654 2195 laudat
673 2156 908 2209 auctorem,
929 2169 1041 2210 quae
1069 2155 1337 2198 carminibus
1361 2158 1406 2198 et
1432 2155 1599 2212 poculis
1619 2155 1774 2198 huma-

311 2237 391 2265 nas
420 2225 590 2264 mentes
619 2222 783 2264 dicitur
811 2223 1079 2278 immutasse,
1104 2238 1155 2266 eo
1185 2224 1302 2280 quod
1333 2226 1428 2266 arte
1457 2224 1705 2279 uerborum,
1729 2226 1774 2266 et

312 2307 458 2334 rerum
485 2291 631 2348 gratia
661 2291 856 2335 alliceret
882 2295 1052 2335 mentes
1078 2293 1319 2348 hominum,
1345 2295 1390 2336 et
1417 2307 1521 2336 suae
1550 2293 1774 2336 uoluntati
1793 2310 1833 2344 30

1258 2406 1318 2438 (uel
1330 2403 1541 2438 aucupationis)

313 2449 334 2473 2
359 2439 604 2484 persecuntur
627 2438 667 2473 M
814 2449 837 2483 4
861 2438 994 2475 nocior
1010 2439 1051 2475 M
1200 2441 1242 2476 18
1268 2439 1527 2485 occupationis
1553 2437 1577 2475 S
1730 2449 1774 2485 19

312 2484 486 2532 hystoriis
503 2485 542 2519 M
650 2496 695 2530 23
716 2491 796 2531 post
808 2486 917 2522 urbes
933 2489 1017 2522 add.
1035 2488 1086 2523 ed.
1100 2499 1160 2532 pr.
1178 2487 1245 2532 qui
1261 2498 1350 2524 aues
1366 2486 1497 2523 auibus
1513 2486 1775 2531 insequuntur,

312 2531 411 2567 Audi
427 2534 614 2576 quantum
631 2532 775 2569 attollit
793 2533 934 2570 ulixem
951 2534 1059 2570 dares
1075 2533 1179 2570 cuius
1197 2539 1257 2570 etc.
1352 2544 1397 2579 24
1414 2532 1658 2579 prouidentia.
1674 2532 1715 2568 M

360 2625 383 2660 6
407 2624 542 2659 Fertur
563 2625 773 2660 Hannibal:
798 2637 831 2660 v.
856 2624 954 2660 Plin.
979 2627 1029 2661 H.
1053 2627 1099 2661 N.
1116 2624 1193 2661 viii.
1219 2633 1252 2668 7.
1382 2634 1426 2669 23
1451 2625 1516 2671 qui
1538 2635 1653 2660 mores
1677 2625 1773 2660 εἴας

314 2670 406 2706 Hor.
433 2672 478 2706 Α.
504 2673 544 2706 Ρ.
575 2681 650 2715 142.
711 2671 812 2715 Quae
838 2671 880 2707 in
909 2672 1140 2708 editionibus
1166 2670 1433 2708 vetustioribus
1461 2671 1523 2707 hic
1552 2673 1774 2716 sequuntur,

314 2719 416 2754 Audi
432 2723 606 2763 quantum
623 2720 753 2753 attollit
771 2720 911 2754 Vliaeem
924 2721 1042 2755 Dares
1054 2731 1129 2756 sese
1144 2731 1164 2756 e
1182 2718 1308 2756 nescio
1326 2718 1430 2754 cuius
1448 2718 1588 2754 codicis
1604 2718 1775 2765 margine

314 2765 355 2801 in
373 2767 521 2800 textum
538 2764 746 2802 insinuasse
763 2765 940 2812 suspicor.
988 2766 1083 2803 Vide
1101 2767 1188 2803 Dar.
1205 2768 1248 2802 de
1263 2767 1419 2802 Excidio
1439 2767 1569 2802 Troiae
1586 2777 1618 2802 c.
1639 2775 1698 2813 13ι

427 2845 469 2879 ,24
