1820 3138
810 107 1259 152 PROLEGOMENA

303 223 482 267 Ricardi
509 236 657 280 nepos,
686 222 855 266 Leolini
889 222 1092 279 abnepos,
1121 237 1177 265 ex
1205 222 1414 279 parochia
1442 221 1685 265 Lantoniae
1713 221 1762 264 in

302 293 516 337 comitatu
554 291 891 344 Herefordensi;
940 305 1052 349 quae
1090 294 1241 334 tamen
1279 291 1499 334 Lantonia
1539 291 1670 334 hodie
1714 291 1763 334 in

302 365 517 408 comitatu
556 361 879 406 Monumetensi
912 363 1157 417 reputatur.
1218 360 1286 402 Ex
1321 360 1482 403 litteris
1515 359 1762 404 initialibus

302 434 452 491 pulcre
471 432 676 477 coloratis
695 431 930 474 nonnullas
950 430 1137 473 exscidit
1156 430 1301 473 nescio
1317 430 1416 486 quis
1435 430 1566 473 homo
1580 430 1763 474 scelera-

303 506 391 547 tus.
451 502 583 545 Hunc
612 501 815 551 codicem,
835 500 912 557 qui
935 514 1035 543 cum
1065 499 1445 543 Malmesburiensi
1467 498 1561 542 fere
1583 499 1763 543 omnino

300 572 525 623 conuenit,
543 574 720 615 tantum
742 570 799 613 ad
818 583 979 627 paucos
999 569 1115 612 locos
1134 568 1312 612 contuli.

363 642 397 684 P
442 640 761 699 (Pontiniacus)
788 659 830 677 =
858 639 1003 682 Schol.
1053 638 1168 682 Med,
1213 638 1622 695 Montepessulanae
1669 638 1763 682 cod.

304 711 398 755 MS.
423 713 494 754 60.
555 710 912 753 Membranaceus
941 722 1049 751 saec.
1074 708 1138 750 xii
1168 710 1248 752 aut
1276 708 1424 765 potius
1452 722 1562 751 saec.
1585 707 1668 751 xiii
1696 707 1763 750 in-

304 781 451 825 euntis
485 782 553 823 est
589 779 727 823 codex
764 779 812 820 in
851 777 969 821 folio.
1039 778 1296 834 Descriptus
1333 780 1401 821 est
1438 777 1486 819 in
1528 776 1766 834 Gataloyue

309 850 500 894 Ge‘miral
523 850 597 893 des
619 849 747 892 MSS.
768 848 841 891 des
867 847 982 891 Bibl.
1005 846 1152 897 Publ„
1179 846 1254 890 des
1282 846 1388 902 Dep.
1412 846 1521 890 tomi
1540 846 1569 897 i,
1588 861 1628 890 a.
1653 847 1763 902 1849
1818 895 1820 898 ¹

305 919 478 976 editi,p.
496 932 591 975 309.
651 917 978 960 Policraticum
998 916 1092 959 sine
1108 916 1340 960 Enthetico
1359 915 1416 959 in
1434 915 1765 960 Policraticum

305 988 515 1032 continet.
573 987 806 1030 Librorum
833 989 933 1044 post
952 985 988 1038 Ι,
1008 986 1058 1028 II
1083 986 1212 1043 longe
1235 985 1451 1029 recentior
1469 999 1548 1029 nec
1567 986 1765 1028 omnium

305 1058 457 1101 eadem
487 1056 706 1114 scriptura
735 1071 827 1099 esse
855 1055 1048 1099 uidetur.
1116 1055 1172 1098 In
1201 1055 1313 1098 fine:
1354 1054 1485 1098 Mber
1512 1069 1587 1098 sce.
1617 1055 1766 1099 'marie
1816 1050 1820 1089 ἶ

305 1126 582 1183 pontiniaci.
631 1125 789 1169 Finito
809 1125 926 1169 libro
944 1125 1201 1168 reddantur
1219 1124 1334 1168 iura
1351 1124 1581 1181 mayistro.
1631 1125 1766 1168 Hunc
1816 1152 1820 1161 ι

304 1210 444 1253 usque
472 1195 531 1238 ad
559 1195 691 1238 finem
721 1194 823 1237 libri
848 1194 897 1236 ΙΙ
926 1195 974 1236 in
1002 1193 1268 1237 bibliotheca
1291 1193 1433 1237 Schol.
1459 1194 1574 1238 Med.
1593 1194 1763 1237 Monte·
1816 1195 1820 1247 j

306 1264 565 1322 pessulanae
603 1263 770 1307 contuli
811 1265 857 1306 et
887 1263 1025 1306 codici
1057 1263 1359 1306 Suessionensi
1391 1277 1491 1306 cum
1523 1263 1633 1306 alias
1666 1266 1763 1306 tum
1816 1261 1818 1296 ἶ

306 1335 442 1378 etiam
481 1333 625 1390 quoad
663 1333 844 1375 nomina
881 1335 1112 1375 auctorum
1148 1332 1284 1389 (inter
1324 1346 1433 1389 quos
1471 1334 1539 1376 est
1578 1331 1766 1376 Catulus

307 1403 566 1454 Parmensis,
586 1402 641 1445 de
667 1416 753 1459 quo
779 1402 826 1444 in
847 1402 870 1458 ᾧ
890 1413 917 1458 5
949 1401 1083 1458 infra)
1107 1416 1219 1459 quae
1242 1401 1290 1444 in
1317 1402 1516 1459 margine
1542 1402 1766 1460 adscripta
1818 1396 1820 1407 ¹

308 1476 425 1523 sunt,
444 1471 717 1515 simillimum
737 1486 830 1514 esse
850 1470 1014 1515 inueni.
1787 1474 1794 1479 '

366 1541 550 1583 Manent
574 1540 742 1584 codices
770 1540 858 1583 duo
885 1555 995 1596 quos
1023 1540 1197 1597 inspexi
1225 1542 1414 1592 tantum,
1443 1539 1519 1583 sed
1547 1555 1765 1598 nusquam
1819 1586 1820 1589 ,

307 1610 355 1652 in
375 1612 593 1667 apparatu
612 1609 764 1653 critico
783 1609 1050 1652 conficiendo
1069 1609 1252 1651 adhibui
1269 1626 1337 1653 :—

367 1679 476 1722 Brit.
498 1679 611 1723 Mus.
629 1679 734 1736 Reg.
758 1692 806 1722 12
827 1679 872 1721 F.
890 1679 969 1721 viii
989 1679 1127 1722 codex
1146 1693 1256 1722 saec.
1271 1679 1354 1722 xiii
1374 1678 1581 1722 ineuntis.
1625 1679 1764 1723 Manu

308 1748 504 1791 eiusdem
537 1748 712 1799 saeculi,
746 1748 985 1791 recentiore
1019 1751 1179 1798 tamen,
1213 1751 1314 1805 post
1347 1747 1451 1790 libri
1485 1747 1560 1790 III
1594 1749 1763 1806 capitu·
1818 1791 1820 1795 ,

308 1818 452 1860 lorum
482 1817 697 1861 indicem·
731 1817 863 1860 Liber
892 1817 946 1861 de
974 1817 1168 1860 claustro
1197 1817 1376 1874 roffensi
1400 1832 1486 1874 per
1514 1817 1767 1861 Ierardwm
1812 1812 1820 1892 {³

308 1887 597 1930 monacham.
671 1886 879 1943 Capitula
918 1886 1041 1929 Libri
1075 1886 1099 1929 I
1139 1886 1270 1930 aliter
1308 1901 1441 1944 quam
1479 1887 1613 1931 ceteri
1653 1901 1762 1944 quos
1815 1878 1820 1930 Ξ

309 1956 483 2012 inspexi
504 1955 673 1999 codices
692 1955 905 2033 disposita
924 1956 1072 2000 habet.
1816 1951 1820 2001 Ξ

369 2025 667 2068 Bibliothecae
694 2025 839 2082 regiae
864 2025 1137 2068 Monacensis
1160 2025 1297 2068 codex
1324 2025 1421 2068 Lat.
1442 2025 1522 2082 631
1550 2026 1765 2069 membra·
1815 2006 1820 2033 ¹

310 2109 471 2137 naceus
504 2094 552 2136 in
586 2096 755 2150 quarto,
792 2094 976 2137 saeculis
1016 2095 1191 2137 xii-xiv
1230 2095 1431 2152 scriptus.
1490 2094 1622 2138 Liber
1659 2095 1766 2138 olim

311 2163 402 2206 fuit
433 2163 489 2206 H.
521 2163 738 2206 Schedelii
767 2163 879 2206 ciuis
909 2163 1303 2221 Nurembergensis
1334 2164 1411 2221 qui
1446 2164 1558 2207 obiit
1584 2179 1621 2207 a.
1654 2165 1766 2222 1485

311 2233 373 2289 (v.
393 2232 515 2275 Voss.
547 2232 602 2275 de
629 2232 749 2275 Hist.
779 2233 877 2275 Lat.
908 2233 968 2275 iii.
1000 2234 1027 2275 6
1057 2233 1104 2274 in
1140 2233 1204 2276 ed.
1236 2233 1346 2289 Opp.
1376 2233 1619 2276 Amstelod.
1654 2237 1765 2290 1699

311 2304 343 2344 t.
370 2301 428 2352 iv,
457 2315 498 2357 p.
523 2303 631 2356 1783
665 2301 976 2358 Doppelmayr‚
1008 2301 1128 2345 Hist.
1164 2301 1327 2346 Nach‘r.
1363 2315 1449 2345 von
1481 2302 1570 2344 den
1603 2302 1764 2345 Νᾶφη-

312 2368 559 2425 beryischen
573 2370 833 2413 Kunstlern
845 2370 1055 2413 Nuremb.
1076 2381 1124 2426 17
1129 2383 1199 2427 30,
1211 2370 1339 2427 p.181
1356 2385 1418 2421 n.;
1447 2370 1613 2422 Zedler,
1636 2370 1767 2416 Vm'v.

311 2437 413 2480 Lex.
449 2438 603 2480 xxxiv,
641 2439 747 2480 1061
791 2439 908 2497 seq.).
968 2439 1023 2482 In
1061 2439 1370 2482 bibliothecam
1408 2441 1515 2482 tunc
1554 2439 1765 2493 ducalem,
1793 2474 1796 2478 ,

312 2506 442 2549 hodie
470 2509 619 2549 autem
646 2507 821 2564 regiam,
842 2522 879 2551 a.
906 2509 1014 2551 1618
1042 2507 1263 2565 migrauit.
1322 2507 1468 2549 Huius
1494 2506 1602 2550 folia
1622 2510 1766 2565 34-61
1812 2544 1813 2550 ,

312 2577 520 2631 excerpta
539 2590 595 2617 ex
614 2574 884 2619 Policratz'co
904 2591 1039 2619 manu
1059 2576 1220 2619 saeculi
1242 2576 1334 2626 xiii,
1354 2575 1401 2617 ni
1422 2575 1563 2627 fallor,
1583 2580 1767 2621 exarata
1809 2586 1813 2594 ’

313 2643 535 2686 exhibent.
596 2643 927 2687 Policraticwm
950 2645 1062 2688 uelle
1092 2645 1234 2687 dicere
1260 2646 1313 2687 de
1335 2644 1608 2700 pluralitate
1636 2645 1767 2690 iudi-

312 2712 492 2756 ciorum
518 2711 726 2768 opinatur
752 2716 993 2769 excerptor.
1052 2713 1261 2758 Catulum
1289 2713 1566 2757 Parmensem
1585 2714 1658 2771 (de
1679 2729 1766 2772 quo

428 2795 508 2824 xvi

1810 2867 1820 2979 Ξ
