1878 3172
113 169 214 203 car.
228 160 321 216 vn]
628 158 1029 204 POLICRATICV
1030 160 1063 203 S
1583 172 1670 212 ⁴04
1689 163 1719 202 b

111 279 428 336 imperatorum
462 278 539 322 sed
570 279 798 322 hominum
826 278 1089 330 fedissimas,
1109 279 1186 336 qui
1219 279 1330 323 adeo
1360 280 1570 324 scribitur

110 350 267 404 captus
313 347 553 391 amenitate
603 347 734 397 uocis,
773 352 826 390 ut
868 362 958 390 non
1006 348 1137 391 modo
1184 349 1326 405 pomis
1372 349 1568 406 cibisque

110 417 370 460 nocentibus
402 418 656 467 abstineret,
689 417 766 460 sed
805 417 899 460 eius
936 417 1084 475 gratia
1115 419 1440 463 conseruandae
1479 419 1566 463 fre-

109 486 265 541 quenti
293 486 485 530 clisterio
513 486 771 542 uomituque
798 490 1075 543 purgaretur,
1101 486 1440 544 plumbeamque
1473 503 1566 532 car-

39 555 45 559 '
72 570 93 605 5
110 554 294 597 thellam
332 555 491 612 supino
528 558 685 598 uentre
731 555 942 598 mandato
985 555 1268 612 physicorum
1307 557 1482 614 saepius
1520 561 1567 600 et

109 621 280 666 diutius
309 624 558 666 sustineret,
615 623 739 666 Adeo
771 638 878 666 uero
916 623 1219 667 delectabatur
1255 625 1303 667 in
1336 629 1482 675 cantu,
1514 630 1567 669 ut

110 706 191 734 nec
228 692 405 735 theatro
442 696 586 736 terrae
625 696 749 736 motu
787 707 1007 745 concusso,
1039 708 1140 736 cum
1179 694 1313 737 semel
1351 699 1565 752 coeperat,
1582 705 1631 734 c·

109 761 403 818 egrederetur,
435 765 673 818 antequam
706 762 912 805 inchoata
948 763 1108 806 finiret.
1168 763 1262 807 Nec
1300 779 1565 821 quemquam

109 830 260 887 egredi
298 845 349 873 eo
386 835 594 874 cantante
632 831 801 874 licitum
843 835 951 875 erat.
1017 832 1144 875 Vnde
1183 833 1380 890 plerique
1419 835 1566 877 affecti

52 910 95 935 ιο
110 899 230 942 tedio
247 899 456 942 audiendi
475 900 683 943 simulato
706 900 861 943 funere
885 901 991 943 elati
1014 905 1130 944 sunt.
1189 902 1355 947 Milites
1381 918 1566 960 quoque,

108 967 195 1010 nisi
224 967 312 1010 alio
340 968 477 1010 uerba
505 969 832 1024 pronuntiante,
860 983 950 1011 non
978 970 1255 1026 appellabat3
1295 986 1374 1014 nec
1405 972 1566 1028 agebat

108 1036 343 1093 quiequam
377 1037 491 1080 serio
529 1037 689 1087 iocoue,
723 1038 831 1094 quin
862 1039 1109 1094 phonascus
1141 1043 1319 1090 astaret,
1353 1041 1430 1097 qui
1464 1055 1566 1083 eum

107 1105 200 1148 suis
232 1105 408 1148 arteriis
434 1120 612 1162 pamere
640 1107 904 1150 hortaretur.
911 1096 1365 1151 ‘Tnstmmentorum
1395 1124 1568 1166 quoque

107 1174 427 1217 curiosissimus
456 1179 564 1229 erat,
583 1179 636 1218 ut
663 1190 813 1218 eorum
842 1176 1047 1232 peritiam
1076 1177 1176 1219 aliis
1202 1177 1433 1228 inuideret,
1459 1178 1569 1221 adeo

50 1256 93 1291 ιε
110 1246 164 1285 ut
195 1243 371 1300 publico
403 1244 657 1287 testimonio
687 1259 734 1287 se
768 1245 1043 1288 citharedum
1076 1245 1319 1303 principem
1352 1247 1568 1304 gauderet

108 1312 332 1370 appellari.
389 1313 516 1356 Vnde
534 1313 670 1356 illud:

568 1388 810 1432 Citharedo
838 1389 1037 1446 principe
1066 1393 1200 1432 natus

338 1445 522 1489 nobilis.
561 1447 668 1489 haec
696 1447 817 1489 ultra
845 1447 953 1503 quid
980 1447 1067 1490 erit
1096 1448 1182 1490 nisi
1212 1448 1373 1492 ludus?

106 1518 163 1561 In
191 1522 320 1563 tanta
352 1535 525 1577 quoque
558 1521 671 1564 mole
702 1521 876 1578 imperii
909 1536 1082 1564 omnem
1112 1537 1293 1579 perosus
1320 1526 1389 1566 est
1415 1524 1564 1581 graui·
1580 1523 1610 1562 d

50 1607 93 1631 ιο
107 1590 257 1632 tatem.
315 1589 641 1646 Philosophiam
670 1604 934 1668 persequens
963 1591 1089 1647 quasi
1117 1591 1363 1635 maiestatis
1391 1593 1565 1649 imperii

107 1657 343 1708 inimicam,
366 1661 412 1701 et
437 1659 693 1701 nobiliora
679 1660 858 1716 ingenia
883 1660 1054 1703 ueritus
1077 1675 1124 1703 se
1150 1661 1343 1704 consiliis
1366 1662 1566 1706 subdidit

106 1726 383 1777 histrionum,
398 1741 584 1783 quorum
603 1728 697 1784 ipse
716 1743 805 1770 non
820 1729 998 1771 erubuit
1012 1729 1334 1786 turpitudinem
1350 1745 1564 1774 exercere.

108 1794 226 1838 Hinc
245 1795 380 1838 illud:

337 1863 465 1916 Quod
494 1879 583 1906 non
614 1864 724 1907 dant
752 1880 963 1922 proceres,
992 1866 1120 1909 dabit
1148 1867 1317 1910 histrio.

46 1966 89 2000 ²5
106 1942 220 1986 Cum
249 1957 356 1985 uero
387 1947 501 1985 esset
528 1944 725 1985 omnium
754 1945 1051 1995 auarissimm,
1076 1946 1186 1989 adeo
1211 1950 1263 1989 ut
1289 1947 1401 1989 nulli
1427 1948 1564 2004 quod-

107 2026 294 2067 cumque
313 2011 504 2054 officium
531 2012 766 2068 delegaret,
787 2014 894 2069 quin
913 2018 1272 2070 prosequeretur:
1297 2015 1428 2058 Nosti
1456 2017 1564 2072 quid

106 2080 242 2123 michi
266 2094 378 2136 opus
400 2081 487 2131 sit;
516 2084 596 2122 aut
626 2081 736 2123 illud
766 2082 1005 2124 subiceret:
1033 2083 1120 2135 Qui
1144 2084 1348 2126 omnibus
1377 2088 1563 2140 praeest,

104 2149 309 2192 omnibus
341 2148 534 2205 indiget:
578 2152 727 2192 tamen
766 2150 1054 2194 histrionibus
1093 2155 1138 2194 et
1171 2153 1318 2195 mimis
1355 2154 1564 2209 pecunias

104 2217 303 2260 infinitas
331 2232 510 2274 erogare
539 2232 628 2260 non
656 2219 950 2275 grauabatur3
979 2220 1187 2277 singulos,
1215 2225 1348 2277 prout
1377 2222 1561 2278 quisque

46 2307 90 2340 3⁰
104 2287 341 2344 placuerat,
361 2286 654 2342 amplissimae
681 2287 914 2344 dignitatis
942 2289 1119 2331 nomine
1144 2289 1425 2342 subornabat,
1451 2291 1562 2335 alios

103 2355 325 2413 patricios,
357 2353 467 2397 alios
504 2359 727 2398 senatores
765 2356 924 2407 dicens,
956 2357 1038 2399 hos
1072 2357 1313 2401 illustrium
1346 2361 1559 2417 spectabi-

103 2425 270 2467 liumue
287 2423 540 2467 nominibus
559 2424 821 2467 illustrabat.

107 2547 126 2585 5
150 2538 381 2585 phisicorum
398 2538 459 2574 CB
636 2547 676 2584 15
702 2539 950 2584 cytharedum
966 2538 1103 2575 CBAM
1278 2550 1320 2586 17
1346 2541 1560 2588 Cytharedo

105 2586 243 2622 CBAM
353 2597 400 2622 20
422 2585 715 2631 Phylosophiam
733 2586 761 2622 C
873 2596 917 2622 22
941 2586 1181 2633 hystrionum
1199 2587 1233 2622 A
1343 2600 1388 2634 24
1413 2590 1559 2636 hystrio

105 2632 146 2668 M
287 2634 333 2669 28
356 2632 612 2679 hystrionibus
629 2632 669 2667 M

154 2733 196 2768 17
221 2726 400 2762 citharedo
415 2727 510 2762 etc.:
535 2725 613 2761 Iuv.
630 2726 705 2761 Sat.
721 2723 799 2760 viii
821 2725 898 2771 198,
919 2734 995 2770 199.
1093 2735 1139 2770 24
1160 2727 1255 2772 quod
1269 2738 1341 2763 non
1359 2729 1454 2764 eta:
1478 2728 1557 2764 Iuv.

103 2773 178 2808 Sat.
194 2771 257 2807 vii.
275 2782 333 2818 90.

1404 2854 1449 2887 4⁵
