1878 3172
64 188 166 223 ou.
181 175 231 237 x]
584 173 1018 220 POLICRATICVS
1536 179 1625 222 495
1641 179 1679 210 a·

65 297 128 341 510
170 301 311 342 morte
355 297 481 355 quasi
526 311 710 354 sompno
749 296 944 339 resoluta
988 298 1067 338 051.
1138 293 1260 337 Ρ51111
1303 291 1519 348 siquidem
1538 301 1571 330 a

64 367 259 424 Augusti
303 367 514 410 mandato
558 366 760 416 adhibiti,
794 365 870 422 qui
915 364 1133 407 malitiam
1175 362 1335 406 ueneni
1378 361 1522 404 solent

65 436 230 493 linguis
249 436 441 486 educere,
457 450 508 478 eo
534 435 651 492 quod
678 449 774 478 sero
793 434 940 478 uocati
968 436 1124 483 essent,
1144 446 1270 489 opem
1295 431 1412 473 ferre
1430 444 1521 472 non

64 505 313 549 ualuerunt.
370 505 519 562 Digna
552 504 729 561 quidem
769 504 830 546 510
868 503 1012 560 perire
1044 501 1257 544 meretrix
1290 513 1523 548 uenenosa,

28 590 49 624 5
65 578 173 618 nata
209 589 352 618 mores
382 588 658 631 corrumpere
691 572 991 628 nobiliumque
1024 571 1222 614 uirorum
1261 569 1522 626 pudicitiam

66 658 331 702 expugnare.
404 642 607 686 Profecto
649 646 781 685 antea
829 641 1006 699 regibus
1056 641 1364 697 imperauerat,
1403 640 1522 694 post-

66 713 245 756 modum
282 712 443 755 misera
481 726 560 755 nec
602 710 863 754 miserabilis
902 710 986 753 sibi
1026 709 1142 752 forte
1179 708 1410 765 tragicum,
1445 705 1522 748 sed

66 773 265 824 Romano
292 781 489 838 imPerio,
513 779 629 836 quod
653 780 908 822 subuertere
930 778 1205 828 moliebatur,
1228 777 1361 819 finem
1391 775 1523 819 comi-

66 865 168 894 cum
202 849 322 893 fecit.
390 850 517 893 Inter
547 852 692 892 cetera
725 848 982 892 clarioribus
1016 846 1209 904 Augusti
1240 845 1386 889 titulis
1420 859 1522 888 con·

27 934 52 958 ο
66 922 327 962 numeratur
347 918 464 975 quod
483 918 531 960 111
550 921 703 961 tantae
722 918 859 974 pestis
878 931 1112 974 congressu
1132 915 1296 958 mansit
1315 914 1523 957 inuictus,

68 988 386 1031 Verumtamen
424 987 471 1029 in
506 987 709 1043 Scipione
740 986 963 1029 Affricano
1002 985 1170 1042 aliquid
1209 999 1298 1026 non
1336 982 1524 1025 inferius

67 1056 307 1106 inuenitur,
338 1056 415 1112 qui
454 1059 554 1113 post
594 1055 862 1112 singularem
902 1055 958 1097 de
996 1053 1248 1096 Hannibale
1291 1052 1524 1096 uictoriam

68 1125 305 1182 singularis
331 1124 627 1168 continentiae
654 1124 826 1180 insigne
855 1123 1135 1180 praeconium
1164 1122 1338 1164 meruit.
1399 1121 1523 1163 Han-

68 1192 190 1235 nibal
228 1206 418 1249 namque
466 1193 762 1235 Romanorum
811 1192 968 1235 cecidit
1010 1190 1253 1233 exercitum
1290 1203 1429 1245 usque
1467 1188 1524 1230 ad
1542 1189 1572 1228 b

32 1279 52 1314 5
70 1261 265 1304 hostium
303 1262 565 1312 satietatem,
604 1264 649 1304 et
688 1261 823 1304 donec
868 1260 1139 1317 praeciperet
1183 1258 1315 1300 militi
1355 1272 1434 1300 suo
1473 1260 1526 1299 ut

20 1335 35 1391 ξ
71 1330 143 1372 uel
172 1330 292 1373 ferro
318 1333 530 1387 parceret.
589 1330 655 1372 De
686 1344 909 1372 caesorum
940 1328 1227 1371 cadaueribus
1255 1327 1303 1368 in
1330 1329 1526 1369 torrente

69 1399 250 1457 Vegello
272 1413 382 1456 pons
405 1399 571 1442 solidus
596 1399 742 1442 factus
769 1401 836 1441 est
864 1398 1046 1441 uictoris
1067 1398 1201 1440 iussu.
1262 1396 1362 1439 Duo
1389 1396 1526 1438 modii

69 1468 302 1511 anulorum
345 1467 628 1525 Cartaginem
674 1468 796 1510 missi
840 1470 957 1519 sunt,
998 1467 1116 1510 unde
1160 1466 1350 1508 Martem
1395 1479 1525 1507 suum

70 1536 223 1580 Libiae
269 1537 513 1593 praesidem
562 1552 694 1580 aureo
742 1537 880 1593 clipeo
929 1536 985 1579 ob
1027 1536 1244 1593 insignem
1293 1534 1526 1576 uictoriam

71 1606 318 1656 honoraret,
341 1609 540 1662 essetque
562 1605 849 1662 proculdubio
875 1609 982 1648 tunc
1003 1605 1144 1654 Roma
1171 1604 1288 1646 diem
1318 1602 1527 1645 ultimum

70 1674 292 1727 habitura,
312 1675 351 1718 si
371 1675 596 1717 Hannibal
616 1674 982 1733 quemadmodum
1002 1674 1177 1716 uincere
1196 1673 1257 1715 510
1278 1675 1323 1714 01
1341 1671 1528 1714 uictoria

24 1800 27 1802 μ
71 1743 141 1786 1111
179 1743 322 1787 sciret.
398 1744 454 1787 In
492 1744 735 1787 uindictam
776 1744 963 1786 istorum
1002 1757 1029 1785 a
1067 1745 1224 1784 senatu
1262 1741 1422 1783 missus
1460 1743 1528 1783 est

27 1847 29 1850 .
71 1811 220 1869 Scipio
248 1812 509 1864 Affricanus,
539 1813 616 1869 qui
645 1828 672 1855 a
701 1813 895 1855 Pireneis
928 1812 1153 1855 montibus
1186 1811 1243 1853 ad
1271 1810 1527 1866 columpnas

26 1908 27 1911 =
72 1879 277 1924 Herculis
307 1884 353 1924 et
387 1881 632 1924 Occeanum
663 1896 802 1958 usque
835 1884 963 1924 tanta
1001 1880 1214 1923 felicitate
1252 1879 1526 1936 prouinciam

35 1965 56 2000 5
72 1949 351 2006 recuperauit
369 1950 586 2001 amissam,
598 1952 651 1991 ut
669 1950 750 1991 uix
769 1950 934 1992 sciatur
948 1949 1079 1992 citius
1091 1963 1148 1991 an
1164 1948 1338 1990 facilius
1357 1947 1527 1990 uicerit.

73 2017 162 2071 Qui
181 2018 315 2060 etiam
334 2018 533 2074 captiuos
551 2032 708 2074 pueros
724 2021 769 2060 et
788 2018 956 2074 puellas
971 2018 1170 2074 egregiae
1184 2016 1528 2072 pulchritudinis

28 2079 30 2083 ’
71 2086 271 2129 restituit
298 2086 509 2136 barbaris,
537 2101 616 2129 nec
645 2087 693 2128 in
722 2090 1000 2142 conspectum
1035 2100 1164 2128 suum
1195 2099 1346 2127 eorum
1377 2099 1525 2139 quem·
1544 2097 1570 2125 0

71 2155 192 2212 piam
214 2156 367 2198 uenire
391 2169 546 2212 passus
573 2158 650 2205 est,
669 2170 725 2198 ne
752 2155 858 2211 quid
885 2155 939 2197 de
969 2154 1243 2211 uirginitatis
1269 2153 1527 2209 integritate

71 2223 229 2267 saltem
254 2224 391 2267 oculis
419 2224 682 2280 praelibasse
706 2224 944 2266 uideretur.
1003 2223 1205 2275 Qualiter
1231 2222 1271 2263 ei
1300 2221 1527 2263 Hannibal

72 2293 260 2343 cesserit,
283 2295 330 2335 et
357 2291 639 2335 manifestam
667 2292 899 2335 uictoriam
927 2294 1035 2334 nota
1062 2291 1110 2332 in
1139 2290 1277 2347 puppi
1306 2290 1528 2346 praetoria

23 2388 37 2454 ῑῖ
74 2421 96 2456 3
121 2413 246 2448 efflent
261 2411 389 2447 uocati
405 2411 439 2447 A
592 2419 634 2454 17
659 2410 826 2456 uergeno
842 2409 957 2446 A²SM
1110 2409 1156 2445 26
1180 2407 1451 2455 pulcritudinis
1466 2407 1526 2444 As

74 2467 121 2504 29
143 2457 386 2504 praelibasse]
403 2457 586 2495 delibasse
602 2457 718 2493 A²SM

122 2575 140 2603 1
165 2567 274 2602 Psilzi
289 2569 359 2604 etc.
376 2579 386 2604 z
411 2579 443 2603 v.
461 2566 560 2603 Suet.
577 2568 744 2611 Au9.17.
938 2575 979 2610 13
1004 2566 1195 2601 Hannibal
1211 2566 1283 2602 010.
1297 2576 1306 2601 ε
1332 2576 1365 2599 v.
1385 2563 1482 2600 Flor.
1499 2562 1527 2599 i.

75 2623 120 2649 22
148 2612 205 2660 (11.
231 2614 255 2650 6
284 2613 325 2661 §§
355 2615 496 2660 17-19).
614 2624 659 2649 22
691 2615 739 2649 In
762 2615 867 2649 umdz
864 2615 963 2648 'ctam
990 2614 1086 2649 01,0.;
1120 2625 1151 2648 v.
1179 2612 1276 2648 Flor.
1299 2611 1324 2647 i.
1352 2621 1397 2646 22
1423 2610 1477 2656 (ii.
1503 2611 1527 2647 6

45 2665 51 2671 '
76 2658 119 2706 ἐξ
145 2660 288 2705 37-40).
428 2671 486 2707 29,
510 2671 557 2706 30
580 2662 769 2696 Hannibal
792 2662 951 2695 cesserit:
975 2671 1010 2694 v.
1037 2659 1135 2696 Flor.
1159 2659 1183 2695 i.
1210 2670 1253 2695 22
1281 2658 1336 2696 (ii.
1360 2659 1383 2693 6
1409 2657 1426 2704 ξ
1452 2657 1526 2701 61).

75 2706 966 2797 ἱῖωἷῗέἑζῖαᾝὲοοῶξοῆοᾈέἒα((15Ξοῗέ
971 2706 1087 2790 1.ιὲἓὲ
1109 2708 1237 2790 ῐὲἓῖω
1259 2704 1528 2796 11111ῖέὲὲ

30 2847 33 2849 Β
75 2801 216 2836 narrat.
309 2767 414 2838 νεῖται
437 2807 526 2838 nata
541 2801 658 2838 habet
675 2801 817 2837 Florus.
1098 2766 1123 2801 p
1191 2765 1258 2801 gra

142 2870 223 2890 ω’
751 2867 779 2894 D
799 2855 827 2894 d
1349 2869 1412 2893 201
