1878 3172
75 176 177 210 car.
190 164 343 222 mn]
589 163 992 209 POLICRATICV
994 163 1027 208 S
1547 173 1630 215 470
1649 162 1679 203 d

76 285 254 329 Veritas
294 287 444 328 autem
481 285 566 328 sibi
603 285 767 342 ubique
804 299 995 328 consona
1033 288 1111 335 est,
1149 298 1229 328 nec
1268 298 1296 326 a
1333 297 1391 335 se,
1429 282 1534 326 lieet

77 368 106 397 a
143 353 360 397 mendacii
402 353 654 397 habitaculo
691 353 955 411 proferatur,
994 353 1255 410 quandoque
1300 352 1534 403 discordat,

77 422 193 466 sicut
230 436 310 465 nec
347 421 579 473 munditia,
612 422 719 465 dum
757 422 826 465 sui
860 422 1117 480 integritate
1157 422 1292 479 uiget,
1327 436 1533 478 quarum-

77 505 263 547 cumque
282 490 478 533 sordium
504 490 734 534 uicinitate
756 491 982 548 polluitur.
1039 490 1144 548 Ipsa
1167 494 1354 533 mortem
1378 490 1536 532 indicit

38 575 59 609 5
73 548 168 602 'non
205 559 364 610 timeri,
399 562 446 602 et
483 560 540 603 ad
578 575 675 603 eam
714 560 1016 617 excipiendam
1054 574 1135 603 nos
1173 559 1293 602 horis
1332 559 1536 602 omnibus

77 627 293 685 praecipit
325 629 591 685 praeparari,
621 631 673 671 ut
703 643 790 685 quo
820 629 967 672 minus
999 628 1054 672 de
1085 628 1381 671 diuturnitate
1415 628 1536 670 uitae

77 696 385 754 praesumitur,
411 697 460 739 in
487 697 656 740 cultum
684 698 928 740 honestatis
957 698 1179 741 uirtutum
1204 697 1415 754 gradibus
1441 696 1536 738 aui-

78 765 190 808 dius.
248 764 369 807 Mors
393 765 609 821 siquidem
638 766 929 809 necessarium
952 781 1114 809 munus
1143 769 1211 809 est
1237 769 1423 808 naturae
1446 766 1536 808 iam
1553 773 1625 814 471
1646 774 1677 803 a

78 836 322 889 corruptae.
401 832 638 891 Corruptio
675 850 865 892 namque
903 836 1059 878 mortis
1098 835 1222 892 origo
1260 837 1338 877 est.
1416 833 1538 877 Tolle

19 922 64 949 -ιο
80 901 416 958 corruptionem,
450 905 617 946 sectare
654 903 958 960 integritatem
991 903 1236 946 munditiae
1268 906 1313 946 et
1344 903 1539 952 uirtutis,

10 972 15 975 ’
74 970 170 1012 ‘iam
198 970 546 1014 immortalitatis
575 972 694 1014 uiam
723 972 946 1029 ingressus
980 987 1026 1016 es
1053 976 1098 1015 et
1125 972 1346 1029 quandam
1376 971 1538 1013 diuini-

79 1038 188 1081 tatis
226 1041 331 1081 tuae
364 1053 511 1081 arram
545 1041 885 1097 apprehendisti.
958 1041 1315 1098 Apprehendisti,
1344 1040 1538 1096 inquam,

80 1121 139 1149 an
177 1106 415 1163 accepistiz
472 1107 572 1159 Sed,
603 1112 655 1151 ut
686 1109 859 1152 fidelius
896 1109 1139 1166 loquamur,
1175 1113 1220 1152 et
1253 1109 1459 1166 accepisti
1493 1113 1539 1152 et

82 1175 438 1232 apprehendisti3
466 1191 555 1219 non
585 1181 653 1220 est
680 1178 797 1220 enim
826 1178 1017 1221 uolentis
1045 1193 1187 1235 neque
1217 1178 1433 1221 currentis
1463 1178 1540 1221 sed

22 1263 65 1298 ¹5
83 1243 331 1286 miserentis
359 1243 453 1287 Dei.
514 1245 624 1298 Quis
653 1246 736 1289 scit
770 1247 946 1302 quando
979 1248 1140 1299 ueniet,
1173 1262 1270 1290 sero
1304 1262 1362 1289 an
1395 1247 1541 1290 media

84 1315 212 1355 nocte
239 1327 298 1354 an
325 1312 433 1369 galli
461 1317 595 1356 cantu
625 1329 683 1357 an
712 1317 871 1359 mane}
930 1316 992 1358 Vt
1021 1316 1139 1358 enim
1169 1316 1358 1362 aitille:
1389 1315 1540 1358 Nichil

13 1379 25 1400 ⁴
81 1383 223 1422 morte
250 1381 412 1424 certius
442 1385 520 1431 est,
549 1383 686 1426 nichil
715 1384 824 1426 hora
852 1384 1086 1436 ineertius;
1125 1400 1236 1441 quae
1266 1385 1421 1440 utique
1450 1399 1541 1427 non

81 1448 280 1492 timenda
311 1454 380 1493 est
413 1452 538 1507 quasi
572 1453 750 1504 malum,
778 1453 854 1496 sed
889 1453 1014 1509 quasi
1047 1454 1264 1496 malorum
1297 1453 1410 1503 finis,
1440 1467 1540 1496 cum

84 1517 268 1568 uenerit,
306 1522 538 1575 gratanter
574 1521 887 1577 amplectenda.
961 1522 1112 1564 Vnum
1156 1526 1223 1565 est
1272 1522 1389 1578 quod
1433 1521 1541 1564 totis

8 1595 70 1633 φο
84 1586 246 1629 mentis
274 1590 320 1630 et
347 1589 540 1645 corporis
568 1590 739 1633 uiribus
768 1590 1028 1647 fugiendum
1059 1594 1135 1633 est.
1196 1590 1314 1643 Quid
1343 1590 1454 1632 illud
1481 1591 1540 1633 sit
1555 1584 1587 1623 b

85 1654 291 1712 quaeris‘ss
348 1655 595 1714 'turpitudo
639 1662 685 1701 et
727 1659 866 1701 totius
909 1660 1073 1716 species
1111 1659 1344 1702 inhonesti.
1418 1659 1541 1702 Haec

83 1724 201 1767 enim
240 1722 412 1768 faciunt
447 1730 634 1769 mortem
673 1728 911 1770 terminum
951 1743 1039 1770 non
1078 1743 1171 1771 esse
1210 1728 1426 1770 malorum
1465 1728 1542 1770 sed

83 1793 436 1836 antecedentium
465 1797 511 1837 et
539 1796 864 1838 succedentium
893 1797 1106 1853 copulam.
1175 1796 1247 1838 Ad
1281 1797 1394 1839 hanc
1425 1796 1542 1854 fugi-

85 1861 244 1904 endam
271 1876 362 1904 non
390 1863 566 1905 oracula
588 1867 744 1906 uatum
770 1879 859 1907 non
882 1865 1078 1921 phitonis
1104 1865 1368 1908 consultatio
1395 1880 1540 1907 neees-

28 1947 69 1982 ²5
86 1929 203 1971 saria
231 1933 323 1982 est;
352 1930 525 1973 fidelius
554 1934 599 1974 et
627 1932 782 1974 utilius
812 1933 869 1975 ad
898 1933 979 1976 hoc
1008 1933 1123 1975 ratio
1152 1933 1258 1975 data
1286 1933 1542 1976 consulitur.

86 1997 200 2041 Cato
238 1998 285 2039 in
324 1998 452 2041 Libia
490 2004 711 2042 extremae
754 2001 1026 2044 difficultatis
1068 2002 1274 2058 angustia
1319 2005 1543 2045 coartatus

86 2065 334 2108 Hamonem
372 2066 525 2108 Iouem
567 2068 831 2125 dedignatus
876 2072 944 2111 est
989 2070 1249 2119 consultare,
1287 2074 1412 2112 ratus
1458 2071 1543 2113 sibi

86 2135 303 2177 rat-ionem
342 2134 536 2177 sufficere
575 2139 628 2178 ut
666 2137 949 2192 persuaderet
987 2138 1249 2180 seruandam
1280 2138 1543 2189 libertatem,

87 2205 134 2245 et
166 2217 254 2245 non
284 2202 414 2245 modo
456 2203 768 2247 dominationis
807 2205 1018 2248 Cesareae
1056 2206 1211 2262 iugum
1255 2207 1331 2248 sed
1371 2222 1545 2250 omnem

27 2287 73 2327 ³0
87 2274 239 2313 notam
262 2271 553 2327 turpitudinis
580 2271 866 2328 fugiendam3
896 2274 999 2316 licet
1027 2274 1075 2315 in
1102 2288 1153 2316 eo
1183 2275 1398 2317 errauerit
1428 2277 1546 2332 quod

88 2339 352 2381 auctoritate
381 2340 559 2395 propria
588 2341 708 2382 uitae
737 2356 898 2383 munus
927 2342 1110 2393 abiecit;
1149 2342 1266 2397 quod
1298 2358 1387 2385 non
1416 2345 1547 2387 modo

87 2407 283 2449 fidelium
322 2407 541 2449 institutis
580 2409 655 2450 sed
690 2410 1077 2452 constitutionibus
1116 2410 1317 2465 gentium
1352 2414 1396 2454 et
1430 2413 1544 2469 sapi-

88 2475 414 2518 entissimorum
453 2475 607 2519 edictis
645 2480 820 2520 constat
868 2492 960 2521 esse
1008 2478 1293 2535 prohibitum.
1371 2479 1544 2524 Veteris
1562 2485 1590 2516 Β

92 2574 134 2601 12
160 2565 311 2601 archam
329 2565 369 2600 M

120 2655 183 2698 ..¹.4
207 2658 280 2681 mm
295 2648 450 2683 uolentia
464 2650 536 2684 etc.
553 2659 561 2683 :
588 2646 692 2702 Istom.
710 2646 761 2683 ix.
781 2648 835 2684 16.
944 2657 984 2694 15
1010 2651 1152 2694 quando
1168 2652 1376 2705 aeorici-etc.
1391 2664 1400 2686 ε
1424 2650 1543 2705 Marc.

91 2702 172 2727 1111.
190 2701 245 2738 35.
361 2695 414 2737 16,
435 2703 475 2739 17
500 2695 623 2730 Nichtl
640 2700 749 2729 morte
766 2696 861 2730 ete:
886 2694 1052 2731 Anselm.
1069 2698 1192 2734 Medit.
1210 2709 1272 2734 vn.
1289 2701 1376 2733 init.
1395 2698 1543 2745 (Mlgne

90 2739 1388 2838 611-111181861111118886688
1498 2755 1544 2791 66

1374 2871 1438 2906 159
