1820 3138
789 113 1244 166 PROLEGOMENA

967 277 1063 334 §62

340 372 408 416 De
428 372 562 416 titulo
591 371 861 416 Policratiei
890 373 968 428 (sic
998 373 1115 417 enim
1145 373 1336 431 scriptus
1359 376 1426 417 est
1452 374 1500 417 in
1522 373 1744 422 codicibus

282 442 410 487 MSS.
430 442 744 486 uetustissimis
770 445 817 486 et
845 443 893 485 in
917 443 1180 501 Necrologio
1205 442 1486 496 Carnotensi;
1499 454 1556 486 ·v.
1578 444 1743 487 Gaviu-

283 511 398 555 laire
412 511 466 555 de
481 511 537 555 N.
554 511 608 555 D.
625 511 678 554 de
693 511 912 565 Chao-tres,
927 512 1023 555 edd.
1037 512 1244 569 Lepinois
1259 515 1305 555 et
1319 511 1491 566 Merlet,
1502 512 1564 555 iii.
1581 526 1623 570 p.
1642 512 1745 570 202)

280 580 392 624 bene
418 580 627 624 disseruit
653 580 1083 624 Schaarsehmidtius
1109 595 1177 638 op.
1205 595 1335 639 saepe
1361 581 1435 624 cit.
1460 595 1501 638 p.
1527 591 1635 635 1453
1664 595 1744 624 nec

280 650 578 693 dubitandum
599 653 666 694 est
686 650 794 707 quin
815 650 869 693 de
891 649 1004 693 libro
1030 650 1086 693 in
1105 664 1247 694 usum
1265 650 1471 694 ciuitates
1489 650 1745 707 ‘reyentium

280 719 479 776 intellegi
500 718 669 762 debeat.
730 719 913 762 Minime
934 719 1198 762 inusitatum
1219 722 1287 762 est
1307 719 1426 777 apud
1449 719 1570 762 uiros
1593 719 1744 763 doctos

279 788 465 831 saeculis
489 789 590 845 post
617 786 846 831 Christum
870 787 918 829 xi
939 790 985 830 et
1005 787 1069 830 xii
1095 787 1142 830 in
1170 787 1374 845 partibus
1401 787 1744 831 occidentalibus

278 857 498 908 florentes,
519 856 784 899 Graecitatis
813 859 1016 913 expertes
1043 856 1221 913 quidem
1240 857 1317 899 scd
1342 857 1536 914 cupidos,
1555 857 1743 900 nomini-

279 925 362 969 bus
389 940 502 982 quae
529 925 697 968 Graeca
724 925 868 968 uideri
891 928 1071 982 possent
1095 925 1231 968 libros
1257 940 1359 969 suos
1385 925 1610 983 insignire.
1670 925 1743 969 Ita

278 993 567 1050 Monoloyion
591 996 637 1036 et
660 993 926 1049 Prosloyion
945 993 1124 1050 scripsit
1149 994 1396 1045 Anselmus,
1415 994 1743 1050 Meyacosmum

279 1066 326 1106 et
358 1063 703 1106 Microcosmum
731 1061 984 1105 Bernardus
1017 1062 1256 1114 Siluestris,
1283 1062 1613 1119 Draymatieon
1644 1063 1688 1119 (i.
1705 1078 1742 1108 e.

277 1131 598 1190 Dramaticcm)
627 1131 874 1175 WiUelmus
903 1131 958 1174 de
993 1130 1195 1182 Conchis‚
1223 1131 1628 1189 Phrenophysieon,
1656 1132 1684 1176 i.
1705 1147 1741 1176 e.

279 1200 454 1245 librum
487 1200 541 1244 de
574 1199 734 1244 animo
764 1199 1061 1257 copiosissime
1092 1200 1413 1257 disputantem,
1439 1201 1494 1244 de
1524 1215 1611 1258 quo
1639 1201 1742 1244 uide

277 1269 480 1326 Metaloy.
502 1269 563 1312 iv.
593 1282 647 1312 20
667 1269 750 1312 sub
779 1269 924 1320 finem,
943 1269 1123 1325 quidam
1149 1269 1275 1313 cuius
1303 1284 1464 1312 nomen
1493 1284 1583 1313 non
1607 1270 1741 1313 refert

279 1339 491 1391 Ioannes3
521 1337 701 1381 tandem
721 1337 814 1395 ipse
835 1337 1023 1380 Ioannes
1042 1352 1131 1380 non
1156 1338 1286 1381 modo
1305 1338 1639 1382 Polieraticwm
1665 1339 1741 1383 sed

277 1408 414 1451 etiam
437 1407 764 1463 Metaloyie‘am,
784 1406 812 1448 i.
826 1421 861 1449 e.
883 1410 936 1449 ut
956 1407 1143 1458 uidetur,
1166 1406 1436 1464 Apologiam
1460 1421 1545 1464 pro
1562 1407 1740 1463 Loyica,

278 1479 324 1520 et
346 1475 650 1526 Entheticum‚
676 1475 730 1518 de
756 1490 843 1532 quo
871 1475 974 1518 uide
1000 1490 1135 1532 supra
1158 1490 1199 1532 p.
1221 1476 1331 1518 xxii.
1393 1476 1489 1518 Iam
1513 1479 1663 1520 tamen
1689 1476 1738 1520 in

277 1545 451 1589 saeculo
470 1544 563 1596 xiii,
583 1547 636 1587 ut
655 1544 843 1595 uidetur,
859 1547 1090 1601 excerptor
1113 1544 1385 1588 Monacensis
1404 1545 1457 1588 de
1473 1544 1739 1600 pluralitate

277 1614 576 1664 iudiciorum,
603 1613 727 1669 quasi
757 1612 1066 1669 Polycratieus
1091 1615 1217 1664 esset,
1244 1612 1578 1657 Policraticum
1601 1613 1741 1656 inter-

278 1684 505 1740 pretatum
533 1697 574 1724 v.
592 1696 726 1739 supra
746 1683 768 1738 ᾧ
785 1694 823 1732 2,
843 1695 885 1738 p.
902 1681 979 1723 xii.

334 1750 664 1794 Polieratieum
693 1749 850 1807 quanti
874 1749 1228 1793 existimauerint
1252 1749 1452 1793 homines
1478 1750 1640 1794 saeculi
1668 1750 1734 1793 in„

277 1819 500 1877 sequentis
527 1809 719 1862 testatur
745 1818 986 1861 multitudo
1012 1820 1057 1861 et
1082 1818 1280 1861 codicum
1309 1833 1445 1861 manu
1473 1819 1736 1876 scriptorum

277 1903 386 1946 quos
429 1888 657 1931 continent
700 1886 990 1930 bibliothecae
1034 1889 1210 1930 nostrae
1250 1889 1295 1930 et
1333 1889 1563 1930 auctorum
1602 1888 1736 1931 medii

276 1958 377 2001 aeui
409 1957 485 2014 qui
515 1971 572 2000 ex
600 1971 651 1999 eo
686 1956 916 1999 materiam
951 1970 1077 1999 suam
1111 1956 1447 2013 desumpserint,
1477 1956 1595 1999 inter
1628 1971 1738 2014 quos

276 2026 529 2070 recensendi
581 2028 687 2068 sunt
731 2025 778 2067 in
821 2039 931 2068 saec.
973 2025 1038 2067 xii
1079 2024 1237 2067 Petrus
1291 2024 1521 2078 Blesensis,
1559 2025 1739 2068 Ioannis

276 2096 416 2153 ipsius
443 2094 622 2144 amicus,
653 2094 701 2135 in
732 2108 842 2137 saec.
872 2094 955 2136 xiii
985 2093 1276 2143 Helinandus,
1305 2093 1527 2136 Walterus
1557 2094 1735 2151 Burley,

276 2164 465 2207 Ioannes
504 2162 732 2213 Walensis,
770 2177 849 2205 nec
898 2162 956 2205 ab
1000 2162 1146 2219 Anglo
1185 2161 1454 2205 omittendus
1495 2165 1564 2205 est
1602 2165 1737 2219 poeta

275 2231 601 2275 illustrissimus
621 2231 849 2274 Galfridus
870 2230 1079 2282 Chaucer‚
1100 2230 1154 2273 de
1174 2245 1261 2287 quo
1275 2230 1378 2273 uide
1398 2230 1455 2273 ad
1467 2230 1633 2275 Polior.
1647 2231 1676 2273 i.
1694 2242 1735 2286 5.

275 2300 536 2343 Vincentius
565 2299 887 2343 Bellouacensis
918 2302 1094 2342 tantum
1123 2298 1241 2356 apud
1267 2297 1567 2341 Helinandum
1596 2299 1734 2343 uerba

276 2369 456 2411 Ioannis
478 2369 610 2425 legit:
640 2368 742 2411 uide
761 2368 819 2411 ad
838 2367 1005 2411 Polior.
1026 2367 1084 2410 iv.
1106 2381 1147 2420 4.
1207 2367 1327 2409 Petri
1357 2367 1576 2411 Blesensis
1599 2367 1736 2413 uerba

275 2437 330 2480 de
345 2437 612 2480 Polieratieo
632 2437 688 2479 ad
704 2437 915 2480 Ioannem
934 2436 1079 2493 ipsum
1099 2436 1147 2478 in
1162 2436 1246 2492 Ep.
1258 2435 1366 2477 xxii.
1380 2450 1419 2478 a.
1438 2449 1457 2478 1
1468 2446 1550 2490 170
1569 2436 1734 2493 scripta.

275 2506 564 2563 subiungam:
593 2505 787 2549 Mbr‘am
806 2509 1009 2549 uestrum
1034 2504 1088 2548 de
1108 2504 1258 2560 Nuyis
1285 2503 1551 2548 O'mialibus
1571 2504 1669 2561 leyi,
1695 2508 1740 2547 et*

274 2573 551 2617 mirabiliter
579 2588 648 2617 me
675 2574 824 2630 'refecit
835 2588 853 2625 ;
887 2588 1001 2617 ‘nam
1030 2577 1069 2616 et
1098 2572 1164 2616 ibi
1194 2572 1368 2629 optima
1389 2573 1549 2629 forma
1579 2572 1733 2616 erudi-

274 2643 415 2686 tionis
433 2646 492 2685 est
519 2645 557 2685 et
577 2647 762 2698 propter
791 2642 1088 2698 artificiosam
1107 2641 1438 2685 sententiarum
1459 2641 1734 2684 uarietatem

273 2709 626 2757 inaestimabilis
645 2712 841 2755 materia
861 2709 1114 2767 uoluptatis
1134 2709 1314 2768 (Migne,
1328 2708 1383 2754 P.
1397 2709 1446 2754 L.
1466 2710 1590 2754 ccvii.
1608 2709 1693 2769 82).

390 2778 520 2823 xlviii
