1878 3172
79 178 177 212 OAP.
188 165 292 227 x1x]
511 168 514 170 ’
590 161 1026 209 POLICRATICVS

78 287 125 328 et
163 283 330 342 Iginus‚
360 282 437 325 alii
477 281 571 325 sola
609 279 938 339 imagInationis
976 278 1146 321 uirtute
1183 276 1380 320 contenti
1418 278 1536 327 sunt,

78 352 187 410 quid
204 366 361 395 uerum
380 351 440 394 sit
458 350 702 411 doctiorum
728 348 890 391 iudicio
915 350 1201 396 reseruantes,
1221 346 1330 389 satis
1355 347 1537 402 agentes

78 421 176 472 sibi,
191 420 427 464 dummodo
446 419 542 463 ueri
562 417 896 461 similitudinem
915 418 1109 460 teneant.
1165 415 1385 471 Vtrosque
1404 413 1536 456 alter-

77 493 182 533 utra
210 488 448 545 astrologia
476 486 735 530 eruditionis
763 500 869 529 suae
897 484 1054 541 recipit
1081 483 1362 541 professores,
1419 482 1537 525 Sunt

41 559 61 612 '5
78 558 167 608 alii,
187 558 263 614 qui
282 557 332 599 in
350 555 619 614 professione
638 558 858 598 astrorum
879 553 1062 596 ueritati
1089 552 1267 609 quidem
1285 551 1537 608 inuigilant,

78 642 130 670 eo
159 627 251 670 solo
278 625 486 675 contenti,
515 624 553 667 si
582 623 843 681 positionem
871 637 1023 666 ueram
1057 626 1313 678 motumque
1342 619 1536 663 siderum

78 695 381 751 rationemque
399 693 626 751 signorum
646 692 862 735 ueraciter
879 693 1187 748 assequuntur.

1552 169 1639 210 439
1656 158 1687 200 <1

79 797 187 856 Cap.
210 810 276 854 19.
313 797 378 840 De
394 795 651 853 differemia
669 795 1005 838 mthmnaticae
1027 792 1293 838 doctrinalis
1316 795 1355 835 et
1374 790 1536 834 ‘mathe-
1552 808 1638 847 440
1657 809 1688 838 a

191 867 254 910 sis
271 865 537 922 reprobatae,
555 869 594 908 et
610 863 858 907 traditione
875 862 1294 906 mathematicomum
1313 865 1351 905 et
1371 860 1536 904 errori-

21 953 62 977 10
193 934 275 979 bus
291 948 461 978 eorwm.

134 1023 301 1067 Verum
329 1023 436 1080 quia
466 1021 692 1079 probabile
726 1024 794 1064 est
825 1021 1051 1064 celestium
1090 1021 1285 1077 aliquam
1314 1033 1407 1062 esse
1445 1019 1537 1061 uir-

76 1095 232 1143 tutem,
259 1106 360 1135 cum
390 1095 436 1134 et
464 1091 512 1133 in
541 1094 661 1134 terra
692 1104 782 1133 non
811 1090 1017 1133 credatur
1049 1089 1218 1146 aliquid
1251 1088 1389 1146 gigni,
1419 1087 1537 1144 quod

76 1175 106 1204 a
123 1174 259 1204 manu
278 1159 446 1217 opificis
466 1159 550 1202 Dei
573 1159 738 1202 bonum
765 1158 956 1215 aliquem
982 1173 1071 1201 non
1090 1158 1304 1201 sortiatur
1323 1157 1536 1207 effectum,

78 1229 155 1288 qui
207 1229 464 1272 curiosiores
517 1231 634 1279 sunt,
682 1227 909 1270 celestium
956 1227 1202 1284 potentiam
1250 1226 1535 1282 inuestigant,

21 1317 60 1352 15
78 1301 125 1342 et
152 1298 207 1341 de
235 1297 421 1355 singulis
450 1311 563 1354 quae
592 1297 641 1338 in
669 1296 899 1339 sublunari
927 1296 1059 1353 globo
1088 1295 1367 1352 proueniunt,
1396 1297 1535 1336 astro·

77 1367 250 1410 nomiae
268 1381 374 1409 suae
393 1366 558 1423 regulis
582 1366 791 1408 nituntur
810 1365 991 1408 reddere
1010 1365 1239 1407 rationem.
1287 1363 1368 1406 Est
1388 1365 1537 1405 autem

77 1435 369 1479 astronomiae
387 1435 548 1478 nobilis
572 1436 618 1478 et
644 1434 835 1492 gloriosa
857 1434 1051 1484 scientia,
1071 1433 1109 1476 si
1135 1432 1383 1476 clientelam
1409 1445 1536 1474 suam

76 1504 198 1547 intra
215 1504 528 1547 moderationis
546 1506 687 1546 metas
706 1503 918 1554 cohibeat,
942 1517 1075 1560 quam
1104 1502 1142 1545 si
1167 1501 1386 1545 licentiori
1409 1501 1535 1543 uani—

76 1576 172 1616 tate
190 1572 374 1623 excedit,
392 1587 482 1615 non
501 1575 594 1615 tam
620 1572 923 1629 philosophiae
946 1571 1110 1628 species
1134 1585 1267 1627 quam
1293 1569 1536 1626 imPietatis

20 1660 62 1684 20
78 1641 279 1720 dQla
307 1644 384 1684 est.
457 1641 517 1684 Et
542 1641 720 1698 quidem
742 1641 885 1684 multa
904 1644 1010 1683 sunt
1028 1640 1216 1683 mathesi
1236 1638 1469 1682 doctrinali
1490 1642 1535 1681 et

77 1710 371 1754 diuinatoriae
393 1710 582 1772 mat-liesi
605 1710 864 1760 communia,
884 1710 960 1753 sed
988 1709 1095 1752 dum
1125 1708 1343 1752 diuinatio
1371 1707 1533 1750 sobrie·
1550 1704 1580 1742 b

76 1779 186 1822 tatis
196 1793 454 1831 ,mensuram
473 1779 657 1829 excedit,
675 1782 772 1822 toto
791 1779 1007 1822 dissidens
1032 1779 1121 1821 fine
1146 1793 1236 1820 non
1254 1777 1439 1819 instruit
1457 1776 1535 1819 sed

32 1876 34 1879 v
76 1861 207 1890 suum
230 1846 412 1890 dedocet
439 1846 740 1903 professorem.
800 1847 929 1900 Quod
958 1847 1076 1890 enim
1104 1861 1237 1890 zonas
1265 1846 1534 1903 partiuntur,

77 1915 309 1972 parallelos
341 1915 663 1966 disterminant,
696 1930 797 1959 cum
830 1916 968 1973 signis
999 1916 1091 1958 suis
1124 1915 1356 1971 obliquant
1388 1914 1533 1956 zodia-

19 2001 36 2023 2
42 2000 61 2034 5
79 1998 190 2034 cum,
210 1983 328 2040 quod
346 1983 496 2026 orbem
516 1983 608 2027 fere
627 1987 772 2027 totum
798 1984 958 2027 coluris
977 1984 1173 2040 cingunt,
1197 1983 1315 2039 quod
1337 1983 1532 2025 laborem

78 2052 325 2096 metiuntur
342 2052 631 2109 planetarum,
651 2053 768 2109 quod
793 2053 997 2110 aplanem
1025 2052 1191 2095 nullius
1215 2051 1374 2094 erroris
1393 2050 1532 2108 parti-

76 2121 218 2178 cipem
252 2120 434 2171 faciunt,
464 2121 580 2177 quod
609 2136 637 2163 a
670 2121 771 2178 polo
805 2121 967 2164 arctico
996 2121 1053 2163 ad
1082 2120 1373 2163 antarcticum
1403 2133 1532 2161 axem

77 2191 256 2240 ducunt,
286 2189 403 2246 quod
432 2189 559 2247 signa
588 2204 668 2246 per
696 2190 861 2246 gradus
894 2192 941 2232 et
973 2192 1139 2246 puncta
1166 2188 1386 2238 diuidunt,
1416 2188 1533 2244 quod

77 2258 314 2302 orientium
353 2264 400 2301 et
436 2258 726 2301 occidentium
765 2258 1003 2315 signorum,
1037 2260 1082 2300 et
1120 2257 1313 2300 siderum
1351 2271 1532 2313 propor-

19 2349 62 2381 30
77 2327 244 2370 tionem
263 2329 428 2376 tenent,
447 2326 626 2383 utrique
644 2340 873 2370 commune
893 2329 970 2369 est.
1027 2325 1226 2382 Vtraque
1244 2328 1393 2368 tamen
1413 2325 1461 2367 in
1481 2339 1531 2368 eo

81 2417 410 2502 xefimaginationis
421 2417 461 2472 M
554 2418 577 2454 6
602 2417 774 2462 syderum
787 2416 848 2453 CB
943 2425 968 2470 z
991 2419 1212 2453 assecuntur
1224 2416 1264 2451 M
1355 2427 1405 2470 ,²4
1425 2427 1534 2462 para·

76 2465 92 2501 1
145 2477 186 2501 os
231 2465 304 2500 BM
367 2465 594 2510 obhnquant
609 2463 698 2500 GBS
827 2473 871 2508 27
897 2465 1017 2499 artico
1033 2462 1093 2499 CB
1219 2465 1455 2500 antarticum
1472 2463 1533 2500 CB

77 2522 124 2558 29
147 2512 320 2559 syderum
337 2511 366 2548 C

120 2602 136 2628 1
162 2594 310 2638 lqinus:
337 2592 415 2628 scil.
429 2592 603 2638 Hyginus
615 2590 657 2627 in
669 2593 796 2628 Poetic.
809 2592 954 2627 Astron.
1063 2601 1078 2627 1
1088 2602 1102 2627 1
1133 2592 1264 2626 Verum
1281 2593 1352 2628 etc.
1367 2602 1376 2627 :
1402 2591 1445 2627 in
1461 2591 1533 2628 hoc

78 2637 245 2684 capitulo
257 2638 453 2675 scribendo
470 2639 633 2675 Macrob
649 2641 691 2674 de
703 2640 823 2674 Somn.
838 2639 898 2674 Sci
925 2666 932 2674 .
947 2640 986 2675 et
1002 2638 1184 2674 Martiani
1200 2638 1375 2684 Capellae
1388 2638 1454 2674 lib.
1466 2638 1534 2675 viii

78 2697 165 2721 usus
181 2688 237 2722 est
255 2685 401 2722 Noster.
441 2685 612 2732 Vestigia
626 2685 715 2721 libri
737 2684 901 2722 Aristote
920 2684 928 2691 '
970 2687 1013 2720 de
1035 2687 1150 2728 Caelo,
1168 2686 1215 2722 de
1239 2697 1312 2731 quo
1330 2685 1534 2722 Mannonis

79 2732 365 2768 cementarios
380 2732 516 2780 legisse
532 2732 715 2769 Ioannem
727 2731 948 2778 suspicatur,
961 2732 1146 2768 invenisse
1158 2731 1230 2768 sibi
1241 2732 1392 2770 videtur
1407 2733 1535 2770 Peter·

79 2778 205 2816 senius
218 2779 263 2816 in
278 2779 445 2817 editione
460 2791 529 2816 sua
543 2780 726 2815 Enthetici
741 2781 784 2815 de
800 2781 1033 2825 Doqmatibus
1046 2781 1345 2826 Philosophorum
1361 2793 1400 2827 p.
1417 2791 1474 2825 94.

1361 2860 1424 2894 ¹07
