1878 3172
117 174 199 214 529
220 175 250 204 a
585 162 845 207 IOANNIS
885 152 1398 208 SARESBERIENSIS
1545 164 1659 225 [ιη.
1673 176 1724 209 ιν
1795 126 1809 185 '2

219 295 250 323 a
267 282 374 340 Cap.
403 282 440 326 8.
489 282 554 326 De
579 282 884 327 mwderationc
908 282 1114 327 'metitiae
1139 287 1177 327 et
1204 284 1462 328 clementiae
1481 284 1726 342 principis,

382 367 497 409 quae
533 351 688 396 debent
726 352 784 396 in
821 367 868 396 eo
905 352 969 396 ad
1002 352 1250 397 utilitatem
1283 353 1352 397 ‘ret
1383 353 1594 411 publicae
1625 369 1726 398 con-

334 480 335 484 *
382 422 638 478 temperari.

325 501 539 546 Obtineat
554 517 660 560 ergo
672 502 720 544 in
732 502 931 559 principe
948 502 1066 559 quod
1081 503 1212 546 debet
1226 503 1274 546 in
1289 503 1494 547 omnibus
1506 504 1728 548 obtinere:

258 563 411 615 'Nemo
440 586 553 628 quae
583 586 664 615 sua
693 574 799 614 sunt
829 574 1014 628 quaerat
1041 572 1117 615 sed
1145 587 1257 629 quae
1287 572 1485 616 aliorum.
1544 573 1729 617 Verum-
1748 592 1768 628 5
1816 583 1818 587 ’

266 643 417 684 tamen
466 641 606 698 ipsius
655 641 899 684 affectionis
945 641 1113 692 modus,
1156 655 1243 698 quo
1291 642 1491 685 caritatis
1538 642 1732 686 brachiis

267 710 487 753 subiectos
525 712 579 753 ut
619 709 782 753 fratres
822 710 1117 767 amplexatur,
1157 710 1471 754 moderationis
1514 699 1732 755 limitibus

267 779 502 824 clauditur.
562 779 635 823 Sic
666 782 711 822 et
739 779 856 822 enim
878 779 1039 822 fratres
1070 779 1230 837 diligit,
1251 780 1368 837 quod
1392 795 1561 824 errores
1581 795 1732 824 eorum

268 849 588 892 medicinaliter
618 848 824 906 corrigit;
864 849 926 892 sic
955 849 1003 891 in
1033 849 1096 892 eis
1125 864 1301 892 carnem
1330 850 1531 908 agnoscit
1559 853 1605 893 et
1633 865 1732 893 san·
1824 903 1835 907 Ἴ

268 918 461 975 guinem,
481 921 534 961 ut
559 933 610 961 ea
634 918 817 975 spiritus
843 918 1033 961 subiciat
1056 918 1227 962 ditioni.
1287 919 1558 963 Medicorum
1577 919 1733 976 utique
1752 937 1793 962 10
1830 926 1849 975 ξ

268 987 538 1030 consuetudo
578 990 646 1030 est
688 989 741 1029 ut
783 986 969 1037 morbos,
1011 1001 1120 1043 quos
1162 986 1371 1031 fomentis
1411 991 1456 1031 et
1494 988 1734 1031 leuioribus

269 1056 499 1099 medicinis
519 1071 672 1099 curare
699 1059 938 1113 nequeunt,
959 1046 1239 1113 grauioribus
1259 1057 1471 1101 adhibitis
1497 1058 1600 1115 igne
1624 1059 1735 1114 puta

270 1126 343 1169 uel
383 1125 501 1168 ferro
541 1127 708 1169 curent.
773 1125 867 1168 Nec
907 1140 1118 1182 umquam
1156 1129 1349 1169 utuntur
1385 1127 1609 1185 grauibus,
1647 1126 1735 1170 nisi
1835 1117 1839 1124 ¹

224 1202 253 1240 b
271 1210 372 1238 cum
402 1195 570 1237 leuium
598 1194 808 1238 beneficio
835 1194 1084 1238 desiderata
1110 1195 1278 1238 sanitas
1301 1195 1580 1253 desperatur;
1607 1197 1668 1239 sic
1689 1198 1735 1238 et
1849 1248 1854 1252 ἢ

271 1267 467 1322 potestas
497 1279 596 1307 cum
626 1263 887 1306 inferiorum
914 1264 1028 1307 uitia
1055 1268 1286 1308 mansueta
1309 1280 1445 1308 manu
1468 1279 1622 1309 curare
1645 1278 1735 1307 non
1754 1280 1794 1314 15
1832 1259 1871 1278 ”

273 1333 446 1386 sufficit,
476 1348 691 1391 penarum
720 1333 1004 1376 acrimoniam
1039 1333 1190 1376 dolens
1224 1337 1342 1377 recte
1375 1334 1634 1377 uulneribus
1668 1333 1735 1376 in·

274 1402 437 1453 fundit,
473 1405 518 1445 et
556 1402 632 1459 pia
670 1402 931 1445 crudelitate
963 1402 1080 1445 seuit
1114 1402 1161 1444 in
1192 1403 1341 1454 malos,
1376 1402 1482 1445 dum
1521 1403 1737 1446 bonorum

275 1471 555 1515 incolumitas
604 1473 879 1527 procuratur.
946 1470 1034 1513 Sed
1083 1471 1182 1528 quis
1230 1472 1324 1514 sine
1372 1471 1521 1514 dolore
1568 1470 1737 1528 proprii

274 1541 469 1597 corporis
498 1539 695 1582 membra
724 1539 868 1581 ualuit
897 1542 1160 1599 amputare?
1218 1540 1351 1583 Dolet
1379 1555 1484 1598 ergo
1513 1555 1614 1584 cum
1644 1539 1735 1583 exi-
1831 1578 1834 1579 γ

273 1609 481 1666 gentibus
510 1608 651 1665 culpis
681 1607 925 1651 uindictam
955 1609 1217 1665 exposcitur,
1247 1624 1345 1652 eam
1378 1612 1529 1652 tamen
1562 1608 1738 1667 peragit
1756 1625 1799 1649 πο
1828 1622 1837 1650 2v

275 1678 420 1720 inuita
450 1678 619 1720 dextra.
680 1677 917 1738 Sinistram
947 1692 1137 1734 namque
1166 1693 1256 1721 non
1286 1679 1422 1721 habet
1454 1678 1658 1736 princeps
1692 1681 1739 1721 et

275 1748 323 1790 in
350 1748 549 1791 cruciatu
576 1747 872 1790 membrorum
897 1747 1101 1804 corporis,
1121 1748 1247 1791 cuius
1276 1749 1369 1805 ipse
1392 1751 1527 1805 caput
1552 1751 1631 1799 est,
1650 1747 1739 1806 legi

276 1817 419 1860 tristis
469 1818 514 1859 et
566 1830 746 1873 gemens
796 1815 1051 1860 famulatur.
1126 1817 1368 1875 Philippus,
1399 1832 1500 1861 cum
1543 1817 1741 1860 audisset

276 1886 474 1929 Phiciam
514 1885 733 1942 quendam
773 1885 937 1928 bonum
977 1889 1270 1943 pugnatorem
1310 1887 1552 1930 alienatum
1592 1886 1740 1930 animo

276 1956 373 2006 sibi,
408 1955 526 2012 quod
565 1958 656 1998 tres
696 1955 811 1998 filias
850 1955 977 2013 inops
1008 1956 1089 1999 uix
1123 1956 1273 2009 aleret,
1308 1971 1388 2000 nec
1422 1971 1449 1999 a
1478 1971 1581 2014 rege
1614 1955 1739 1999 adiu-
1759 1967 1800 2003 25

276 2027 471 2076 uaretur,
497 2024 780 2067 monentibus
809 2025 961 2068 amicis
990 2028 1043 2068 ut
1071 2040 1172 2068 eum
1201 2029 1402 2069 caueret:
1438 2025 1567 2079 Quid,
1593 2025 1742 2082 inquit

237 2110 261 2139 0
279 2093 520 2150 Philippus,
542 2093 580 2136 si
602 2093 810 2136 haberem
830 2097 1002 2150 partem
1023 2095 1215 2151 corporis
1236 2109 1398 2152 egram,
1418 2094 1742 2138 abscideremne

278 2163 428 2219 potius
448 2177 581 2219 quam
601 2165 831 2206 curarem?
871 2163 1041 2206 Deinde
1062 2163 1343 2206 familiariter
1361 2166 1527 2207 secreto
1547 2163 1742 2207 elicitum

279 2232 476 2275 Phiciam
524 2235 703 2289 accepta
749 2232 1008 2276 difficultate
1053 2233 1366 2276 necessitatum
1405 2233 1743 2276 domesticarum

278 2301 466 2358 pecunia
505 2300 771 2344 sufficienter
810 2302 1027 2344 instruxit
1065 2317 1116 2345 ac
1155 2302 1378 2345 meliorem
1417 2301 1743 2358 fidelioremque
1761 2318 1804 2352 30
1842 2313 1878 2361 ³⁴2³.

279 2371 439 2413 habuit
484 2385 618 2426 quam
658 2369 796 2413 fuerit
835 2373 1074 2427 antequam
1113 2371 1364 2414 crederetur
1406 2371 1606 2414 offensus.
1681 2369 1743 2412 Vt
1834 2358 1855 2385 ’1

281 2440 398 2482 6111111
429 2439 493 2481 ait
529 2439 713 2482 Lucius:
754 2439 1001 2496 Principem
1036 2454 1184 2482 senem
1219 2440 1414 2482 moribus
1445 2454 1537 2482 esse
1570 2441 1746 2496 oportet

281 2547 304 2582 4
329 2536 513 2583 Optineat
538 2536 662 2572 ASM:
690 2536 860 2583 optinere
876 2536 910 2572 A
1109 2545 1126 2582 5
1153 2528 1451 2583 Verumptamen
1468 2535 1499 2571 B

282 2583 493 2628 medicinis]
512 2583 724 2630 disciplinis
740 2584 770 2620 P
909 2584 952 2620 16
978 2583 1152 2620 sufficicit
1169 2583 1209 2619 M
1341 2593 1388 2628 24
1410 2581 1598 2629 phisciam
1614 2581 1745 2618 OBSM

284 2641 329 2677 29
353 2630 538 2676 phisciam
557 2632 595 2666 M

283 2718 487 2799 v{Nemo
506 2719 599 2753 etc.:
626 2730 658 2753 v.
679 2727 694 2752 1
716 2717 797 2753 Οο1.
816 2728 850 2753 x.
869 2727 935 2761 24,
961 2715 1127 2762 Philipp.
1144 2715 1183 2751 ii.
1201 2726 1236 2760 4.
1362 2725 1405 2761 23
1431 2716 1629 2762 Philippus
1645 2717 1744 2753 etc-2

363 2763 503 2799 rontin.
519 2765 668 2810 Str-‚atey
680 2764 727 2799 iv.
743 2764 797 2810 7§
817 2774 872 2809 37.
969 2774 1023 2807 24,
1037 2774 1082 2817 ².9
1102 2765 1289 2799 Phiciam:
1315 2762 1339 2798 i.
1354 2774 1383 2800 e.
1404 2762 1590 2809 Pythiam.
1699 2773 1744 2810 32

283 2812 438 2846 Lucius:
465 2810 553 2855 Quis
569 2811 686 2848 fuerit
700 2811 772 2848 iste
790 2810 936 2855 Lucius,
955 2810 1093 2847 nescio.

397 2874 461 2909 262
