1878 3172
26 184 35 226 3
106 167 206 200 cn.
219 151 298 214 111]
617 150 1049 197 POLICRATICVS
1568 150 1638 199 518
1655 160 1686 188 a

14 272 26 315 ῘΞ
105 273 289 316 Paulum
318 273 480 317 eisdem
508 286 648 322 usum,
672 271 778 314 dum
807 270 1151 314 Atheniensibus
1179 270 1462 327 praedicaret,
1486 269 1552 312 in·
1569 269 1640 320 518
1660 281 1690 308 a

16 362 27 377 .,
103 342 245 386 uenio.
305 342 489 385 Studuit
522 340 796 398 praedicator
828 339 1030 396 egregius
1063 338 1211 381 Iesum
1245 337 1473 382 Christum
1507 341 1553 381 et

21 433 27 436 ·
103 410 221 453 hunc
243 410 498 453 crucifixum
522 409 584 452 sic
607 408 828 450 mentibus
852 422 1001 450 eorum
1026 407 1236 464 ingerere,
1259 410 1312 449 ut
1331 421 1410 463 per
1428 407 1553 463 igno-

12 513 21 530 f
70 486 76 490 '
104 479 286 521 miniam
316 478 456 522 crucis
485 477 788 520 liberationem
817 475 1057 518 multorum
1087 474 1287 531 exemplo
1318 475 1552 532 gentilium

10 534 34 612 f
67 565 88 598 5
104 547 356 604 prouenisse
384 547 567 589 doceret.
628 545 715 588 Sed
741 547 786 587 et
812 545 899 586 ista
927 544 1146 601 persuasit
1173 544 1268 586 fieri
1297 558 1386 586 non
1416 544 1554 587 solere

18 613 21 615 ’
103 615 190 657 nisi
222 616 270 657 in
299 615 512 672 sanguine
545 615 761 658 iustorum
796 615 841 655 et
875 627 1024 655 eorum
1060 612 1135 669 qui
1167 612 1318 669 populi
1349 616 1554 669 gererent

19 733 22 740 ,
103 684 423 741 magistratum.
500 683 635 726 Porro
682 683 739 725 ad
787 682 1090 725 liberationem
1138 681 1345 733 omnium,
1389 681 1554 724 scilicet

10 744 27 777 ‘3
104 752 342 795 Iudeorum
368 755 413 795 et
438 753 794 809 gentium,.nemo
821 751 1037 794 sufficiens
1063 750 1211 807 potuit
1238 750 1440 800 inueniri,
1467 750 1553 792 nisi

17 867 21 870 .
104 820 190 871 ille,
209 821 280 864 cui
305 821 352 863 in
378 821 666 864 hereditatem
692 821 822 863 datae
848 822 953 862 sunt
972 822 1136 877 gentes,
1157 821 1202 862 et
1227 819 1460 876 praefinita
1487 823 1554 862 est

48 909 89 932 10
104 889 245 932 omnis
278 893 398 932 terra
431 890 643 947 possessio
674 890 779 933 eius.
837 889 970 932 Hunc
1000 891 1148 930 autem
1177 887 1313 930 alium
1343 902 1435 930 esse
1463 902 1553 930 non

103 972 228 1015 posse
258 973 390 1015 quam
411 959 573 1000 Filium
593 958 905 1015 omnipotentis
932 957 1015 1000 Dei
1041 957 1240 1006 asseruit,
1259 971 1359 999 cum
1379 960 1554 1013 praeter

13 1020 21 1034 Γ
104 1026 250 1069 Deum
271 1029 424 1084 gentes
448 1030 494 1070 et
516 1029 657 1070 terras
683 1041 832 1069 omnes
858 1039 985 1082 nemo
1008 1025 1243 1082 subegerit.
1300 1025 1419 1067 Dum
1449 1040 1554 1082 ergo

104 1095 166 1138 sic
198 1096 338 1138 crucis
376 1096 662 1153 ignominiam
696 1095 979 1152 praedicaret,
1009 1098 1062 1137 ut
1099 1094 1298 1151 gentium
1337 1094 1553 1150 paulatim

7 1210 17 1227 ‚.
104 1167 391 1207 euacuaretur
410 1164 613 1214 stultitia,
633 1164 794 1207 sensim
814 1164 871 1206 ad
890 1163 973 1206 Dei
987 1163 1172 1205 uerbum
1193 1162 1361 1219 Deique
1381 1163 1551 1219 sapien·
1569 1165 1598 1203 b

6 1232 17 1282 s‘j
42 1246 90 1283 ,15
105 1233 216 1276 tiam
246 1235 292 1275 et
321 1233 466 1290 ipsum
501 1232 635 1275 etiam
667 1233 843 1275 diuinae
882 1232 1126 1275 maiestatis
1164 1231 1334 1282 solium,
1366 1231 1552 1274 uerbum

0 1292 31 1355 f,
104 1301 206 1344 fidei
230 1305 276 1344 et
289 1301 486 1359 linguam
501 1301 839 1358 praedicationis
855 1301 1003 1344 euexit
1018 1304 1074 1351 et,
1087 1315 1142 1343 ne
1157 1301 1302 1343 uirtus
1323 1300 1554 1357 Euangelii

0 1355 18 1424 [⁴
104 1370 187 1414 sub
211 1370 355 1413 carnis
378 1370 634 1413 infirmitate
657 1370 885 1413 uilesceret
911 1385 939 1412 a
964 1369 1168 1414 scandalo
1194 1369 1430 1411 Iudeorum
1449 1383 1553 1426 gen-

0 1438 27 1490 ἐς
104 1439 302 1495 tiumque
327 1438 531 1489 stultitia,
557 1453 690 1495 opera
713 1437 939 1489 crucifixi,
964 1453 1076 1495 quae
1101 1437 1235 1480 etiam
1261 1436 1405 1479 famae
1428 1437 1554 1480 testi-

0 1498 18 1519 w
105 1507 252 1550 monio
277 1507 606 1558 roborabantur,
627 1508 853 1564 exposuit;
882 1522 982 1550 cum
1008 1507 1126 1564 apud
1156 1521 1305 1549 omnes
1333 1509 1554 1549 constaret

12 1563 92 1636 λἷζιο
106 1576 223 1632 quod
253 1591 305 1619 ea
332 1591 421 1619 non
446 1579 593 1633 posset
615 1576 759 1619 facere
784 1576 870 1619 nisi
897 1575 1030 1620 Deus.
1088 1575 1175 1618 Sed
1203 1574 1308 1632 quia
1334 1575 1519 1617 multa
1506 1590 1554 1617 111

106 1648 337 1702 utramque
374 1648 545 1702 partem
583 1646 733 1688 crebro
772 1645 893 1688 fama
930 1645 1156 1695 mentitur,
1189 1644 1330 1701 ipsam
1369 1644 1555 1687 iuuabat

19 1735 27 1762 ῃ
105 1713 281 1764 famam,
320 1714 437 1770 quod
475 1713 677 1770 discipuli
714 1714 834 1756 illius
871 1713 1039 1755 maiora
1078 1712 1311 1762 faciebant,
1350 1712 1456 1754 dum
1496 1713 1553 1754 ad

0 1790 27 1845 ᾗ(
105 1782 306 1824 umbram
348 1782 549 1838 discipuli
594 1797 622 1824 a
666 1797 937 1838 quacumque
983 1781 1240 1823 infirmitate
1282 1781 1553 1823 sanabantur

5 1846 35 1907 ἶ
106 1850 287 1907 aegroti.
347 1849 463 1902 Quid
492 1849 663 1892 multa?
720 1850 922 1892 Astutias
950 1849 1207 1901 Aristotilis,
1231 1848 1425 1905 Grisippi
1451 1864 1551 1892 acu-

49 1936 92 1970 ²5
108 1919 240 1968 mina,
288 1918 567 1974 omniumque
614 1918 972 1975 philosophorum
1026 1918 1269 1960 tendiculas
1321 1931 1553 1974 resurgens

107 1990 307 2030 mortuus
328 1986 597 2029 confutabat.
657 1986 812 2029 Decios
832 1986 962 2029 duces
981 1986 1276 2028 Romanorum
1297 2000 1342 2028 se
1362 2000 1442 2041 pro
1462 1986 1554 2028 suis

107 2055 370 2099 exercitibus
392 2055 621 2097 deuouisse
643 2055 888 2111 percelebre
912 2057 990 2096 est.
1037 2054 1178 2096 Iulius
1201 2068 1372 2109 quoque
1394 2053 1550 2097 Cesar:
1568 2069 1594 2098 e

156 2168 172 2194 1
199 2159 356 2194 Paulum
380 2159 473 2192 etc.:
499 2156 580 2192 Non
606 2154 761 2191 dubium
787 2156 842 2191 est
862 2153 955 2200 quin
977 2153 1052 2189 ista
1071 2165 1092 2190 e
1112 2152 1149 2189 S.
1171 2153 1279 2189 Pauli
1300 2154 1407 2190 actis'
1415 2154 1554 2201 spuriis

106 2204 284 2249 traxerit,
304 2216 336 2239 v.
346 2203 397 2240 M.
411 2203 453 2239 R.
465 2203 487 2238 J
491 2214 601 2246 ames
614 2203 827 2247 Apocrypha
842 2203 1023 2236 Aneodota
1040 2200 1271 2247 (Cantabrig.
1289 2202 1404 2246 1893),
1416 2213 1479 2247 pp.
1498 2203 1553 2247 56,

109 2260 176 2297 573
200 2251 247 2288 cf.
266 2232 357 2286 Zeta
382 2252 442 2286 SS.
461 2249 630 2294 Octob.9
631 2250 764 2289 ..(tom
782 2248 828 2289 iv,
847 2259 884 2293 p.
903 2250 987 2292 704)
1013 2251 1054 2284 et
1079 2247 1226 2283 Ricard.
1249 2247 1295 2283 de
1317 2247 1383 2283 Sto
1400 2248 1552 2285 Victore

107 2300 151 2334 de
167 2279 280 2334 ’Verbo
294 2298 503 2338 Incamato,
520 2308 550 2332 c.
573 2306 614 2340 13
608 2258 779 2341 9(Migne
795 2296 835 2330 P.
854 2296 896 2330 L.
910 2294 1024 2330 cxcvi.
1042 2295 1157 2339 1007).
1285 2304 1306 2330 2
1324 2297 1556 2340 pmedncator

108 2346 284 2390 eyreyt'us:
310 2344 362 2380 sic
387 2343 602 2389 appellatur
624 2341 761 2377 Paulus
784 2353 808 2377 a
831 2340 1012 2387 Gregorio
1038 2340 1164 2387 Magn.
1187 2342 1258 2394 ΕΡ.
1283 2353 1316 2377 v.
1341 2352 1389 2385 40
1407 2341 1551 2388 (Migne

109 2392 150 2428 P.
166 2393 210 2427 L.
228 2390 353 2426 lxxvii.
371 2392 467 2435 767).
635 2397 674 2433 17
701 2390 906 2441 aoscandalo
923 2390 1018 2425 etc..
1009 2399 1018 2407 ·
1043 2400 1075 2422 v.
1097 2398 1111 2424 1
1131 2387 1215 2424 Cor.
1234 2387 1259 2423 i.
1277 2398 1333 2433 23.
1506 2399 1551 2424 22

109 2439 233 2474 illius.
258 2449 308 2474 sc.
326 2436 487 2479 Christi3
510 2448 542 2472 v.
561 2435 689 2471 Ioann.
705 2434 776 2471 xiv.
799 2445 853 2471 12.
1035 2444 1078 2479 23
1103 2435 1266 2470 umbram
1283 2436 1473 2480 discipuli:
1500 2447 1549 2472 sc.

109 2484 236 2526 Petri;
259 2497 293 2521 v.
309 2484 391 2520 Act.
411 2484 509 2536 App.
524 2495 555 2517 v.
576 2491 629 2528 15.
793 2492 837 2526 24
863 2483 1026 2516 Astutias
1042 2483 1135 2518 etc.:
1161 2493 1192 2518 v.
1210 2481 1361 2518 Hieron.
1376 2483 1447 2527 ΕΡ
1473 2481 1551 2519 lvii.

113 2541 155 2568 12
173 2512 314 2578 (Migne
329 2533 369 2566 P.
388 2532 429 2566 L.
447 2529 537 2566 xxii.
558 2529 653 2574 579).
756 2537 811 2574 25,
831 2529 876 2564 26
899 2540 1085 2573 resurgens
1099 2534 1282 2564 mortuus:
1306 2540 1355 2565 sc.
1373 2528 1551 2572 Christus,

110 2589 186 2614 non
217 2579 277 2621 (ut
307 2577 443 2620 James,
470 2577 684 2622 Apocrypha
717 2577 906 2616 Anecdota,
931 2587 968 2620 p.
998 2584 1040 2620 57
1069 2575 1276 2621 suspicatus
1300 2576 1371 2621 est)
1397 2576 1550 2621 quidam

111 2634 135 2659 a
160 2624 277 2660 Paulo
299 2635 424 2660 coram
446 2622 737 2660 Atheniensibus
765 2621 1023 2663 resuscitatum
1050 2633 1138 2658 nam
1161 2622 1254 2659 haec
1279 2634 1355 2658 non
1380 2634 1427 2659 ex
1450 2625 1551 2659 Actis

111 2671 221 2706 Pauli
236 2671 299 2707 sed
316 2682 362 2707 ex
378 2669 599 2716 Hieronymi
616 2669 684 2705 loc.
706 2668 768 2705 cit.
786 2668 914 2704 hausit
932 2670 1079 2705 Noster.
1243 2670 1288 2706 26
1314 2671 1439 2706 Decios
1454 2672 1552 2706 etc:

110 2728 142 2752 v.
158 2716 238 2753 val.
254 2717 354 2753 Max.
374 2726 406 2763 5.
421 2719 444 2754 6
464 2716 504 2763 ἐξ
526 2725 556 2762 5,
574 2717 618 2758 6;
641 2715 737 2762 Aug.
753 2717 796 2751 de
818 2716 889 2751 Civ.
909 2715 1004 2751 Dei
993 2727 1039 2752 iv.
1057 2725 1113 2751 20.
1255 2725 1299 2760 27
1323 2718 1444 2752 lulius
1459 2719 1553 2753 etc.:

111 2774 143 2798 v.
159 2762 357 2800 Woelfflin.
375 2765 471 2800 Caec.
489 2764 592 2799 Balb.
608 2774 645 2809 p.
664 2772 721 2808 32.

1381 2844 1444 2876 243
