1878 3172
118 181 216 216 o'AP.
230 171 271 232 1]
622 168 1055 215 POLICRATICVS
1074 172 1075 177 ’

118 291 282 334 Beatus
312 290 576 334 Benedictus
605 290 731 346 signo
761 289 901 332 crucis
930 302 1011 331 uas
1038 286 1318 330 mortiferum
1348 286 1495 344 fregit,
1521 300 1572 330 ac

116 360 154 403 si
174 375 255 416 pro
274 360 401 417 signo
420 359 609 416 lapidem
630 358 888 401 intorsisset.
933 356 1141 414 Capitula
1160 356 1379 413 euangelii
1398 358 1572 413 gestata

115 429 188 471 uel
219 428 373 471 audita
406 428 478 470 uel
508 427 627 470 dicta
655 427 946 470 inueniuntur
974 425 1192 482 profuisse
1223 425 1569 481 quamplurimis.

37 546 42 550 .
116 497 238 540 Haec
262 497 463 553 equidem
491 499 536 539 et
561 496 723 538 similia
747 509 836 538 non
859 495 989 537 modo
1014 494 1138 537 licita
1163 494 1239 536 sed
1266 496 1312 536 et
1335 493 1571 536 utilissima

75 586 95 618 5
114 570 231 609 sunt.
290 566 394 608 Alia
426 580 532 608 uero
564 579 653 607 non
683 568 775 607 tam
804 563 1153 620 contempnenda
1181 577 1314 619 quam
1345 561 1568 619 fugienda.

114 635 297 677 Certum
330 634 546 690 siquidem
581 636 648 676 est
681 633 799 689 quod
832 632 1119 689 diligentibus
1148 631 1292 673 Deum
1321 631 1469 674 omnia
1497 645 1568 674 co·

112 706 352 760 operantur
366 703 413 744 in
433 702 608 744 bonum.
658 701 863 744 Infideles
884 704 1032 743 autem
1048 703 1093 743 et
1113 699 1320 756 reprobos
1334 702 1414 742 aut
1433 699 1567 741 etiam

112 772 354 814 hesitantes
387 771 433 812 in
465 770 550 812 fide
589 770 742 812 multis
775 769 996 826 permittit
1034 768 1155 811 Deus
1194 768 1568 811 ludificationibus

111 840 345 883 subiacere.
405 840 566 882 Omnia
591 842 740 882 tamen
766 839 914 881 omina
939 841 1115 880 tantum
1142 840 1327 894 possunt
1351 841 1567 894 quantum

54 927 95 950 10
113 908 371 965 excipientis
410 908 518 950 fides
551 907 781 964 permittit.
857 906 983 949 Vnde
1018 909 1063 949 et
1102 906 1244 948 Iulius
1279 904 1416 949 Cesar
1445 906 1569 948 nullo

110 978 297 1035 augurio
326 977 504 1019 nullaue
531 976 842 1033 superstitione
872 990 899 1017 a
922 989 1195 1032 quocumque
1219 974 1394 1031 incepto
1420 974 1568 1031 potuit

110 1046 357 1090 absterreri.
415 1045 616 1102 Contigit
643 1045 759 1087 enim
783 1047 836 1087 ut
862 1044 1123 1100 quandoque
1143 1043 1191 1085 in
1211 1043 1420 1086 Affricam
1439 1044 1564 1085 naui-

108 1115 183 1172 gio
201 1115 477 1172 proficiscens
497 1115 544 1156 in
565 1129 742 1171 egressu
762 1113 890 1155 nauis
910 1113 1235 1169 prolaberetur3
1265 1126 1392 1155 uerso
1415 1112 1565 1168 itaque

109 1184 167 1226 ad
186 1184 342 1226 melius
362 1183 518 1233 omine,
533 1183 676 1225 Teneo
692 1186 749 1232 te,
766 1182 923 1238 inquit,
938 1181 1126 1224 Affrica:
1156 1195 1339 1237 eamque
1358 1181 1565 1224 obtinuit.

51 1271 92 1307 ¹5
110 1253 343 1295 Praeterea
369 1251 611 1308 Calpurnia
632 1265 747 1293 uxor
777 1251 870 1293 eius
900 1264 952 1292 ea
981 1253 1120 1301 nocte,
1146 1264 1279 1305 quam
1308 1250 1346 1291 is
1372 1249 1420 1291 in
1446 1252 1566 1292 terra

108 1321 311 1364 ultimam
336 1321 484 1378 gessit,
503 1321 620 1362 uidit
646 1335 746 1362 eum
772 1319 925 1361 multis
955 1318 1213 1360 uulneribus
1238 1317 1487 1360 confectum
1516 1318 1564 1360 in

107 1389 208 1432 sinu
226 1404 306 1432 suo
325 1389 476 1441 iacere,
490 1403 735 1446 rogansque
755 1392 807 1431 ut
826 1388 897 1430 die
912 1387 1112 1443 sequenti
1133 1401 1160 1428 a
1173 1387 1296 1429 curia
1310 1387 1564 1440 abstineret,

107 1473 196 1501 non
216 1459 421 1509 obtinuit,
439 1473 495 1501 ne
515 1459 589 1501 ille
609 1459 655 1500 in
676 1458 772 1500 uita
791 1471 871 1500 sua
886 1456 1054 1512 aliquid
1069 1456 1276 1499 timidum
1291 1470 1563 1512 quocumque

107 1527 300 1584 auspicio
321 1527 459 1584 egisse
478 1527 716 1570 uideretur.
775 1527 829 1568 In
854 1525 1024 1569 excidio
1044 1525 1396 1575 Massiliensium,
1414 1525 1562 1568 lucum

47 1611 91 1634 20
107 1596 183 1653 qui
203 1596 288 1639 diis
308 1599 504 1639 sacratus
526 1596 783 1645 habebatur,
802 1595 972 1652 primus
999 1608 1133 1636 ausus
1160 1596 1228 1636 est
1253 1593 1443 1644 caedere,
1463 1609 1562 1651 pro-

105 1665 216 1707 bans
246 1679 292 1707 se
326 1665 383 1707 ab
416 1664 536 1707 omni
568 1664 880 1720 superstitione
919 1663 1125 1705 alienum.
1185 1662 1350 1704 Beatus
1389 1676 1562 1720 quoque

105 1733 280 1776 Marcus
300 1734 631 1791 euangelizandi
658 1748 789 1775 causa
815 1732 1132 1775 Alexandriam
1151 1731 1441 1788 proficiscens,
1460 1746 1561 1774 cum

103 1817 263 1844 nauem
290 1817 488 1859 egressus
514 1802 706 1858 rupisset
731 1802 935 1851 calceum,
958 1801 1127 1857 gratias
1154 1815 1289 1856 agens
1315 1800 1402 1842 iter
1430 1814 1559 1842 suum

104 1871 359 1927 expeditum
394 1886 486 1913 esse
524 1874 794 1927 protestatus
829 1873 907 1912 est.
968 1869 1018 1912 Si
1046 1869 1145 1925 quis
1177 1871 1410 1911 reuocatur
1441 1869 1559 1910 inter

46 1954 86 1989 25
104 1939 308 1989 eundum,
328 1953 417 1981 non
445 1939 502 1981 ob
530 1939 623 1989 hoc,
650 1939 687 1980 si
718 1939 895 1994 quidem
924 1938 972 1980 in
998 1938 1174 1980 nomine
1201 1937 1380 1979 Domini
1410 1937 1559 1979 fuerat

104 2007 369 2058 inchoatum,
399 2007 737 2063 praetermittat,
767 2007 853 2049 nisi
883 2006 999 2048 forte
1028 2020 1202 2048 omnem
1236 2005 1558 2048 reuocationem

102 2076 343 2118 ominosam
365 2091 456 2118 esse
476 2076 597 2118 corui
616 2075 905 2131 persuadetur
920 2075 1131 2130 exemplo,
1147 2074 1223 2130 qui
1238 2073 1394 2116 coloris
1409 2074 1559 2116 amisit

102 2148 392 2194 uenustatem‚
412 2145 517 2186 dum
538 2148 769 2186 reuocatus
788 2158 815 2185 a
835 2143 1006 2186 cornice
1024 2142 1230 2199 progredi
1246 2142 1404 2183 maluit
1424 2157 1557 2197 quam

101 2228 288 2256 manere.
348 2213 433 2255 His
453 2228 557 2255 uero
577 2227 699 2255 mens
715 2213 846 2269 nugis
866 2213 1044 2255 incauta
1063 2211 1299 2261 seducitur,
1318 2210 1395 2253 sed
1414 2211 1556 2254 fidelis

41 2300 86 2333 30
101 2296 378 2339 nequaquam
398 2282 651 2338 adquiescit.

104 2413 147 2447 14
172 2401 340 2448 optinuit
356 2401 391 2435 A
533 2402 575 2436 18
601 2399 768 2446 optinuit
784 2399 818 2434 A
959 2408 1002 2446 25
1028 2398 1120 2444 quid
1138 2398 1179 2434 M
1320 2400 1366 2435 26
1391 2410 1502 2436 omen
1515 2398 1554 2434 M

152 2522 167 2549 1
187 2514 323 2548 Beatus
339 2514 432 2548 etc.:
459 2511 570 2557 Greg.
587 2511 713 2564 Magn.
728 2512 828 2547 Dial.
841 2510 880 2545 ii.
895 2520 916 2555 3
936 2509 1082 2555 (Migne
1098 2511 1139 2545 P.
1157 2511 1201 2545 L.
1219 2508 1306 2545 lxvi.
1329 2509 1422 2555 136).
1532 2513 1555 2548 6

101 2561 331 2604 dv’liyentibus
352 2561 446 2595 etc.:
473 2559 578 2595 Rom.
603 2570 677 2593 vm.
705 2560 760 2593 28.
775 2604 782 2611 ι
905 2568 946 2593 12
975 2559 1128 2602 Contiyn't
1153 2559 1248 2593 etc.:
1274 2557 1374 2593 Suet.
1399 2559 1472 2593 Iul.
1500 2567 1555 2604 59.

101 2608 537 2698 mergara&-
556 2605 636 2641 Μ
651 2603 974 2688 3311331..
1000 2605 1554 2697 azazezsaesffiiffl:

103 2709 147 2743 27
172 2703 272 2736 corui
288 2701 383 2736 etc.:
408 2712 439 2735 v.
458 2699 521 2736 Ov.
538 2701 621 2735 Met.
643 2698 683 2734 ii.
702 2707 767 2745 547
781 2708 882 2743 seqq.

1397 2844 1441 2888 ⁶⁷

1586 169 1710 218 4161)

1583 1059 1607 1087 C

1574 1870 1603 1909 d
