1878 3172
138 108 228 187 ¹407
246 147 278 176 a
622 135 880 180 IOANNIS
921 135 1434 180 SARESBERIENSIS
1610 136 1724 198 [Lm.
1738 150 1758 182 1

293 256 426 306 tiunt,
470 256 601 299 rebus
650 257 855 299 adimunt
903 256 1067 313 species
1107 270 1221 309 suas,
1261 259 1454 300 uentura
1499 257 1758 316 plerumque

244 325 274 363 b
292 326 621 382 praenuntiant,
636 326 821 369 turbant
836 328 1005 368 mentes
1021 325 1262 375 hominum,
1278 325 1530 369 immittunt
1544 327 1758 384 sompnia,

292 395 576 452 hominesque
596 395 809 438 uiolentia
838 394 1045 438 carminis
1073 393 1311 436 dumtaxat
1337 394 1554 448 occidunt,
1575 396 1693 453 quod
1713 399 1757 440 et

293 464 520 508 Lucanum
540 467 742 507 nostrum
762 479 852 507 non
871 464 1017 506 latuit.
1076 463 1157 506 Ait
1177 463 1295 505 enim
1312 478 1321 505 :

524 534 649 577 Mens
679 534 828 576 hausti
858 533 981 576 nulla
1010 533 1132 576 sanie
1161 533 1333 590 polluta
1361 533 1523 576 ueneni
1777 557 1796 591 5

522 592 749 635 incantata
779 591 906 648 perit.

293 660 352 703 Et
371 676 427 703 ne
447 661 530 703 tibi
551 676 691 718 parua
705 661 913 703 uideatur
927 660 1047 702 illius
1062 659 1316 711 auctoritas,
1328 660 1446 704 nosti
1466 661 1584 718 quod
1597 660 1758 705 Iannes

291 732 338 772 et
378 730 578 773 Mambre
619 730 739 787 magi
777 729 1020 772 Pharaonis
1051 729 1275 786 (Egyptus
1305 730 1471 772 etenim
1499 730 1757 774 huiusmodi

291 799 655 856 superstitionum
688 802 732 841 et
763 799 1079 841 maleficiorum
1109 801 1253 841 mater
1282 800 1379 856 est),
1404 798 1534 850 nosti,
1561 799 1756 857 inquam,

291 882 364 910 eos
390 883 479 910 non
508 868 637 910 modo
658 868 804 924 Moysi
830 868 1044 910 restitisse
1070 867 1147 910 sed
1176 881 1276 910 cum
1307 882 1358 911 eo
1387 868 1526 926 signis
1553 871 1599 911 et
1624 869 1756 912 mira·
1777 895 1818 919 10

290 937 400 979 culis
431 936 717 987 contendisse,
745 937 848 979 licet
880 937 1161 993 postmodum
1200 936 1273 980 uel
1308 937 1443 980 inuiti
1483 938 1624 981 coacti
1665 938 1757 981 sint

292 1006 482 1063 digitum
503 1005 587 1048 Dei
607 1005 654 1047 in
675 1005 812 1062 signis
833 1005 979 1062 Moysi
999 1005 1211 1050 confiteri.

620 1119 728 1178 Cap.
761 1133 823 1163 11.
874 1121 939 1164 De
967 1118 1190 1177 speciebus
1218 1119 1432 1176 mayicae.

351 1201 492 1244 Varro
524 1203 673 1244 autem
713 1200 1033 1244 curiosissimus
1072 1200 1189 1243 inter
1228 1200 1510 1257 philosophos
1543 1203 1758 1258 quattuor

294 1271 457 1326 species
477 1270 765 1313 diuinationis
786 1270 842 1312 ab
862 1269 1090 1312 elementis
1105 1271 1337 1312 mutuatus
1353 1272 1430 1321 est,
1443 1269 1756 1327 piromantiam
1776 1294 1816 1328 15

248 1350 277 1380 vc
294 1339 469 1389 scilicet,
503 1339 822 1391 aerimantiam‚
852 1338 1194 1395 ydromantiam,
1223 1341 1268 1381 et
1301 1339 1611 1395 geomantiam,
1643 1339 1755 1382 mul-

294 1413 450 1465 tasque
476 1408 639 1465 species
665 1408 836 1451 uidebis
864 1423 920 1451 ex
946 1408 1016 1450 his
1041 1407 1260 1464 capitibus
1289 1407 1519 1464 pullulare,
1539 1408 1633 1451 siue
1659 1411 1757 1452 arte

294 1478 387 1520 siue
412 1477 562 1520 furore
589 1477 807 1520 diuinatio
842 1479 1093 1533 peragatur,
1130 1490 1318 1533 quarum
1350 1477 1531 1519 nomina
1565 1476 1756 1534 exempli

294 1561 426 1589 causa
454 1546 526 1589 uel
556 1561 696 1603 pauca
726 1546 951 1590 subiciam.

295 1660 401 1717 Cap.
438 1673 500 1704 12.
561 1660 652 1714 Qui
681 1660 775 1702 sint
800 1660 1116 1711 incantatores,
1144 1660 1298 1712 arioli,
1325 1660 1564 1717 aruspices,
1586 1660 1755 1717 phycii,
1773 1676 1820 1700 20

408 1729 644 1779 uultiuoli,
658 1728 951 1785 imayi‘narii,
972 1729 1242 1782 coniectores,
1262 1729 1591 1780 chiromantici,
1606 1745 1755 1786 specu-

409 1799 537 1851 larii,
557 1798 876 1850 mathematici,
896 1798 1178 1849 salissatores,
1199 1798 1410 1855 sortileqi,
1431 1813 1642 1855 augures.

351 1879 656 1922 Incantatores
677 1879 853 1935 quidem
874 1881 991 1931 sunt,
1012 1879 1088 1934 qui
1109 1881 1250 1921 artem
1271 1879 1420 1921 uerbis
1440 1883 1658 1924 exercent.

351 1948 505 2001 Arioli,
549 1948 626 2004 qui
675 1948 790 1990 circa
839 1963 938 1990 aras
987 1947 1182 1991 nefarias
1230 1963 1379 2005 preces
1424 1951 1504 1991 aut
1552 1951 1757 1992 execrata
1802 1993 1805 1996 χ

292 2017 505 2060 sacrificia
526 2017 708 2068 faciunt,
728 2017 776 2058 in
800 2031 987 2073 quorum
1015 2017 1259 2060 ceruicibus
1286 2020 1353 2060 est
1380 2032 1538 2060 manus
1563 2017 1755 2069 Domini,
1775 2042 1815 2078 ‚5

293 2087 465 2130 dicente
485 2086 723 2143 propheta:
754 2085 929 2129 Ariolos
950 2089 994 2129 et
1014 2101 1167 2144 magos
1187 2101 1277 2130 non
1297 2087 1480 2144 patieris
1499 2087 1664 2132 uiuere.

291 2206 311 2231 2
338 2194 483 2230 somnia
501 2193 559 2229 BS
727 2204 746 2239 7
771 2194 918 2230 iamnes
936 2193 1011 2228 AM
1181 2205 1223 2238 14
1248 2194 1504 2241 phylosophos
1521 2194 1548 2231 C
1712 2196 1756 2231 16

291 2242 561 2278 idromantiam
579 2240 620 2276 M
802 2252 849 2277 20
873 2241 972 2285 Quid
990 2241 1068 2277 sint
1085 2240 1352 2286 incantatores,
1371 2241 1490 2286 arioli,
1508 2240 1697 2287 aruspices
1714 2244 1754 2278 et

290 2289 514 2326 huiusmodi.
567 2288 591 2324 S
609 2291 650 2324 in
666 2289 814 2325 rubrica
831 2302 906 2335 cap.
918 2292 1093 2335 praefixa
1236 2299 1276 2325 21
1297 2288 1490 2334 uultiuoli]
1508 2288 1700 2326 Multiuoli
1713 2289 1754 2324 M

292 2404 323 2428 6.
348 2404 389 2438 14
409 2393 480 2432 (ed.
501 2393 713 2440 Friedberg.
733 2393 757 2428 i.
782 2392 888 2438 1032)
907 2392 1008 2428 Ivon.
1029 2392 1180 2428 Carnot.
1200 2394 1335 2428 Decret.
1356 2391 1406 2428 xi.
1426 2393 1482 2435 67.
1606 2400 1624 2438 5
1650 2393 1755 2428 Mens

291 2441 362 2475 etc.
379 2453 387 2475 :
412 2440 549 2476 Lucan.
568 2442 696 2476 Phars.
714 2440 758 2475 vi.
777 2449 858 2486 457,
877 2452 935 2485 ap.
956 2439 1042 2475 Isid.
1062 2441 1124 2475 loc.
1146 2441 1202 2475 cit.
1299 2448 1319 2483 7
1344 2441 1479 2474 Ianne-s·
1494 2441 1566 2475 etc.
1582 2451 1591 2473 ε
1617 2449 1639 2475 2
1655 2438 1750 2474 Tim.

290 2486 344 2521 iii.
365 2489 408 2529 ὃς
436 2487 519 2523 vide
539 2486 653 2523 Exod.
673 2487 734 2522 vii.
755 2498 791 2523 11
809 2499 929 2533 seqq.;
947 2487 993 2523 cf.
1010 2487 1095 2522 Isid.
1113 2488 1208 2531 Oriq.
1222 2486 1298 2522 viii.
1319 2497 1341 2532 9
1360 2485 1377 2532 §
1396 2497 1431 2531 4.
1533 2487 1554 2521 8
1570 2487 1753 2531 Eyyptus:

293 2534 339 2570 cf.
359 2533 460 2578 Orig.
478 2536 583 2569 Hom.
603 2547 631 2570 v.
649 2536 689 2570 in
705 2537 815 2570 Josue
830 2547 881 2579 v.;
909 2537 1043 2570 Decret.
1065 2533 1113 2569 ΙΙ.
1134 2533 1246 2569 xxvii.
1262 2544 1283 2569 2
1302 2545 1332 2569 6.
1352 2543 1384 2578 9.
1533 2543 1573 2568 12
1599 2535 1755 2578 digitum

293 2582 363 2616 Dei
380 2583 449 2616 etc.
468 2593 475 2615 :
502 2581 617 2617 Exod.
636 2581 712 2617 viii.
737 2592 788 2626 19.
933 2592 973 2626 13
1002 2583 1055 2617 De
1071 2582 1251 2626 speciebus
1267 2582 1445 2624 magicae:
1470 2579 1517 2616 cf.
1537 2591 1624 2615 cum
1641 2591 1752 2626 capp.

297 2638 350 2669 11,
372 2638 412 2663 12
438 2628 583 2674 Hugon.
603 2629 648 2663 de
667 2629 703 2664 S.
721 2629 874 2664 Victore
887 2631 1005 2663 Erud.
1024 2630 1109 2664 Did.
1123 2627 1170 2663 vi.
1189 2637 1226 2674 15
1246 2627 1389 2673 (Migne
1402 2629 1444 2663 P.
1457 2629 1500 2663 L.
1511 2626 1753 2663 clxxvi.810—

293 2674 391 2718 812).
550 2686 591 2719 14
622 2677 735 2711 Varro
760 2678 853 2711 etc.:
881 2675 966 2711 Isid.
989 2677 1084 2721 Oriy.
1103 2675 1178 2710 viii.
1198 2686 1220 2720 9
1247 2674 1264 2720 ξ
1296 2685 1347 2719 13.
1512 2683 1552 2718 17
1579 2676 1656 2709 siue
1677 2680 1753 2710 arte

290 2723 369 2758 siue
377 2724 524 2767 furore:
551 2722 636 2757 Isid.
655 2725 750 2767 Oriy.
762 2722 837 2758 viii.
854 2734 875 2768 9
890 2723 907 2768 ξ
927 2734 977 2767 14.
1107 2733 1150 2767 23
1168 2724 1414 2757 Incantatores
1430 2723 1499 2757 etc.
1514 2734 1522 2756 z
1548 2720 1636 2757 Isid.
1654 2723 1752 2767 Oria.

293 2768 368 2805 viii.
385 2780 416 2815 9.
468 2771 512 2805 26
530 2771 674 2806 Ariolos
689 2775 725 2805 et
734 2782 853 2815 mayos
869 2773 938 2806 etc.
953 2783 961 2806 z
987 2782 1019 2806 v.
1033 2770 1115 2806 Lev.
1133 2780 1191 2805 xx.
1207 2771 1229 2806 6
1243 2782 1252 2812 ;
1271 2767 1387 2805 Exod.
1403 2779 1464 2805 xx.
1482 2770 1534 2805 18.

403 2850 446 2881 50
