<?xml version="1.0" encoding="UTF-8"?>
<!DOCTYPE html PUBLIC "-//W3C//DTD XHTML 1.0 Transitional//EN"
    "http://www.w3.org/TR/xhtml1/DTD/xhtml1-transitional.dtd">
<html xmlns="http://www.w3.org/1999/xhtml" xml:lang="en" lang="en">
 <head>
  <title>
</title>
<meta http-equiv="Content-Type" content="text/html;charset=utf-8" />
  <meta name='ocr-system' content='tesseract 3.04.00' />
  <meta name='ocr-capabilities' content='ocr_page ocr_carea ocr_par ocr_line ocrx_word'/>
</head>
<body>
  <div class='ocr_page' id='page_1' title='image "./ioannissaresberi01johnuoft_0284.png"; bbox 0 0 1878 3172; ppageno 0'>
   <div class='ocr_carea' id='block_1_1' title="bbox 161 109 1776 188">
    <p class='ocr_par' dir='ltr' id='par_1_1' title="bbox 161 109 1776 188">
     <span class='ocr_line' id='line_1_1' title="bbox 161 109 1776 188; baseline -0.005 -10"><span class='ocrx_word' id='word_1_1' title='bbox 161 147 250 188; x_wconf 84' lang='lat'>⁵09</span> <span class='ocrx_word' id='word_1_2' title='bbox 269 135 298 178; x_wconf 81' lang='lat' dir='ltr'>d</span> <span class='ocrx_word' id='word_1_3' title='bbox 642 128 903 174; x_wconf 85' lang='lat' dir='ltr'><strong>IOANNIS</strong></span> <span class='ocrx_word' id='word_1_4' title='bbox 944 109 1456 173; x_wconf 79' lang='lat' dir='ltr'><strong>SARESBERIENSIS</strong></span> <span class='ocrx_word' id='word_1_5' title='bbox 1589 125 1701 188; x_wconf 67' lang='grc' dir='ltr'><strong>[ΠΒ.</strong></span> <span class='ocrx_word' id='word_1_6' title='bbox 1715 138 1776 171; x_wconf 94' lang='lat'>111</span> 
     </span>
    </p>
   </div>
   <div class='ocr_carea' id='block_1_2' title="bbox 176 247 1866 1000">
    <p class='ocr_par' dir='ltr' id='par_1_2' title="bbox 176 247 1866 1000">
     <span class='ocr_line' id='line_1_2' title="bbox 312 247 1778 307; baseline -0.003 -13"><span class='ocrx_word' id='word_1_7' title='bbox 312 250 490 307; x_wconf 88' lang='lat' dir='ltr'>aucupii</span> <span class='ocrx_word' id='word_1_8' title='bbox 529 252 748 301; x_wconf 91' lang='lat' dir='ltr'>noctuam,</span> <span class='ocrx_word' id='word_1_9' title='bbox 787 263 900 306; x_wconf 90' lang='lat' dir='ltr'>quae</span> <span class='ocrx_word' id='word_1_10' title='bbox 939 247 1113 294; x_wconf 82' lang='lat' dir='ltr'>Cesaris</span> <span class='ocrx_word' id='word_1_11' title='bbox 1146 250 1296 292; x_wconf 87' lang='lat' dir='ltr'>noctes</span> <span class='ocrx_word' id='word_1_12' title='bbox 1329 248 1666 305; x_wconf 86' lang='lat' dir='ltr'>inquietauerat,</span> <span class='ocrx_word' id='word_1_13' title='bbox 1700 261 1778 304; x_wconf 87' lang='lat' dir='ltr'>spe</span> 
     </span>
     <span class='ocr_line' id='line_1_3' title="bbox 313 316 1776 377; baseline -0.003 -15"><span class='ocrx_word' id='word_1_14' title='bbox 313 320 507 377; x_wconf 88' lang='lat' dir='ltr'>ingentis</span> <span class='ocrx_word' id='word_1_15' title='bbox 538 319 723 376; x_wconf 88' lang='lat' dir='ltr'>praemii</span> <span class='ocrx_word' id='word_1_16' title='bbox 753 321 929 376; x_wconf 89' lang='lat' dir='ltr'>captam</span> <span class='ocrx_word' id='word_1_17' title='bbox 959 318 1067 361; x_wconf 93' lang='lat' dir='ltr'>tulit</span> <span class='ocrx_word' id='word_1_18' title='bbox 1100 318 1157 361; x_wconf 88' lang='lat' dir='ltr'>ad</span> <span class='ocrx_word' id='word_1_19' title='bbox 1191 317 1409 362; x_wconf 85' lang='lat' dir='ltr'>Cesarem.</span> <span class='ocrx_word' id='word_1_20' title='bbox 1466 317 1667 360; x_wconf 90' lang='lat' dir='ltr'>Laudato</span> <span class='ocrx_word' id='word_1_21' title='bbox 1695 316 1776 358; x_wconf 91' lang='lat' dir='ltr'>im-</span> 
     </span>
     <span class='ocr_line' id='line_1_4' title="bbox 312 386 1777 446; baseline -0.003 -14"><span class='ocrx_word' id='word_1_22' title='bbox 312 391 492 446; x_wconf 88' lang='lat' dir='ltr'>perator</span> <span class='ocrx_word' id='word_1_23' title='bbox 510 388 630 431; x_wconf 85' lang='lat' dir='ltr'>mille</span> <span class='ocrx_word' id='word_1_24' title='bbox 649 402 852 431; x_wconf 81' lang='lat' dir='ltr'>nummos</span> <span class='ocrx_word' id='word_1_25' title='bbox 876 387 974 430; x_wconf 90' lang='lat' dir='ltr'>dari</span> <span class='ocrx_word' id='word_1_26' title='bbox 992 387 1134 431; x_wconf 87' lang='lat' dir='ltr'>iussit.</span> <span class='ocrx_word' id='word_1_27' title='bbox 1191 387 1255 430; x_wconf 93' lang='lat' dir='ltr'>At</span> <span class='ocrx_word' id='word_1_28' title='bbox 1277 387 1352 430; x_wconf 88' lang='lat' dir='ltr'>ille</span> <span class='ocrx_word' id='word_1_29' title='bbox 1371 401 1505 430; x_wconf 87' lang='lat' dir='ltr'>ausus</span> <span class='ocrx_word' id='word_1_30' title='bbox 1524 389 1592 430; x_wconf 84' lang='lat' dir='ltr'>est</span> <span class='ocrx_word' id='word_1_31' title='bbox 1611 386 1777 429; x_wconf 78' lang='lat' dir='ltr'>dicere:</span> 
     </span>
     <span class='ocr_line' id='line_1_5' title="bbox 313 455 1778 514; baseline -0.002 -13"><span class='ocrx_word' id='word_1_32' title='bbox 313 458 433 501; x_wconf 92' lang='lat' dir='ltr'>Malo</span> <span class='ocrx_word' id='word_1_33' title='bbox 472 458 610 509; x_wconf 92' lang='lat' dir='ltr'>uiuat,</span> <span class='ocrx_word' id='word_1_34' title='bbox 643 471 858 514; x_wconf 90' lang='lat' dir='ltr'>auemque</span> <span class='ocrx_word' id='word_1_35' title='bbox 896 457 1076 500; x_wconf 89' lang='lat' dir='ltr'>dimisit.</span> <span class='ocrx_word' id='word_1_36' title='bbox 1135 456 1347 513; x_wconf 90' lang='lat' dir='ltr'>Abiitque</span> <span class='ocrx_word' id='word_1_37' title='bbox 1381 458 1620 500; x_wconf 83' lang='lat' dir='ltr'>contumax</span> <span class='ocrx_word' id='word_1_38' title='bbox 1652 455 1778 498; x_wconf 85' lang='lat' dir='ltr'>miles</span> 
     </span>
     <span class='ocr_line' id='line_1_6' title="bbox 311 524 1815 576; baseline -0.002 -6"><span class='ocrx_word' id='word_1_39' title='bbox 311 542 404 570; x_wconf 92' lang='lat' dir='ltr'>non</span> <span class='ocrx_word' id='word_1_40' title='bbox 425 527 519 570; x_wconf 90' lang='lat' dir='ltr'>sine</span> <span class='ocrx_word' id='word_1_41' title='bbox 539 526 832 569; x_wconf 72' lang='lat' dir='ltr'>admiratione</span> <span class='ocrx_word' id='word_1_42' title='bbox 851 526 1105 576; x_wconf 86' lang='lat' dir='ltr'>multorum,</span> <span class='ocrx_word' id='word_1_43' title='bbox 1126 525 1284 569; x_wconf 86' lang='lat' dir='ltr'>Cesare</span> <span class='ocrx_word' id='word_1_44' title='bbox 1304 539 1393 568; x_wconf 91' lang='lat' dir='ltr'>non</span> <span class='ocrx_word' id='word_1_45' title='bbox 1413 525 1588 568; x_wconf 87' lang='lat' dir='ltr'>offenso.</span> <span class='ocrx_word' id='word_1_46' title='bbox 1646 524 1777 567; x_wconf 86' lang='lat' dir='ltr'>Vete-</span> <span class='ocrx_word' id='word_1_47' title='bbox 1794 542 1815 576; x_wconf 86' lang='lat'>5</span> 
     </span>
     <span class='ocr_line' id='line_1_7' title="bbox 314 593 1779 652; baseline -0.002 -13"><span class='ocrx_word' id='word_1_48' title='bbox 314 611 450 639; x_wconf 90' lang='lat' dir='ltr'>ranus</span> <span class='ocrx_word' id='word_1_49' title='bbox 477 611 576 639; x_wconf 91' lang='lat' dir='ltr'>cum</span> <span class='ocrx_word' id='word_1_50' title='bbox 603 596 687 638; x_wconf 90' lang='lat' dir='ltr'>sibi</span> <span class='ocrx_word' id='word_1_51' title='bbox 715 595 786 638; x_wconf 92' lang='lat' dir='ltr'>die</span> <span class='ocrx_word' id='word_1_52' title='bbox 810 595 928 639; x_wconf 87' lang='lat' dir='ltr'>dicto</span> <span class='ocrx_word' id='word_1_53' title='bbox 954 595 1280 652; x_wconf 70' lang='lat' dir='ltr'>periclitaretur</span> <span class='ocrx_word' id='word_1_54' title='bbox 1306 594 1512 638; x_wconf 86' lang='lat' dir='ltr'>Cesarem</span> <span class='ocrx_word' id='word_1_55' title='bbox 1534 594 1712 652; x_wconf 87' lang='lat' dir='ltr'>rogauit</span> <span class='ocrx_word' id='word_1_56' title='bbox 1730 593 1779 636; x_wconf 93' lang='lat' dir='ltr'>in</span> 
     </span>
     <span class='ocr_line' id='line_1_8' title="bbox 314 653 1826 723; baseline -0.003 -14"><span class='ocrx_word' id='word_1_57' title='bbox 314 666 491 723; x_wconf 91' lang='lat' dir='ltr'>publico</span> <span class='ocrx_word' id='word_1_58' title='bbox 509 668 563 708; x_wconf 92' lang='lat' dir='ltr'>ut</span> <span class='ocrx_word' id='word_1_59' title='bbox 582 665 777 718; x_wconf 84' lang='lat' dir='ltr'>adesset3</span> <span class='ocrx_word' id='word_1_60' title='bbox 806 665 880 708; x_wconf 95' lang='grc'><strong>1116</strong></span> <span class='ocrx_word' id='word_1_61' title='bbox 900 665 1328 721; x_wconf 86' lang='lat' dir='ltr'>praestantissimum</span> <span class='ocrx_word' id='word_1_62' title='bbox 1349 663 1628 714; x_wconf 86' lang='lat' dir='ltr'>aduocatum,</span> <span class='ocrx_word' id='word_1_63' title='bbox 1648 677 1779 720; x_wconf 90' lang='lat' dir='ltr'>quem</span> <span class='ocrx_word' id='word_1_64' title='bbox 1821 653 1826 656; x_wconf 43' lang='lat'>⁵</span> 
     </span>
     <span class='ocr_line' id='line_1_9' title="bbox 315 732 1864 793; baseline -0.002 -16"><span class='ocrx_word' id='word_1_65' title='bbox 315 735 519 793; x_wconf 87' lang='lat' dir='ltr'>elegerat,</span> <span class='ocrx_word' id='word_1_66' title='bbox 551 734 645 777; x_wconf 91' lang='lat' dir='ltr'>sine</span> <span class='ocrx_word' id='word_1_67' title='bbox 674 749 798 777; x_wconf 92' lang='lat' dir='ltr'>mora</span> <span class='ocrx_word' id='word_1_68' title='bbox 827 733 960 784; x_wconf 90' lang='lat' dir='ltr'>dedit,</span> <span class='ocrx_word' id='word_1_69' title='bbox 989 733 1399 790; x_wconf 87' lang='lat' dir='ltr'>commendauitque</span> <span class='ocrx_word' id='word_1_70' title='bbox 1428 732 1469 776; x_wconf 92' lang='grc'>61</span> <span class='ocrx_word' id='word_1_71' title='bbox 1498 733 1778 790; x_wconf 69' lang='lat' dir='ltr'>litigatorem.</span> <span class='ocrx_word' id='word_1_72' title='bbox 1862 779 1864 783; x_wconf 54' lang='grc'>,</span> 
     </span>
     <span class='ocr_line' id='line_1_10' title="bbox 176 802 1866 860; baseline -0.002 -13"><span class='ocrx_word' id='word_1_73' title='bbox 176 821 250 860; x_wconf 88' lang='lat'>510</span> <span class='ocrx_word' id='word_1_74' title='bbox 269 822 300 851; x_wconf 84' lang='lat' dir='ltr'>a</span> <span class='ocrx_word' id='word_1_75' title='bbox 315 804 563 847; x_wconf 91' lang='lat' dir='ltr'>Veteranus</span> <span class='ocrx_word' id='word_1_76' title='bbox 597 805 746 846; x_wconf 90' lang='lat' dir='ltr'>autem</span> <span class='ocrx_word' id='word_1_77' title='bbox 785 803 1052 846; x_wconf 85' lang='lat' dir='ltr'>exclamauit</span> <span class='ocrx_word' id='word_1_78' title='bbox 1088 817 1195 846; x_wconf 91' lang='lat' dir='ltr'>uoce</span> <span class='ocrx_word' id='word_1_79' title='bbox 1233 816 1418 860; x_wconf 80' lang='lat' dir='ltr'>magna:</span> <span class='ocrx_word' id='word_1_80' title='bbox 1461 802 1526 845; x_wconf 93' lang='lat' dir='ltr'>At</span> <span class='ocrx_word' id='word_1_81' title='bbox 1563 816 1652 844; x_wconf 92' lang='lat' dir='ltr'>non</span> <span class='ocrx_word' id='word_1_82' title='bbox 1687 815 1779 858; x_wconf 89' lang='lat' dir='ltr'>ego,</span> <span class='ocrx_word' id='word_1_83' title='bbox 1857 811 1866 839; x_wconf 66' lang='lat' dir='ltr'><strong><em>f</em></strong></span> 
     </span>
     <span class='ocr_line' id='line_1_11' title="bbox 317 869 1862 930; baseline -0.004 -13"><span class='ocrx_word' id='word_1_84' title='bbox 317 872 462 924; x_wconf 82' lang='lat' dir='ltr'>Cesar,</span> <span class='ocrx_word' id='word_1_85' title='bbox 488 872 767 930; x_wconf 81' lang='lat' dir='ltr'>periclitante</span> <span class='ocrx_word' id='word_1_86' title='bbox 792 875 838 915; x_wconf 92' lang='lat' dir='ltr'>te</span> <span class='ocrx_word' id='word_1_87' title='bbox 863 872 978 915; x_wconf 92' lang='lat' dir='ltr'>bello</span> <span class='ocrx_word' id='word_1_88' title='bbox 1004 871 1197 924; x_wconf 88' lang='lat' dir='ltr'>Actiaco,</span> <span class='ocrx_word' id='word_1_89' title='bbox 1221 871 1437 915; x_wconf 88' lang='lat' dir='ltr'>uicarium</span> <span class='ocrx_word' id='word_1_90' title='bbox 1468 871 1678 928; x_wconf 89' lang='lat' dir='ltr'>quaesiui,</span> <span class='ocrx_word' id='word_1_91' title='bbox 1702 869 1779 913; x_wconf 89' lang='lat' dir='ltr'>sed</span> <span class='ocrx_word' id='word_1_92' title='bbox 1798 886 1839 911; x_wconf 88' lang='lat'>10</span> <span class='ocrx_word' id='word_1_93' title='bbox 1860 892 1862 901; x_wconf 87' lang='lat'>=</span> 
     </span>
     <span class='ocr_line' id='line_1_12' title="bbox 314 935 1863 1000; baseline -0.001 -15"><span class='ocrx_word' id='word_1_94' title='bbox 314 957 395 1000; x_wconf 89' lang='lat' dir='ltr'>pro</span> <span class='ocrx_word' id='word_1_95' title='bbox 443 945 490 985; x_wconf 89' lang='lat' dir='ltr'>te</span> <span class='ocrx_word' id='word_1_96' title='bbox 537 942 631 999; x_wconf 91' lang='lat' dir='ltr'>ipse</span> <span class='ocrx_word' id='word_1_97' title='bbox 679 941 901 999; x_wconf 88' lang='lat' dir='ltr'>pugnaui;</span> <span class='ocrx_word' id='word_1_98' title='bbox 959 941 1216 998; x_wconf 84' lang='lat' dir='ltr'>detexitque</span> <span class='ocrx_word' id='word_1_99' title='bbox 1263 941 1497 998; x_wconf 88' lang='lat' dir='ltr'>impressas</span> <span class='ocrx_word' id='word_1_100' title='bbox 1545 939 1780 984; x_wconf 70' lang='lat' dir='ltr'>cicatrices</span> <span class='ocrx_word' id='word_1_101' title='bbox 1858 935 1863 977; x_wconf 75' lang='lat' dir='ltr'>j</span> 
     </span>
    </p>
   </div>
   <div class='ocr_carea' id='block_1_3' title="bbox 1840 0 1878 839">
    <p class='ocr_par' dir='ltr' id='par_1_3' title="bbox 1840 0 1878 839">
     <span class='ocr_line' id='line_1_13' title="bbox 1840 0 1878 839; baseline 0 0"><span class='ocrx_word' id='word_1_102' title='bbox 1840 0 1878 839; x_wconf 95' lang='lat' dir='ltr'>  </span> 
     </span>
    </p>
   </div>
   <div class='ocr_carea' id='block_1_4' title="bbox 315 929 1878 1334">
    <p class='ocr_par' dir='ltr' id='par_1_4' title="bbox 315 929 1878 1334">
     <span class='ocr_line' id='line_1_14' title="bbox 315 929 1878 1068; baseline -0.002 -14"><span class='ocrx_word' id='word_1_103' title='bbox 315 1012 509 1054; x_wconf 88' lang='lat' dir='ltr'>Erubuit</span> <span class='ocrx_word' id='word_1_104' title='bbox 535 1010 671 1055; x_wconf 81' lang='lat' dir='ltr'>Cesar</span> <span class='ocrx_word' id='word_1_105' title='bbox 695 1011 908 1068; x_wconf 88' lang='lat' dir='ltr'>uenitque</span> <span class='ocrx_word' id='word_1_106' title='bbox 934 1011 982 1053; x_wconf 93' lang='lat' dir='ltr'>in</span> <span class='ocrx_word' id='word_1_107' title='bbox 1007 1010 1352 1061; x_wconf 87' lang='lat' dir='ltr'>aduocationem,</span> <span class='ocrx_word' id='word_1_108' title='bbox 1377 1012 1430 1053; x_wconf 96' lang='lat' dir='ltr'>ut</span> <span class='ocrx_word' id='word_1_109' title='bbox 1456 1010 1532 1067; x_wconf 91' lang='lat' dir='ltr'>qui</span> <span class='ocrx_word' id='word_1_110' title='bbox 1552 1011 1781 1052; x_wconf 89' lang='lat' dir='ltr'>uereretur</span> <span class='ocrx_word' id='word_1_111' title='bbox 1860 929 1878 1067; x_wconf 60' lang='lat' dir='ltr'>f}</span> 
     </span>
     <span class='ocr_line' id='line_1_15' title="bbox 315 1042 1878 1143; baseline -0.002 -19"><span class='ocrx_word' id='word_1_112' title='bbox 315 1096 405 1124; x_wconf 92' lang='lat' dir='ltr'>non</span> <span class='ocrx_word' id='word_1_113' title='bbox 425 1081 640 1138; x_wconf 90' lang='lat' dir='ltr'>superbus</span> <span class='ocrx_word' id='word_1_114' title='bbox 659 1083 837 1124; x_wconf 87' lang='lat' dir='ltr'>tantum</span> <span class='ocrx_word' id='word_1_115' title='bbox 858 1080 934 1123; x_wconf 91' lang='lat' dir='ltr'>sed</span> <span class='ocrx_word' id='word_1_116' title='bbox 954 1080 1089 1123; x_wconf 89' lang='lat' dir='ltr'>etiam</span> <span class='ocrx_word' id='word_1_117' title='bbox 1105 1080 1308 1137; x_wconf 88' lang='lat' dir='ltr'>ingratus</span> <span class='ocrx_word' id='word_1_118' title='bbox 1320 1079 1474 1124; x_wconf 87' lang='lat' dir='ltr'>uideri.</span> <span class='ocrx_word' id='word_1_119' title='bbox 1525 1079 1782 1122; x_wconf 88' lang='lat' dir='ltr'>Intrauerat</span> <span class='ocrx_word' id='word_1_120' title='bbox 1860 1042 1878 1143; x_wconf 53' lang='grc' dir='ltr'>ξ</span> 
     </span>
     <span class='ocr_line' id='line_1_16' title="bbox 316 1143 1878 1206; baseline -0.002 -13"><span class='ocrx_word' id='word_1_121' title='bbox 316 1151 472 1193; x_wconf 89' lang='lat' dir='ltr'>urbem</span> <span class='ocrx_word' id='word_1_122' title='bbox 518 1149 768 1193; x_wconf 79' lang='lat' dir='ltr'>adolescens</span> <span class='ocrx_word' id='word_1_123' title='bbox 817 1149 1068 1193; x_wconf 88' lang='lat' dir='ltr'>simillimus</span> <span class='ocrx_word' id='word_1_124' title='bbox 1118 1148 1280 1200; x_wconf 88' lang='lat' dir='ltr'>Cesari‚</span> <span class='ocrx_word' id='word_1_125' title='bbox 1326 1149 1674 1206; x_wconf 87' lang='lat' dir='ltr'>perductumque</span> <span class='ocrx_word' id='word_1_126' title='bbox 1722 1147 1780 1190; x_wconf 87' lang='lat' dir='ltr'>ad</span> <span class='ocrx_word' id='word_1_127' title='bbox 1860 1143 1878 1167; x_wconf 84' lang='lat'>¹</span> 
     </span>
     <span class='ocr_line' id='line_1_17' title="bbox 318 1156 1878 1334; baseline 0 -71"><span class='ocrx_word' id='word_1_128' title='bbox 318 1219 523 1264; x_wconf 87' lang='lat' dir='ltr'>Cesarem</span> <span class='ocrx_word' id='word_1_129' title='bbox 547 1219 842 1277; x_wconf 87' lang='lat' dir='ltr'>interrogauit</span> <span class='ocrx_word' id='word_1_130' title='bbox 861 1219 1115 1276; x_wconf 86' lang='lat' dir='ltr'>Augustus:</span> <span class='ocrx_word' id='word_1_131' title='bbox 1149 1217 1233 1262; x_wconf 90' lang='lat' dir='ltr'>Dic</span> <span class='ocrx_word' id='word_1_132' title='bbox 1253 1218 1399 1271; x_wconf 90' lang='lat' dir='ltr'>michi,</span> <span class='ocrx_word' id='word_1_133' title='bbox 1418 1217 1678 1268; x_wconf 83' lang='lat' dir='ltr'>adolescens,</span> <span class='ocrx_word' id='word_1_134' title='bbox 1691 1216 1781 1260; x_wconf 82' lang='lat' dir='ltr'>fuit</span> <span class='ocrx_word' id='word_1_135' title='bbox 1799 1228 1838 1263; x_wconf 74' lang='grc' dir='ltr'>Ι5</span> <span class='ocrx_word' id='word_1_136' title='bbox 1861 1156 1878 1334; x_wconf 42' lang='grc'>’1</span> 
     </span>
    </p>
   </div>
   <div class='ocr_carea' id='block_1_5' title="bbox 274 1286 1878 1967">
    <p class='ocr_par' dir='ltr' id='par_1_5' title="bbox 316 1286 1866 1691">
     <span class='ocr_line' id='line_1_18' title="bbox 317 1286 1866 1347; baseline -0.001 -16"><span class='ocrx_word' id='word_1_137' title='bbox 317 1304 529 1346; x_wconf 87' lang='lat' dir='ltr'>umquam</span> <span class='ocrx_word' id='word_1_138' title='bbox 563 1286 715 1331; x_wconf 87' lang='lat' dir='ltr'>mater</span> <span class='ocrx_word' id='word_1_139' title='bbox 739 1291 820 1332; x_wconf 86' lang='lat' dir='ltr'>tua</span> <span class='ocrx_word' id='word_1_140' title='bbox 849 1288 1044 1331; x_wconf 84' lang='lat' dir='ltr'>Roman</span> <span class='ocrx_word' id='word_1_141' title='bbox 1103 1287 1301 1345; x_wconf 89' lang='lat' dir='ltr'>Negauit</span> <span class='ocrx_word' id='word_1_142' title='bbox 1329 1287 1415 1338; x_wconf 90' lang='lat' dir='ltr'>ille,</span> <span class='ocrx_word' id='word_1_143' title='bbox 1439 1301 1520 1330; x_wconf 91' lang='lat' dir='ltr'>nec</span> <span class='ocrx_word' id='word_1_144' title='bbox 1548 1288 1782 1330; x_wconf 88' lang='lat' dir='ltr'>contentus</span> <span class='ocrx_word' id='word_1_145' title='bbox 1859 1308 1866 1347; x_wconf 65' lang='lat' dir='ltr'><em>j</em></span> 
     </span>
     <span class='ocr_line' id='line_1_19' title="bbox 317 1357 1844 1415; baseline -0.001 -15"><span class='ocrx_word' id='word_1_146' title='bbox 317 1358 492 1401; x_wconf 87' lang='lat' dir='ltr'>adiecit:</span> <span class='ocrx_word' id='word_1_147' title='bbox 518 1357 606 1401; x_wconf 86' lang='lat' dir='ltr'>Sed</span> <span class='ocrx_word' id='word_1_148' title='bbox 620 1359 748 1414; x_wconf 90' lang='lat' dir='ltr'>pater</span> <span class='ocrx_word' id='word_1_149' title='bbox 762 1372 885 1400; x_wconf 92' lang='lat' dir='ltr'>meus</span> <span class='ocrx_word' id='word_1_150' title='bbox 899 1372 1038 1414; x_wconf 88' lang='lat' dir='ltr'>saepe.</span> <span class='ocrx_word' id='word_1_151' title='bbox 1087 1357 1178 1401; x_wconf 91' lang='lat' dir='ltr'>Ioci</span> <span class='ocrx_word' id='word_1_152' title='bbox 1195 1358 1344 1415; x_wconf 89' lang='lat' dir='ltr'>itaque</span> <span class='ocrx_word' id='word_1_153' title='bbox 1358 1358 1597 1415; x_wconf 87' lang='lat' dir='ltr'>asperitate</span> <span class='ocrx_word' id='word_1_154' title='bbox 1611 1357 1783 1400; x_wconf 88' lang='lat' dir='ltr'>urbana</span> <span class='ocrx_word' id='word_1_155' title='bbox 1837 1359 1844 1364; x_wconf 83' lang='lat'>&#39;</span> 
     </span>
     <span class='ocr_line' id='line_1_20' title="bbox 316 1426 1864 1484; baseline 0 -16"><span class='ocrx_word' id='word_1_156' title='bbox 316 1427 524 1469; x_wconf 89' lang='lat' dir='ltr'>notitiam</span> <span class='ocrx_word' id='word_1_157' title='bbox 559 1426 757 1469; x_wconf 92' lang='lat' dir='ltr'>omnium</span> <span class='ocrx_word' id='word_1_158' title='bbox 791 1429 837 1470; x_wconf 89' lang='lat' dir='ltr'>et</span> <span class='ocrx_word' id='word_1_159' title='bbox 870 1426 1221 1470; x_wconf 83' lang='lat' dir='ltr'>familiaritatem</span> <span class='ocrx_word' id='word_1_160' title='bbox 1252 1427 1530 1484; x_wconf 85' lang='lat' dir='ltr'>imperatoris</span> <span class='ocrx_word' id='word_1_161' title='bbox 1563 1426 1648 1470; x_wconf 93' lang='lat' dir='ltr'>sibi</span> <span class='ocrx_word' id='word_1_162' title='bbox 1678 1440 1781 1470; x_wconf 88' lang='lat' dir='ltr'>con·</span> <span class='ocrx_word' id='word_1_163' title='bbox 1862 1435 1864 1438; x_wconf 82' lang='grc'>’</span> 
     </span>
     <span class='ocr_line' id='line_1_21' title="bbox 317 1495 1782 1552; baseline 0.001 -14"><span class='ocrx_word' id='word_1_164' title='bbox 317 1495 499 1539; x_wconf 88' lang='lat' dir='ltr'>ciliauit.</span> <span class='ocrx_word' id='word_1_165' title='bbox 558 1495 789 1552; x_wconf 85' lang='lat' dir='ltr'>Augustus</span> <span class='ocrx_word' id='word_1_166' title='bbox 822 1496 870 1538; x_wconf 93' lang='lat' dir='ltr'>in</span> <span class='ocrx_word' id='word_1_167' title='bbox 909 1495 1149 1538; x_wconf 90' lang='lat' dir='ltr'>Pollionem</span> <span class='ocrx_word' id='word_1_168' title='bbox 1183 1496 1418 1552; x_wconf 88' lang='lat' dir='ltr'>scripserat</span> <span class='ocrx_word' id='word_1_169' title='bbox 1449 1496 1782 1539; x_wconf 89' lang='lat' dir='ltr'>Phescenninos.</span> 
     </span>
     <span class='ocr_line' id='line_1_22' title="bbox 319 1564 1844 1621; baseline -0.001 -15"><span class='ocrx_word' id='word_1_170' title='bbox 319 1564 382 1607; x_wconf 95' lang='lat' dir='ltr'>At</span> <span class='ocrx_word' id='word_1_171' title='bbox 409 1578 501 1621; x_wconf 86' lang='lat' dir='ltr'>ego,</span> <span class='ocrx_word' id='word_1_172' title='bbox 527 1564 675 1620; x_wconf 89' lang='lat' dir='ltr'>inquit</span> <span class='ocrx_word' id='word_1_173' title='bbox 701 1564 851 1615; x_wconf 91' lang='lat' dir='ltr'>Pollio,</span> <span class='ocrx_word' id='word_1_174' title='bbox 869 1567 1015 1617; x_wconf 82' lang='lat' dir='ltr'>tace03</span> <span class='ocrx_word' id='word_1_175' title='bbox 1058 1580 1148 1608; x_wconf 92' lang='lat' dir='ltr'>non</span> <span class='ocrx_word' id='word_1_176' title='bbox 1175 1567 1242 1608; x_wconf 90' lang='lat' dir='ltr'>est</span> <span class='ocrx_word' id='word_1_177' title='bbox 1264 1565 1361 1608; x_wconf 91' lang='lat' dir='ltr'>leue</span> <span class='ocrx_word' id='word_1_178' title='bbox 1387 1565 1436 1607; x_wconf 90' lang='lat' dir='ltr'>in</span> <span class='ocrx_word' id='word_1_179' title='bbox 1463 1580 1564 1608; x_wconf 90' lang='lat' dir='ltr'>eum</span> <span class='ocrx_word' id='word_1_180' title='bbox 1592 1565 1781 1608; x_wconf 90' lang='lat' dir='ltr'>scribere</span> <span class='ocrx_word' id='word_1_181' title='bbox 1800 1582 1844 1606; x_wconf 67' lang='grc' dir='ltr'>πο</span> 
     </span>
     <span class='ocr_line' id='line_1_23' title="bbox 320 1633 1784 1691; baseline 0.001 -16"><span class='ocrx_word' id='word_1_182' title='bbox 320 1634 397 1690; x_wconf 91' lang='lat' dir='ltr'>qui</span> <span class='ocrx_word' id='word_1_183' title='bbox 417 1636 563 1690; x_wconf 88' lang='lat' dir='ltr'>potest</span> <span class='ocrx_word' id='word_1_184' title='bbox 582 1633 862 1690; x_wconf 90' lang='lat' dir='ltr'>proscribere.</span> <span class='ocrx_word' id='word_1_185' title='bbox 922 1633 1048 1676; x_wconf 85' lang='lat' dir='ltr'>Sicut</span> <span class='ocrx_word' id='word_1_186' title='bbox 1072 1636 1222 1676; x_wconf 91' lang='lat' dir='ltr'>autem</span> <span class='ocrx_word' id='word_1_187' title='bbox 1246 1648 1335 1677; x_wconf 90' lang='lat' dir='ltr'>non</span> <span class='ocrx_word' id='word_1_188' title='bbox 1362 1633 1491 1678; x_wconf 83' lang='lat' dir='ltr'>facile</span> <span class='ocrx_word' id='word_1_189' title='bbox 1510 1634 1784 1691; x_wconf 85' lang='lat' dir='ltr'>concipiebat</span> 
     </span>
    </p>

    <p class='ocr_par' dir='ltr' id='par_1_6' title="bbox 274 1702 1878 1967">
     <span class='ocr_line' id='line_1_24' title="bbox 274 1702 1783 1760; baseline 0 -14"><span class='ocrx_word' id='word_1_190' title='bbox 274 1708 303 1746; x_wconf 91' lang='lat' dir='ltr'>b</span> <span class='ocrx_word' id='word_1_191' title='bbox 321 1703 444 1753; x_wconf 88' lang='lat' dir='ltr'>iram,</span> <span class='ocrx_word' id='word_1_192' title='bbox 464 1702 530 1745; x_wconf 91' lang='lat' dir='ltr'>ita</span> <span class='ocrx_word' id='word_1_193' title='bbox 549 1717 627 1745; x_wconf 92' lang='lat' dir='ltr'>nec</span> <span class='ocrx_word' id='word_1_194' title='bbox 647 1702 777 1745; x_wconf 79' lang='lat' dir='ltr'>facile</span> <span class='ocrx_word' id='word_1_195' title='bbox 791 1702 1056 1746; x_wconf 89' lang='lat' dir='ltr'>admittebat</span> <span class='ocrx_word' id='word_1_196' title='bbox 1070 1703 1128 1745; x_wconf 90' lang='lat' dir='ltr'>ad</span> <span class='ocrx_word' id='word_1_197' title='bbox 1142 1703 1406 1756; x_wconf 83' lang='lat' dir='ltr'>amicitiam3</span> <span class='ocrx_word' id='word_1_198' title='bbox 1436 1706 1481 1746; x_wconf 90' lang='lat' dir='ltr'>et</span> <span class='ocrx_word' id='word_1_199' title='bbox 1500 1718 1630 1760; x_wconf 88' lang='lat' dir='ltr'>quem</span> <span class='ocrx_word' id='word_1_200' title='bbox 1649 1703 1783 1746; x_wconf 84' lang='lat' dir='ltr'>semel</span> 
     </span>
     <span class='ocr_line' id='line_1_25' title="bbox 320 1771 1784 1822; baseline 0.001 -8"><span class='ocrx_word' id='word_1_201' title='bbox 320 1771 571 1822; x_wconf 88' lang='lat' dir='ltr'>admiserat,</span> <span class='ocrx_word' id='word_1_202' title='bbox 609 1771 961 1814; x_wconf 86' lang='lat' dir='ltr'>constantissime</span> <span class='ocrx_word' id='word_1_203' title='bbox 995 1772 1226 1815; x_wconf 89' lang='lat' dir='ltr'>retinebat.</span> <span class='ocrx_word' id='word_1_204' title='bbox 1308 1772 1462 1815; x_wconf 88' lang='lat' dir='ltr'>Eidem</span> <span class='ocrx_word' id='word_1_205' title='bbox 1501 1772 1619 1815; x_wconf 92' lang='lat' dir='ltr'>inter</span> <span class='ocrx_word' id='word_1_206' title='bbox 1657 1772 1784 1815; x_wconf 87' lang='lat' dir='ltr'>uaria</span> 
     </span>
     <span class='ocr_line' id='line_1_26' title="bbox 321 1807 1878 1931; baseline 0.001 -48"><span class='ocrx_word' id='word_1_207' title='bbox 321 1841 532 1884; x_wconf 90' lang='lat' dir='ltr'>dedecora</span> <span class='ocrx_word' id='word_1_208' title='bbox 551 1855 579 1883; x_wconf 90' lang='lat' dir='ltr'>a</span> <span class='ocrx_word' id='word_1_209' title='bbox 601 1841 791 1897; x_wconf 92' lang='lat' dir='ltr'>quodam</span> <span class='ocrx_word' id='word_1_210' title='bbox 811 1841 1018 1898; x_wconf 91' lang='lat' dir='ltr'>probrose</span> <span class='ocrx_word' id='word_1_211' title='bbox 1037 1841 1257 1885; x_wconf 90' lang='lat' dir='ltr'>obiectum</span> <span class='ocrx_word' id='word_1_212' title='bbox 1277 1843 1344 1884; x_wconf 90' lang='lat' dir='ltr'>est</span> <span class='ocrx_word' id='word_1_213' title='bbox 1365 1841 1482 1898; x_wconf 90' lang='lat' dir='ltr'>quod</span> <span class='ocrx_word' id='word_1_214' title='bbox 1502 1841 1782 1898; x_wconf 88' lang='lat' dir='ltr'>adoptionem</span> <span class='ocrx_word' id='word_1_215' title='bbox 1870 1807 1878 1931; x_wconf 58' lang='grc' dir='ltr'>ἒ</span> 
     </span>
     <span class='ocr_line' id='line_1_27' title="bbox 320 1909 1842 1967; baseline 0 -14"><span class='ocrx_word' id='word_1_216' title='bbox 320 1909 529 1953; x_wconf 90' lang='lat' dir='ltr'>auunculi</span> <span class='ocrx_word' id='word_1_217' title='bbox 549 1912 704 1967; x_wconf 90' lang='lat' dir='ltr'>stupro</span> <span class='ocrx_word' id='word_1_218' title='bbox 722 1911 945 1962; x_wconf 89' lang='lat' dir='ltr'>meruerit,</span> <span class='ocrx_word' id='word_1_219' title='bbox 965 1911 1069 1967; x_wconf 90' lang='lat' dir='ltr'>quia</span> <span class='ocrx_word' id='word_1_220' title='bbox 1095 1925 1196 1953; x_wconf 92' lang='lat' dir='ltr'>eum</span> <span class='ocrx_word' id='word_1_221' title='bbox 1222 1910 1366 1954; x_wconf 91' lang='lat' dir='ltr'>Iulius</span> <span class='ocrx_word' id='word_1_222' title='bbox 1388 1910 1530 1953; x_wconf 88' lang='lat' dir='ltr'>artius</span> <span class='ocrx_word' id='word_1_223' title='bbox 1554 1910 1781 1953; x_wconf 87' lang='lat' dir='ltr'>admisisse</span> <span class='ocrx_word' id='word_1_224' title='bbox 1800 1924 1842 1959; x_wconf 80' lang='lat'>25</span> 
     </span>
    </p>
   </div>
   <div class='ocr_carea' id='block_1_6' title="bbox 322 1979 1784 2037">
    <p class='ocr_par' dir='ltr' id='par_1_7' title="bbox 322 1979 1784 2037">
     <span class='ocr_line' id='line_1_28' title="bbox 322 1979 1784 2037; baseline 0 -15"><span class='ocrx_word' id='word_1_225' title='bbox 322 1980 467 2023; x_wconf 91' lang='lat' dir='ltr'>dictus</span> <span class='ocrx_word' id='word_1_226' title='bbox 502 1981 580 2030; x_wconf 89' lang='lat' dir='ltr'>est,</span> <span class='ocrx_word' id='word_1_227' title='bbox 611 1994 701 2022; x_wconf 90' lang='lat' dir='ltr'>non</span> <span class='ocrx_word' id='word_1_228' title='bbox 730 1979 825 2022; x_wconf 89' lang='lat' dir='ltr'>sine</span> <span class='ocrx_word' id='word_1_229' title='bbox 855 1994 1031 2022; x_wconf 89' lang='lat' dir='ltr'>rumore</span> <span class='ocrx_word' id='word_1_230' title='bbox 1061 1982 1308 2036; x_wconf 89' lang='lat' dir='ltr'>prostratae</span> <span class='ocrx_word' id='word_1_231' title='bbox 1346 1980 1597 2037; x_wconf 91' lang='lat' dir='ltr'>pudicitiae.</span> <span class='ocrx_word' id='word_1_232' title='bbox 1654 1979 1784 2022; x_wconf 86' lang='lat' dir='ltr'>Alius</span> 
     </span>
    </p>
   </div>
   <div class='ocr_carea' id='block_1_7' title="bbox 1869 1968 1878 2018">
    <p class='ocr_par' dir='ltr' id='par_1_8' title="bbox 1869 1968 1878 2018">
     <span class='ocr_line' id='line_1_29' title="bbox 1869 1968 1878 2018; baseline 0 -6"><span class='ocrx_word' id='word_1_233' title='bbox 1869 1968 1878 2018; x_wconf 71' lang='grc' dir='ltr'><em>ἶ</em></span> 
     </span>
    </p>
   </div>
   <div class='ocr_carea' id='block_1_8' title="bbox 322 2048 1843 2314">
    <p class='ocr_par' dir='ltr' id='par_1_9' title="bbox 322 2048 1843 2314">
     <span class='ocr_line' id='line_1_30' title="bbox 323 2048 1784 2105; baseline 0 -15"><span class='ocrx_word' id='word_1_234' title='bbox 323 2063 496 2105; x_wconf 90' lang='lat' dir='ltr'>quoque</span> <span class='ocrx_word' id='word_1_235' title='bbox 516 2048 658 2090; x_wconf 88' lang='lat' dir='ltr'>eidem</span> <span class='ocrx_word' id='word_1_236' title='bbox 677 2048 819 2091; x_wconf 88' lang='lat' dir='ltr'>iratus</span> <span class='ocrx_word' id='word_1_237' title='bbox 838 2049 999 2092; x_wconf 91' lang='lat' dir='ltr'>obiecit</span> <span class='ocrx_word' id='word_1_238' title='bbox 1018 2049 1135 2105; x_wconf 90' lang='lat' dir='ltr'>quod</span> <span class='ocrx_word' id='word_1_239' title='bbox 1154 2049 1310 2092; x_wconf 90' lang='lat' dir='ltr'>solitus</span> <span class='ocrx_word' id='word_1_240' title='bbox 1330 2051 1444 2092; x_wconf 86' lang='lat' dir='ltr'>esset</span> <span class='ocrx_word' id='word_1_241' title='bbox 1461 2063 1591 2092; x_wconf 86' lang='lat' dir='ltr'>crura</span> <span class='ocrx_word' id='word_1_242' title='bbox 1609 2048 1784 2091; x_wconf 89' lang='lat' dir='ltr'>ardenti</span> 
     </span>
     <span class='ocr_line' id='line_1_31' title="bbox 322 2116 1783 2175; baseline -0.001 -15"><span class='ocrx_word' id='word_1_243' title='bbox 322 2117 533 2160; x_wconf 89' lang='lat' dir='ltr'>suburere</span> <span class='ocrx_word' id='word_1_244' title='bbox 563 2116 670 2168; x_wconf 76' lang='lat' dir='ltr'>face,</span> <span class='ocrx_word' id='word_1_245' title='bbox 697 2131 784 2174; x_wconf 92' lang='lat' dir='ltr'>quo</span> <span class='ocrx_word' id='word_1_246' title='bbox 810 2117 985 2160; x_wconf 92' lang='lat' dir='ltr'>mollior</span> <span class='ocrx_word' id='word_1_247' title='bbox 1009 2120 1210 2175; x_wconf 88' lang='lat' dir='ltr'>surgeret</span> <span class='ocrx_word' id='word_1_248' title='bbox 1232 2118 1360 2175; x_wconf 89' lang='lat' dir='ltr'>pilus.</span> <span class='ocrx_word' id='word_1_249' title='bbox 1418 2117 1507 2161; x_wconf 87' lang='lat' dir='ltr'>Sed</span> <span class='ocrx_word' id='word_1_250' title='bbox 1532 2120 1578 2160; x_wconf 88' lang='lat' dir='ltr'>et</span> <span class='ocrx_word' id='word_1_251' title='bbox 1605 2132 1656 2160; x_wconf 92' lang='lat' dir='ltr'>eo</span> <span class='ocrx_word' id='word_1_252' title='bbox 1681 2117 1783 2160; x_wconf 93' lang='lat' dir='ltr'>tim-</span> 
     </span>
     <span class='ocr_line' id='line_1_32' title="bbox 322 2186 1784 2243; baseline 0 -15"><span class='ocrx_word' id='word_1_253' title='bbox 322 2186 569 2243; x_wconf 87' lang='lat' dir='ltr'>panizante,</span> <span class='ocrx_word' id='word_1_254' title='bbox 590 2188 643 2228; x_wconf 87' lang='lat' dir='ltr'>ut</span> <span class='ocrx_word' id='word_1_255' title='bbox 667 2186 716 2228; x_wconf 90' lang='lat' dir='ltr'>in</span> <span class='ocrx_word' id='word_1_256' title='bbox 742 2186 885 2243; x_wconf 90' lang='lat' dir='ltr'>primo</span> <span class='ocrx_word' id='word_1_257' title='bbox 909 2186 1022 2236; x_wconf 90' lang='lat' dir='ltr'>libro</span> <span class='ocrx_word' id='word_1_258' title='bbox 1051 2187 1215 2230; x_wconf 84' lang='lat' dir='ltr'>dixisse</span> <span class='ocrx_word' id='word_1_259' title='bbox 1243 2201 1314 2229; x_wconf 92' lang='lat' dir='ltr'>me</span> <span class='ocrx_word' id='word_1_260' title='bbox 1342 2187 1549 2230; x_wconf 90' lang='lat' dir='ltr'>memini:</span> <span class='ocrx_word' id='word_1_261' title='bbox 1582 2186 1784 2236; x_wconf 88' lang='lat' dir='ltr'>Videsne,</span> 
     </span>
     <span class='ocr_line' id='line_1_33' title="bbox 323 2255 1843 2314; baseline -0.001 -17"><span class='ocrx_word' id='word_1_262' title='bbox 323 2255 471 2311; x_wconf 90' lang='lat' dir='ltr'>inquit</span> <span class='ocrx_word' id='word_1_263' title='bbox 490 2255 687 2311; x_wconf 89' lang='lat' dir='ltr'>plebeius</span> <span class='ocrx_word' id='word_1_264' title='bbox 707 2255 898 2311; x_wconf 90' lang='lat' dir='ltr'>quidam,</span> <span class='ocrx_word' id='word_1_265' title='bbox 922 2258 975 2298; x_wconf 89' lang='lat' dir='ltr'>ut</span> <span class='ocrx_word' id='word_1_266' title='bbox 1001 2256 1180 2299; x_wconf 87' lang='lat' dir='ltr'>cinedus</span> <span class='ocrx_word' id='word_1_267' title='bbox 1206 2256 1355 2299; x_wconf 92' lang='lat' dir='ltr'>orbem</span> <span class='ocrx_word' id='word_1_268' title='bbox 1375 2256 1517 2314; x_wconf 87' lang='lat' dir='ltr'>digito</span> <span class='ocrx_word' id='word_1_269' title='bbox 1535 2257 1783 2313; x_wconf 76' lang='lat' dir='ltr'>temperat?</span> <span class='ocrx_word' id='word_1_270' title='bbox 1801 2271 1843 2304; x_wconf 82' lang='lat'>30</span> 
     </span>
    </p>
   </div>
   <div class='ocr_carea' id='block_1_9' title="bbox 326 2373 1261 2418">
    <p class='ocr_par' dir='ltr' id='par_1_10' title="bbox 326 2373 1261 2418">
     <span class='ocr_line' id='line_1_34' title="bbox 326 2373 1261 2418; baseline 0 -8"><span class='ocrx_word' id='word_1_271' title='bbox 326 2385 367 2410; x_wconf 89' lang='lat'>21</span> <span class='ocrx_word' id='word_1_272' title='bbox 396 2373 540 2418; x_wconf 89' lang='lat' dir='ltr'>autem]</span> <span class='ocrx_word' id='word_1_273' title='bbox 559 2373 662 2409; x_wconf 88' lang='lat' dir='ltr'>enim</span> <span class='ocrx_word' id='word_1_274' title='bbox 680 2373 714 2408; x_wconf 91' lang='lat' dir='ltr'>A</span> <span class='ocrx_word' id='word_1_275' title='bbox 854 2375 899 2410; x_wconf 88' lang='lat'>28</span> <span class='ocrx_word' id='word_1_276' title='bbox 924 2373 1008 2411; x_wconf 88' lang='lat' dir='ltr'>face</span> <span class='ocrx_word' id='word_1_277' title='bbox 1024 2374 1201 2412; x_wconf 83' lang='lat' dir='ltr'>suburere</span> <span class='ocrx_word' id='word_1_278' title='bbox 1220 2374 1261 2410; x_wconf 88' lang='lat' dir='ltr'>M</span> 
     </span>
    </p>
   </div>
   <div class='ocr_carea' id='block_1_10' title="bbox 322 2476 1784 2759">
    <p class='ocr_par' dir='ltr' id='par_1_11' title="bbox 322 2476 1784 2759">
     <span class='ocr_line' id='line_1_35' title="bbox 376 2476 1783 2523; baseline 0.002 -12"><span class='ocrx_word' id='word_1_279' title='bbox 376 2485 393 2522; x_wconf 78' lang='lat'>5</span> <span class='ocrx_word' id='word_1_280' title='bbox 418 2478 615 2512; x_wconf 79' lang='lat' dir='ltr'>Veteranus</span> <span class='ocrx_word' id='word_1_281' title='bbox 631 2479 725 2513; x_wconf 85' lang='lat' dir='ltr'>etc.:</span> <span class='ocrx_word' id='word_1_282' title='bbox 750 2489 782 2512; x_wconf 87' lang='lat' dir='ltr'>v.</span> <span class='ocrx_word' id='word_1_283' title='bbox 793 2477 957 2513; x_wconf 85' lang='lat' dir='ltr'>Macrob.</span> <span class='ocrx_word' id='word_1_284' title='bbox 969 2478 1043 2513; x_wconf 79' lang='lat' dir='ltr'>Sat.</span> <span class='ocrx_word' id='word_1_285' title='bbox 1060 2476 1100 2513; x_wconf 90' lang='lat' dir='ltr'>ii.</span> <span class='ocrx_word' id='word_1_286' title='bbox 1118 2487 1140 2521; x_wconf 92' lang='lat'>4</span> <span class='ocrx_word' id='word_1_287' title='bbox 1159 2476 1176 2523; x_wconf 68' lang='grc' dir='ltr'><strong>ξ</strong></span> <span class='ocrx_word' id='word_1_288' title='bbox 1196 2485 1253 2521; x_wconf 86' lang='lat'>27.</span> <span class='ocrx_word' id='word_1_289' title='bbox 1353 2486 1394 2522; x_wconf 90' lang='lat'>13</span> <span class='ocrx_word' id='word_1_290' title='bbox 1411 2478 1623 2513; x_wconf 79' lang='lat' dir='ltr'>Intrauerat</span> <span class='ocrx_word' id='word_1_291' title='bbox 1639 2478 1710 2514; x_wconf 86' lang='lat' dir='ltr'>etc.</span> <span class='ocrx_word' id='word_1_292' title='bbox 1725 2490 1733 2513; x_wconf 92' lang='lat'>:</span> <span class='ocrx_word' id='word_1_293' title='bbox 1750 2489 1783 2514; x_wconf 88' lang='lat' dir='ltr'>v.</span> 
     </span>
     <span class='ocr_line' id='line_1_36' title="bbox 326 2523 1783 2571; baseline 0.001 -12"><span class='ocrx_word' id='word_1_294' title='bbox 326 2523 493 2559; x_wconf 84' lang='lat' dir='ltr'>Macrob.</span> <span class='ocrx_word' id='word_1_295' title='bbox 509 2525 582 2559; x_wconf 81' lang='lat' dir='ltr'>Sat.</span> <span class='ocrx_word' id='word_1_296' title='bbox 599 2523 639 2559; x_wconf 85' lang='lat' dir='ltr'>ii.</span> <span class='ocrx_word' id='word_1_297' title='bbox 656 2535 679 2568; x_wconf 89' lang='lat'>4</span> <span class='ocrx_word' id='word_1_298' title='bbox 698 2523 715 2570; x_wconf 68' lang='grc' dir='ltr'>ξ</span> <span class='ocrx_word' id='word_1_299' title='bbox 735 2535 793 2560; x_wconf 89' lang='lat'>20.</span> <span class='ocrx_word' id='word_1_300' title='bbox 892 2535 935 2570; x_wconf 89' lang='lat'>19</span> <span class='ocrx_word' id='word_1_301' title='bbox 958 2525 1144 2569; x_wconf 71' lang='lat' dir='ltr'>Auqustus</span> <span class='ocrx_word' id='word_1_302' title='bbox 1160 2526 1254 2560; x_wconf 90' lang='lat' dir='ltr'>etc.:</span> <span class='ocrx_word' id='word_1_303' title='bbox 1277 2535 1310 2559; x_wconf 88' lang='lat' dir='ltr'>v.</span> <span class='ocrx_word' id='word_1_304' title='bbox 1329 2523 1491 2560; x_wconf 88' lang='lat' dir='ltr'>Macrob.</span> <span class='ocrx_word' id='word_1_305' title='bbox 1508 2525 1583 2560; x_wconf 83' lang='lat' dir='ltr'>Sat.</span> <span class='ocrx_word' id='word_1_306' title='bbox 1598 2523 1638 2559; x_wconf 89' lang='lat' dir='ltr'>ii.</span> <span class='ocrx_word' id='word_1_307' title='bbox 1657 2535 1680 2568; x_wconf 91' lang='lat'>4</span> <span class='ocrx_word' id='word_1_308' title='bbox 1695 2523 1712 2571; x_wconf 66' lang='grc' dir='ltr'><strong>ξ</strong></span> <span class='ocrx_word' id='word_1_309' title='bbox 1727 2535 1783 2561; x_wconf 88' lang='lat'>21.</span> 
     </span>
     <span class='ocr_line' id='line_1_37' title="bbox 328 2571 1783 2617; baseline 0.001 -11"><span class='ocrx_word' id='word_1_310' title='bbox 328 2581 372 2606; x_wconf 88' lang='lat'>22</span> <span class='ocrx_word' id='word_1_311' title='bbox 398 2582 461 2605; x_wconf 80' lang='lat' dir='ltr'>nec</span> <span class='ocrx_word' id='word_1_312' title='bbox 467 2571 583 2614; x_wconf 77' lang='lat' dir='ltr'>facile</span> <span class='ocrx_word' id='word_1_313' title='bbox 599 2573 694 2607; x_wconf 89' lang='lat' dir='ltr'>etc.:</span> <span class='ocrx_word' id='word_1_314' title='bbox 719 2583 750 2606; x_wconf 91' lang='lat' dir='ltr'>v.</span> <span class='ocrx_word' id='word_1_315' title='bbox 769 2571 869 2607; x_wconf 85' lang='lat' dir='ltr'>Suet.</span> <span class='ocrx_word' id='word_1_316' title='bbox 886 2573 980 2616; x_wconf 72' lang='lat' dir='ltr'>Any.</span> <span class='ocrx_word' id='word_1_317' title='bbox 997 2572 1056 2608; x_wconf 88' lang='lat'>66.</span> <span class='ocrx_word' id='word_1_318' title='bbox 1168 2582 1212 2617; x_wconf 87' lang='lat'>23</span> <span class='ocrx_word' id='word_1_319' title='bbox 1236 2573 1367 2606; x_wconf 83' lang='lat' dir='ltr'>Eidem</span> <span class='ocrx_word' id='word_1_320' title='bbox 1383 2573 1455 2607; x_wconf 90' lang='lat' dir='ltr'>etc.</span> <span class='ocrx_word' id='word_1_321' title='bbox 1474 2571 1606 2616; x_wconf 82' lang='lat' dir='ltr'>(usque</span> <span class='ocrx_word' id='word_1_322' title='bbox 1630 2571 1679 2607; x_wconf 87' lang='lat' dir='ltr'>ad</span> <span class='ocrx_word' id='word_1_323' title='bbox 1704 2577 1783 2607; x_wconf 81' lang='lat' dir='ltr'>tem-</span> 
     </span>
     <span class='ocr_line' id='line_1_38' title="bbox 322 2616 1783 2665; baseline 0.001 -13"><span class='ocrx_word' id='word_1_324' title='bbox 322 2620 443 2663; x_wconf 80' lang='lat' dir='ltr'>perat)</span> <span class='ocrx_word' id='word_1_325' title='bbox 461 2629 469 2651; x_wconf 90' lang='lat'>:</span> <span class='ocrx_word' id='word_1_326' title='bbox 494 2629 525 2653; x_wconf 90' lang='lat' dir='ltr'>v.</span> <span class='ocrx_word' id='word_1_327' title='bbox 547 2616 648 2653; x_wconf 85' lang='lat' dir='ltr'>Suet.</span> <span class='ocrx_word' id='word_1_328' title='bbox 665 2620 758 2664; x_wconf 75' lang='lat' dir='ltr'><strong><em>Auy.</em></strong></span> <span class='ocrx_word' id='word_1_329' title='bbox 774 2620 821 2655; x_wconf 89' lang='lat'>68</span> <span class='ocrx_word' id='word_1_330' title='bbox 840 2619 928 2665; x_wconf 77' lang='lat' dir='ltr'>(non</span> <span class='ocrx_word' id='word_1_331' title='bbox 944 2620 1020 2654; x_wconf 77' lang='lat' dir='ltr'>sine</span> <span class='ocrx_word' id='word_1_332' title='bbox 1037 2629 1180 2654; x_wconf 72' lang='lat' dir='ltr'>rumore</span> <span class='ocrx_word' id='word_1_333' title='bbox 1189 2623 1391 2664; x_wconf 76' lang='lat' dir='ltr'>prostratae</span> <span class='ocrx_word' id='word_1_334' title='bbox 1403 2619 1601 2664; x_wconf 80' lang='lat' dir='ltr'>pudicitiae</span> <span class='ocrx_word' id='word_1_335' title='bbox 1617 2629 1664 2655; x_wconf 82' lang='lat' dir='ltr'>ex</span> <span class='ocrx_word' id='word_1_336' title='bbox 1681 2617 1783 2655; x_wconf 87' lang='lat' dir='ltr'>Suet.</span> 
     </span>
     <span class='ocr_line' id='line_1_39' title="bbox 326 2664 1784 2712; baseline 0.001 -13"><span class='ocrx_word' id='word_1_337' title='bbox 326 2665 398 2699; x_wconf 82' lang='lat' dir='ltr'>Iul.</span> <span class='ocrx_word' id='word_1_338' title='bbox 434 2665 484 2708; x_wconf 91' lang='lat'>2).</span> <span class='ocrx_word' id='word_1_339' title='bbox 674 2667 719 2701; x_wconf 88' lang='lat'>28</span> <span class='ocrx_word' id='word_1_340' title='bbox 751 2667 856 2711; x_wconf 81' lang='lat' dir='ltr'>face:</span> <span class='ocrx_word' id='word_1_341' title='bbox 897 2677 986 2701; x_wconf 82' lang='lat' dir='ltr'>nuce</span> <span class='ocrx_word' id='word_1_342' title='bbox 1017 2664 1133 2702; x_wconf 88' lang='lat' dir='ltr'>habet</span> <span class='ocrx_word' id='word_1_343' title='bbox 1166 2664 1375 2701; x_wconf 81' lang='lat' dir='ltr'>Suetonius.</span> <span class='ocrx_word' id='word_1_344' title='bbox 1572 2666 1630 2710; x_wconf 82' lang='lat'>28,</span> <span class='ocrx_word' id='word_1_345' title='bbox 1663 2675 1710 2712; x_wconf 88' lang='lat'>29</span> <span class='ocrx_word' id='word_1_346' title='bbox 1744 2676 1784 2701; x_wconf 88' lang='lat' dir='ltr'>eo</span> 
     </span>
     <span class='ocr_line' id='line_1_40' title="bbox 327 2711 1782 2759; baseline 0.001 -13"><span class='ocrx_word' id='word_1_347' title='bbox 327 2712 588 2756; x_wconf 74' lang='lat' dir='ltr'>timpanizante</span> <span class='ocrx_word' id='word_1_348' title='bbox 625 2713 694 2748; x_wconf 90' lang='lat' dir='ltr'>etc.</span> <span class='ocrx_word' id='word_1_349' title='bbox 713 2723 721 2748; x_wconf 88' lang='lat'>:</span> <span class='ocrx_word' id='word_1_350' title='bbox 759 2725 792 2749; x_wconf 93' lang='lat' dir='ltr'>v.</span> <span class='ocrx_word' id='word_1_351' title='bbox 822 2711 923 2749; x_wconf 86' lang='lat' dir='ltr'>Suet.</span> <span class='ocrx_word' id='word_1_352' title='bbox 949 2714 1043 2759; x_wconf 72' lang='lat' dir='ltr'>Any.</span> <span class='ocrx_word' id='word_1_353' title='bbox 1074 2713 1119 2758; x_wconf 93' lang='lat'>67</span> <span class='ocrx_word' id='word_1_354' title='bbox 1150 2714 1191 2748; x_wconf 81' lang='lat' dir='ltr'>in</span> <span class='ocrx_word' id='word_1_355' title='bbox 1211 2714 1333 2759; x_wconf 77' lang='lat' dir='ltr'>primo</span> <span class='ocrx_word' id='word_1_356' title='bbox 1362 2713 1474 2749; x_wconf 83' lang='lat' dir='ltr'>libro:</span> <span class='ocrx_word' id='word_1_357' title='bbox 1509 2724 1542 2749; x_wconf 86' lang='lat' dir='ltr'>v.</span> <span class='ocrx_word' id='word_1_358' title='bbox 1568 2723 1681 2758; x_wconf 85' lang='lat' dir='ltr'>supra</span> <span class='ocrx_word' id='word_1_359' title='bbox 1703 2711 1728 2748; x_wconf 83' lang='lat' dir='ltr'>i.</span> <span class='ocrx_word' id='word_1_360' title='bbox 1760 2721 1782 2757; x_wconf 94' lang='lat'><em>7</em></span> 
     </span>
    </p>
   </div>
   <div class='ocr_carea' id='block_1_11' title="bbox 329 2757 501 2861">
    <p class='ocr_par' dir='ltr' id='par_1_12' title="bbox 329 2757 501 2861">
     <span class='ocr_line' id='line_1_41' title="bbox 329 2757 479 2805; baseline -0.013 0"><span class='ocrx_word' id='word_1_361' title='bbox 329 2759 414 2805; x_wconf 89' lang='lat'>(404</span> <span class='ocrx_word' id='word_1_362' title='bbox 425 2757 479 2803; x_wconf 81' lang='lat' dir='ltr'>B)-</span> 
     </span>
     <span class='ocr_line' id='line_1_42' title="bbox 436 2828 501 2861; baseline -0.015 0"><span class='ocrx_word' id='word_1_363' title='bbox 436 2839 452 2861; x_wconf 83' lang='lat'><em>2</em></span> <span class='ocrx_word' id='word_1_364' title='bbox 460 2828 501 2860; x_wconf 90' lang='lat'>28</span> 
     </span>
    </p>
   </div>
  </div>
 </body>
</html>
