1878 3172
107 111 112 118 ⁵
155 145 234 187 475
251 145 282 177 a
625 132 887 177 IOANNIS
925 131 1436 176 SARESBERIENSIS
1591 131 1701 194 [mn.
1715 142 1757 177 11

297 254 430 297 uiuus
465 255 511 296 et
545 252 710 303 efficax,
746 251 1061 310 penetrabilior
1093 251 1213 294 omni
1247 251 1396 309 gladio
1429 251 1625 308 ancipiti,
1657 266 1756 309 per·
1828 266 1835 305 j

296 324 475 380 tingens
495 336 634 379 usque
654 321 711 364 ad
738 321 1000 364 diuisionem
1025 321 1198 364 animae
1217 323 1263 364 et
1282 321 1476 378 spiritus,
1495 312 1757 379 compagum

298 407 472 449 quoque
498 394 544 435 et
567 391 871 442 medullarum,
896 391 1109 434 discretor
1135 391 1270 434 etiam
1295 390 1624 448 cogitationum.
1683 390 1758 433 In·
1833 395 1837 439 ζ

298 464 501 505 sensatus
539 463 607 503 est
645 460 722 517 qui
761 460 844 503 hoc
882 460 1031 517 gladio
1065 460 1323 503 imminente
1361 474 1451 503 non
1489 460 1628 503 timet.
1699 458 1759 502 Et
1838 503 1841 514 ,Ἴ

298 545 395 573 8888
444 530 492 572 111
535 528 648 572 facie
688 529 906 572 Ecclesiae
949 529 997 571 in
1035 532 1271 586 conspectu
1310 529 1507 572 omnium
1545 528 1758 571 imminet.
1775 542 1796 579 5
1857 527 1860 530 ⁴

298 599 501 656 Denique
540 601 585 642 et
624 598 672 641 in
705 612 856 641 omnes
895 598 1115 655 dirigitur.
1186 598 1342 655 Inquit
1379 599 1523 642 enim:
1573 597 1759 651 Quando
1828 591 1866 643 2¹⁴*

298 670 522 727 ingressus
557 667 695 711 fueris
729 671 894 711 terram
926 682 1059 724 quam
1091 667 1308 711 Dominus
1340 667 1461 711 Deus
1491 670 1597 711 tuus
1635 666 1762 712 dabit
1834 692 1839 703 «

299 738 396 790 tibi,
415 752 522 781 caue
545 752 602 780 ne
621 736 788 780 imitari
815 736 926 779 uelis
954 736 1302 780 abominationes
1328 737 1505 780 illarum
1531 735 1760 793 gentium;

300 822 357 850 ne
395 806 652 850 inueniatur
694 806 742 848 in
776 808 822 849 te
856 806 933 863 qui
971 805 1132 848 lustret
1164 806 1306 848 filium
1345 820 1475 849 suum
1509 808 1590 848 aut
1623 805 1761 847 filiam
1839 799 1843 818 ³

255 884 284 923 b
303 890 428 919 suam
459 876 623 919 ducens
660 889 740 932 per
777 875 937 932 ignem,
976 877 1056 918 aut
1095 875 1171 931 qui
1205 875 1365 918 ariolos
1399 875 1645 920 sciscitetur
1682 875 1763 916 aut
1780 885 1829 914 ιο,

302 945 507 988 obseruet
536 944 706 988 somnia
735 947 814 987 aut
843 944 1041 1001 auguria,
1071 959 1127 989 ne
1156 944 1217 987 sit
1245 944 1468 987 maleficus
1501 958 1580 986 nec
1613 943 1762 986 incan·
1826 958 1827 979 1

302 1016 433 1064 tator,
473 1027 616 1070 neque
655 1013 861 1070 phitones
899 1013 1100 1056 consulat
1134 1016 1180 1056 et
1218 1013 1394 1056 diuinos
1427 1015 1473 1056 et
1513 1015 1698 1069 quaerat
1736 1025 1765 1054 a
1825 1027 1835 1038 ⁴·

301 1083 489 1126 mortuis
509 1082 768 1135 ueritatem3
797 1082 945 1125 omnia
965 1082 1082 1124 enim
1101 1082 1209 1125 haec
1228 1082 1510 1125 abominatur
1535 1081 1764 1132 Dominus,
1809 1099 1811 1101 ·
1833 1075 1856 1124 ξ’

304 1155 350 1196 et
372 1154 553 1209 propter
582 1151 882 1194 huiuscemodi
906 1151 1069 1194 scelera
1095 1151 1259 1194 delebit
1289 1166 1362 1194 eos
1387 1151 1436 1193 in
1461 1150 1650 1193 introitu
1673 1152 1763 1193 tuo.
1783 1174 1786 1178 ·
1834 1179 1837 1181 Α

304 1221 531 1264 Perfectus
571 1220 657 1263 eris
696 1222 742 1263 et
780 1220 945 1277 absque
979 1220 1152 1264 macula
1190 1234 1290 1263 cum
1324 1219 1515 1263 Domino
1546 1219 1640 1262 Deo
1674 1221 1763 1262 tuo.
1784 1229 1829 1269 πεῖ

304 1290 469 1334 Gentes
488 1290 612 1341 istae,
632 1303 820 1346 quarum
846 1289 1088 1346 possidebis
1112 1292 1287 1340 terram,
1308 1303 1497 1348 augures
1524 1291 1569 1331 et
1589 1288 1764 1331 diuinos
1825 1285 1827 1287 ’

304 1360 519 1412 audiunt3
549 1362 600 1402 tu
629 1362 778 1401 autem
806 1372 833 1400 a
859 1358 1049 1401 Domino
1079 1358 1173 1401 Deo
1192 1362 1271 1401 tuo
1291 1358 1423 1401 aliter
1447 1358 1683 1401 institutus
1707 1371 1763 1400 es.
1821 1359 1831 1416 'j

306 1428 417 1482 Quis
437 1442 540 1485 ergo
560 1427 736 1470 dubitet
764 1427 871 1470 haec
891 1426 1148 1478 criminalia,
1169 1429 1215 1470 et
1242 1442 1332 1470 non
1358 1427 1488 1470 modo
1507 1427 1766 1484 languorem
1791 1451 1794 1455 ι

305 1497 383 1541 sed
421 1497 524 1539 fidei
570 1496 882 1539 exterminium
922 1510 1025 1546 esse,
1065 1495 1181 1552 quod
1220 1498 1348 1539 tanta
1386 1496 1619 1554 diligentia
1664 1509 1764 1553 pro-

306 1559 507 1624 pheticus
522 1566 657 1607 immo
673 1564 867 1621 Spiritus
882 1565 1024 1608 sancti
1039 1579 1180 1607 sermo
1196 1565 1368 1610 eradit?
1402 1565 1764 1609 Abominationes
1790 1587 1792 1590 >
1810 1568 1835 1612 ·';

307 1638 424 1686 sunt,
458 1635 629 1678 dicente
668 1634 884 1686 Domino;
925 1637 971 1677 et
1005 1634 1135 1677 homo
1166 1649 1213 1677 se
1244 1649 1379 1691 supra
1412 1634 1635 1677 hominem
1668 1633 1766 1677 fieri

267 1716 292 1746 c
309 1705 527 1762 opinatur,
547 1718 647 1747 cum
672 1703 859 1746 istorum
886 1706 1111 1746 assecutus
1141 1706 1209 1746 est
1235 1703 1521 1760 disciplinam.
1583 1703 1768 1760 Propter
1825 1708 1832 1753 ἦ

308 1773 561 1817 huiusmodi
581 1773 743 1815 scelera
763 1772 932 1815 deletae
952 1775 1058 1815 sunt
1076 1775 1231 1830 gentes
1250 1775 1296 1816 et
1321 1773 1516 1816 humana
1540 1772 1768 1817 temeritas
1821 1780 1845 1810 ἶ.

309 1858 355 1888 88
376 1844 423 1886 111
444 1843 514 1886 his
534 1842 820 1899 multiplicari
840 1842 1034 1886 confidit.

494 2012 599 2070 Cap·
622 2025 687 2069 29·
747 2012 811 2055 De
836 2011 1027 2068 phisicis
1058 2012 1262 2056 theoricas
1291 2015 1331 2058 et
1355 2013 1583 2070 practicis.
1786 2027 1829 2065 2,t
1867 2014 1870 2017 ⁴

369 2121 491 2164 Licet
517 2124 667 2164 tamen
693 2121 747 2164 de
774 2120 940 2164 futuris
959 2124 1012 2164 ut
1031 2121 1191 2178 aliquis
1211 2121 1476 2173 consulatur,
1495 2121 1561 2164 ita
1580 2121 1769 2178 quidem,
1818 2138 1830 2144 '⁴

310 2191 348 2234 81
375 2194 454 2233 aut
478 2191 638 2247 spiritu
665 2190 829 2247 polleat
849 2190 1117 2247 prophetiae,
1138 2193 1217 2233 aut
1243 2205 1300 2233 ex
1328 2190 1606 2234 naturalibus
1631 2191 1771 2248 signis
1820 2190 1821 2193 ’

311 2260 418 2317 quid
466 2260 514 2301 in
553 2260 806 2316 corporibus
849 2260 1107 2302 animalium
1147 2259 1324 2302 eueniat
1370 2259 1539 2317 phisica
1587 2259 1770 2305 docente

313 2396 334 2431 8
359 2394 684 2431 abhominationes
701 2393 769 2430 SM
899 2405 936 2430 11
965 2393 1137 2440 sompnia
1153 2393 1228 2428 AM
1350 2404 1391 2439 13
1417 2392 1686 2430 abhominatur
1703 2393 1770 2430 SM
1817 2392 1821 2430 j

312 2441 511 2487 Dominus]
530 2442 621 2478 deus
638 2441 671 2476 A
813 2452 861 2477 20
883 2441 1225 2478 Abhominationes
1242 2440 1309 2477 SM
1449 2451 1496 2486 23
1513 2439 1771 2478 huiuscemodi
1817 2446 1821 2453 “

313 2489 344 2524 Β
489 2498 530 2534 25
558 2488 714 2535 praticis
731 2487 756 2524 S
774 2490 815 2525 in
831 2501 862 2526 r.
879 2501 907 2525 c.
918 2501 959 2535 p.
1100 2490 1147 2526 26
1171 2490 1215 2525 ut
1228 2488 1274 2525 de
1291 2487 1428 2524 futuris
1444 2487 1580 2534 aliquis
1597 2488 1663 2523 SM
1818 2491 1819 2495 ’

366 2623 380 2649 1
408 2615 519 2648 uiuus
536 2615 605 2649 etc.
625 2626 633 2650 ε
661 2613 774 2650 Hebr.
790 2612 837 2651 iv.
858 2624 911 2650 12.
1081 2615 1104 2650 6
1131 2615 1282 2658 Quando
1298 2615 1391 2650 etc.:
1417 2613 1528 2650 Dent.
1545 2611 1648 2650 xviii.
1666 2623 1772 2659 9—14.
1817 2650 1820 2656 ,

314 2671 355 2698 21
384 2661 506 2695 homo:
531 2660 679 2696 Alludit
696 2661 744 2696 ad
760 2662 1038 2697 abominationes
1054 2661 1161 2706 quasi
1177 2662 1494 2697 abhominationes.
1724 2669 1767 2707 25
1818 2663 1820 2666 ’

313 2708 500 2743 theoricis:
528 2708 574 2743 cf.
599 2709 710 2743 Enth.
736 2708 760 2743 l.
778 2718 869 2753 449;
894 2720 926 2744 v.
947 2707 1079 2745 Boeth.
1096 2710 1145 2744 In
1160 2708 1293 2754 Porph.
1312 2709 1412 2744 Dial.
1428 2707 1467 2754 i;
1495 2707 1606 2744 Bern.
1624 2705 1770 2745 Silvest.

313 2755 545 2791 Breviarium
564 2755 619 2791 ed.
637 2754 784 2791 Barach
800 2758 832 2791 δι
851 2755 1003 2793 Wrobel
1019 2767 1059 2802 p.
1079 2756 1111 2792 6.
1814 2774 1816 2779 v

427 2823 491 2858 166
