1878 3172
176 141 248 181 512
266 132 296 172 b
643 130 904 175 IOANNIS
943 127 1457 176 SARESBERIENSIS
1591 133 1702 190 [mn.
1718 144 1778 178 111

266 255 296 294 b
315 251 583 295 humilitatis
608 251 860 310 exemplum
880 254 926 295 et
949 251 1251 295 fortitudinis:
1291 251 1514 310 Corripiet
1539 267 1610 296 me
1633 253 1779 297 iustus
1836 269 1841 306 j

314 321 363 363 in
402 321 714 374 misericordia,
748 324 794 364 et
834 321 1080 378 increpabit
1118 336 1190 364 me
1201 335 1212 374 ;
1253 321 1399 365 oleum
1439 325 1590 366 autem
1628 336 1779 379 pecca-
1835 322 1851 354 ἶ

312 390 424 434 toris
452 405 542 434 non
580 391 830 448 impinguet
867 392 1003 448 caput
1040 405 1201 435 meum.
1262 389 1488 435 Consonat
1525 391 1567 435 ei
1606 391 1778 436 ethicus
1847 393 1865 398 ”

311 459 488 504 dicens:
1850 478 1857 487 ¹

428 540 584 583 Falsus
612 540 753 583 honor
780 539 909 583 iuuat
937 543 1017 583 aut
1045 539 1238 583 mendax
1267 539 1455 584 infamia
1483 542 1623 584 terret
1794 556 1815 591 5

427 613 558 655 quem
587 598 674 641 nisi
703 598 961 641 mendosum
991 601 1037 642 et
1065 598 1349 642 mendaeem?

312 725 419 785 cap.
446 736 509 782 15.
557 726 686 781 Quod
705 726 747 770 ei
771 726 1012 770 dumtaaeat
1038 726 1139 771 licet
1161 726 1370 779 adulari,
1390 741 1523 784 quem
1547 726 1645 772 lica
1668 727 1777 771 0005-
1853 715 1877 738 ⁴*

520 795 623 840 dere
633 814 652 847 ,·
682 801 719 840 ά
740 796 858 852 quod
876 796 1100 840 tirannus
1113 795 1327 853 publicus
1344 795 1477 840 hostis
1495 801 1567 841 est.
1847 818 1850 819 ⁷

365 877 682 920 Verumtamen
720 876 792 920 cui
831 876 1017 920 debetur
1055 876 1137 919 hoe
1180 876 1325 920 oleum
1363 877 1617 934 peccatoris,
1656 876 1775 934 quod
1847 868 1872 907 Ῑ”

307 947 516 1003 reprobat
545 945 856 1003 praeambulus
890 960 1045 1002 reg-um
1074 945 1283 997 fidelium,
1318 948 1364 989 et
1392 946 1451 989 ad
1480 946 1598 1003 quod
1628 961 1773 989 emen-
1794 937 1861 989 1οΓ

307 1015 415 1058 (111111
442 1016 490 1058 in
517 1015 728 1059 fatuitate
757 1030 839 1058 sua
868 1015 1068 1059 exclusas
1096 1015 1294 1073 uirgines
1322 1015 1466 1058 mittit
1493 1015 1773 1073 euangelicus
1824 1067 1827 1068 ⁷
1849 1023 1870 1071 ,ᾗ

307 1088 480 1128 sermo?
539 1085 598 1143 Ei
613 1085 768 1142 utique
789 1084 866 1141 qui
892 1085 940 1126 in
967 1084 1169 1127 sordibus
1200 1087 1268 1128 est
1292 1087 1339 1128 et
1361 1085 1479 1128 iusto
1499 1085 1584 1128 Dei
1610 1084 1773 1129 iudicio
1847 1102 1850 1107 ·

307 1154 519 1198 sordescit
538 1155 728 1212 amplius
747 1156 793 1197 et
813 1154 938 1211 uulgi
959 1154 1164 1211 opinione
1186 1154 1334 1211 potius
1355 1154 1584 1211 splendere
1598 1154 1772 1211 appetit
1846 1156 1851 1194 ἓ
1869 1205 1871 1207 ¹

265 1238 290 1268 c
308 1238 440 1280 quam
470 1224 670 1267 caritatis
693 1238 960 1281 operumque
981 1224 1075 1267 eius
1105 1223 1277 1267 feruere
1306 1224 1518 1267 incendio.
1577 1223 1705 1267 Vnde
1724 1225 1771 1267 et
1845 1216 1875 1266 2?

306 1293 355 1335 in
384 1293 653 1336 secularibus
682 1293 846 1336 litteris
874 1296 1054 1347 cautum
1094 1295 1162 1336 est
1196 1293 1302 1350 quia
1330 1293 1460 1336 aliter
1488 1307 1589 1336 eum
1618 1292 1769 1344 amico,
1790 1313 1827 1347 ¹⁵

305 1362 437 1405 aliter
470 1362 713 1405 uiuendum
745 1365 812 1405 est
847 1377 947 1406 oum
976 1362 1166 1406 tiranno.
1225 1362 1381 1405 Amico
1410 1362 1565 1419 utique
1596 1361 1770 1405 adulari
1835 1372 1844 1378 ·

305 1446 395 1474 11011
415 1431 529 1482 lieet,
544 1431 621 1474 sed
636 1446 765 1474 aures
783 1431 952 1474 tiranni
973 1432 1162 1474 mulcere
1182 1431 1354 1474 licitum
1375 1433 1454 1475 est.
1505 1431 1559 1473 Ei
1579 1445 1770 1488 namque
1808 1420 1811 1425 ¹
1838 1425 1855 1453 ·.

303 1500 409 1543 lieet
428 1500 612 1551 adulari,
633 1514 763 1556 quem
782 1500 886 1542 licet
905 1500 1111 1543 occidere.
1171 1499 1306 1543 Porro
1327 1500 1554 1543 tirannum
1574 1500 1768 1543 occidere

303 1583 394 1612 non
424 1569 554 1611 modo
583 1569 754 1611 licitum
789 1571 857 1611 est
890 1569 967 1611 sed
996 1583 1185 1625 aequum
1217 1572 1263 1612 et
1292 1569 1471 1612 iustum0
1531 1569 1619 1622 Qui
1649 1569 1767 1612 enim
1845 1559 1863 1620 „¹

303 1638 502 1695 gladium
531 1638 701 1694 accipit,
727 1637 876 1694 gladio
909 1638 1071 1695 dignus
1101 1639 1168 1680 est
1197 1638 1391 1682 interire.
1452 1638 1541 1682 Sed
1571 1639 1766 1696 accipere
1785 1656 1828 1681 ιο

301 1707 570 1764 intelligitur
599 1707 676 1763 qui
712 1721 813 1749 eum
846 1707 1026 1764 propria
1054 1707 1306 1751 temeritate
1335 1710 1533 1764 usurpat,
1562 1722 1652 1750 non
1688 1706 1766 1764 qui
1856 1708 1862 1723 ³

300 1776 455 1819 utendi
477 1790 527 1819 eo
547 1775 707 1832 accipit
726 1791 753 1818 a
772 1775 963 1819 Domino
987 1779 1263 1833 potestatem.
1323 1777 1489 1834 Vtique
1515 1777 1592 1834 qui
1615 1791 1643 1819 a
1670 1776 1766 1820 Deo

299 1846 566 1902 poteStatem
585 1845 756 1901 accipit,
775 1845 947 1902 legibus
966 1845 1107 1888 seruit
1132 1849 1177 1889 et
1201 1845 1400 1889 iustitiae
1420 1848 1466 1889 et
1491 1845 1601 1888 iuris
1621 1844 1764 1888 famu-

297 1915 369 1958 lus
389 1916 464 1957 est.
527 1914 615 1967 Qui
640 1928 746 1957 uero
770 1929 866 1956 eam
890 1918 1088 1972 usurpat,
1108 1915 1207 1958 iura
1233 1915 1444 1972 deprimit
1469 1919 1515 1958 et
1540 1914 1765 1958 uoluntati

298 1998 403 2027 suae
427 1984 546 2040 leges
571 1983 824 2028 summittit.
888 1983 944 2026 In
974 1999 1074 2026 eum
1101 1999 1204 2041 ergo
1223 1984 1382 2027 merito
1408 1986 1638 2027 armantur
1662 1983 1763 2027 iura
1781 2004 1822 2038 25
1853 2005 1858 2026 1

300 2053 377 2110 qui
411 2052 530 2109 leges
562 2055 775 2103 exarmat,
805 2055 851 2096 et
884 2053 1060 2109 publica
1088 2056 1284 2110 potestas
1315 2053 1432 2096 seuit
1462 2053 1511 2095 in
1547 2067 1647 2095 eum
1683 2054 1761 2109 qui
1851 2037 1855 2077 ,¹

302 2136 516 2166 euacuare
549 2122 712 2164 nititur
744 2121 966 2178 publicam
1000 2136 1194 2165 manum.
1255 2122 1324 2172 Et,
1355 2136 1455 2165 cum
1495 2121 1638 2164 multa
1671 2121 1763 2165 sint

255 2191 284 2231 d
301 2191 487 2235 erimina
515 2190 772 2243 maiestatis,
801 2190 974 2233 nullum
1003 2191 1186 2248 grauius
1215 2193 1283 2234 est
1311 2205 1374 2242 eo,
1403 2190 1521 2247 quod
1549 2189 1761 2234 aduersus

296 2329 319 2364 9
342 2318 641 2364 Verumptamen
660 2317 692 2351 A
804 2326 844 2352 11
872 2314 1139 2363 euuangelieus
1155 2314 1189 2350 A
1310 2325 1354 2357 14
1376 2315 1553 2352 karitatis
1572 2316 1596 2352 S
1715 2317 1760 2353 16

295 2377 382 2402 cum
398 2365 550 2401 tiranno
568 2364 776 2401 uiuendum
793 2365 851 2399 est
868 2363 899 2397 B
1033 2365 1075 2399 18
1100 2365 1306 2409 tyrannum
1324 2363 1365 2399 M
1495 2373 1540 2399 22
1564 2375 1588 2400 a
1603 2362 1758 2400 domino

293 2412 435 2459 accipit
451 2412 539 2447 A¹M
681 2420 724 2458 25
751 2409 943 2447 submittit
959 2409 1061 2446 ASM

345 2542 361 2569 1
393 2533 570 2578 Corripiet
587 2533 680 2568 eto:
708 2531 765 2568 Ps.
791 2530 864 2568 cxl.
887 2539 919 2578 5.
1095 2539 1113 2577 5
1139 2531 1274 2566 Falsus
1301 2532 1397 2567 eta:
1435 2530 1524 2566 Hor.
1549 2531 1621 2576 Ep.
1646 2530 1670 2567 i.
1701 2532 1756 2568 16.

294 2589 352 2626 39,
370 2590 428 2624 40.
493 2578 574 2623 aut]
592 2585 623 2614 et
640 2579 730 2615 Hor.
876 2589 919 2614 10
939 2579 1197 2624 praeambulus
1212 2590 1334 2623 requm
1344 2579 1534 2622 fidelium:
1560 2590 1609 2614 sc.
1625 2577 1757 2615 David.

295 2637 336 2664 11
365 2627 591 2670 euanyelicus
618 2638 752 2662 sermo:
778 2638 810 2661 v.
836 2626 947 2661 Matt.
974 2636 1057 2662 xxv.
1089 2635 1103 2660 1
1130 2636 1230 2670 seqq.
1376 2635 1417 2660 12
1441 2626 1504 2671 qui
1527 2626 1568 2660 in
1591 2627 1756 2661 sordibus

289 2675 383 2711 etc.:
409 2685 440 2708 v.
456 2673 571 2718 Apoc.
588 2672 677 2708 xxii.
700 2684 752 2709 11.
877 2682 917 2719 15
943 2674 984 2707 in
1000 2673 1219 2708 secularibus
1235 2672 1387 2707 litteris:
1411 2683 1444 2707 v.
1458 2671 1533 2708 cio.
1547 2673 1590 2707 de
1606 2674 1751 2708 Amicii.
1811 2698 1814 2700 Α
1835 2715 1841 2718 ⁶

290 2731 336 2766 24
355 2719 373 2767 ξ
393 2721 448 2765 89.
595 2722 634 2755 18
659 2721 773 2756 Porro
790 2721 884 2757 eta:
913 2719 959 2756 cf.
980 2718 1054 2756 Cic.
1076 2721 1143 2765 Off.
1160 2718 1213 2755 iii.
1232 2720 1255 2755 6
1274 2718 1291 2766 ξ
1310 2729 1366 2765 32.
1501 2728 1543 2765 19
1569 2720 1639 2764 Qui
1656 2720 1754 2755 enim

291 2770 365 2807 etc.
381 2779 391 2804 ι
417 2779 449 2802 ν.
466 2765 577 2803 Matt.
595 2766 691 2803 xxvi.
711 2775 765 2813 52.

402 2846 464 2879 23²
