1878 3172
172 159 250 200 455
268 161 297 190 a
643 148 845 192 ΙΟΑΝΝ
847 148 905 191 IS
946 147 1460 192 SARESBERIENSIS
1609 147 1719 207 [Lm.
1735 161 1776 193 11

313 271 391 320 est,
409 283 538 325 quem
554 267 823 326 impossibile
840 270 907 310 est
922 282 949 310 a
970 282 1245 324 quacumque
1265 270 1473 325 corrupta
1493 269 1776 326 apprehendi.

313 337 442 390 Quod
488 340 637 380 autem
681 337 888 394 possibile
935 336 1110 389 dicitur,
1153 337 1378 380 interdum
1417 337 1476 380 ad
1515 337 1778 381 facilitatem

313 420 425 462 quae
458 406 645 463 singulis
675 406 791 448 inest
825 405 897 448 uel
930 420 986 448 ex
1021 405 1228 448 fortunae
1263 405 1430 449 calculo
1464 406 1536 449 uel
1571 421 1628 449 ex
1663 407 1777 464 apti-

311 474 468 517 tudine
498 474 798 531 dispositionis
833 473 1039 526 refertur‚
1070 474 1333 531 quandoque
1367 474 1424 517 ad
1458 474 1600 532 ipsam
1630 490 1778 518 rerum

312 547 520 587 naturam
560 543 750 600 respicit,
781 557 899 586 nunc
933 543 990 585 ad
1026 542 1196 585 fontem
1236 543 1434 585 omnium
1473 543 1672 586 diuinam
1712 559 1777 587 re·
1797 564 1816 598 5

312 613 508 656 flectitur
536 613 823 663 maiestatem,
854 627 881 654 a
916 626 1004 668 qua
1034 612 1177 654 omnis
1209 627 1297 654 non
1329 612 1459 654 modo
1492 626 1780 668 personarum

313 685 572 739 potentatus
607 682 683 724 sed
718 696 865 723 rerum
899 680 1107 732 omnium,
1148 695 1260 737 quae
1299 680 1442 723 uideri
1482 680 1554 723 uel
1594 681 1780 738 cogitari

314 754 511 808 possunt,
561 754 756 808 potestas
805 754 884 794 est.
968 750 1087 793 Hinc
1135 750 1247 792 illud
1296 750 1565 793 Salomonis:
1626 750 1782 793 Omnis

314 823 510 877 potestas
550 836 577 862 a
616 820 807 863 Domino
847 820 941 863 Deo
981 822 1059 862 est.
1128 819 1356 863 Aduersus
1395 820 1510 862 hanc
1549 819 1673 863 nulla
1711 834 1782 862 me

266 892 296 929 b
316 903 527 945 umquam
547 889 822 932 contumacia
843 889 1021 946 erigam,
1042 891 1189 931 certus
1209 888 1314 944 quia
1341 888 1438 945 ipsa
1457 888 1551 931 sola
1570 892 1649 940 est,
1669 901 1781 947 quae
1803 908 1843 932 10

315 962 463 1015 potest
483 958 676 1001 animam
697 962 742 1001 et
763 973 920 1015 corpus
940 958 1118 1000 mittere
1138 957 1185 999 in
1205 958 1464 1015 gehennam.

682 1108 787 1166 Cap.
811 1122 876 1165 23.
917 1107 1108 1151 Obiectz'o
1136 1107 1243 1150 novi
1273 1107 1422 1151 Stoici.

375 1210 532 1252 Restat
565 1210 648 1252 tibi
687 1210 807 1252 illius
843 1209 980 1252 Stoici
1019 1209 1087 1251 tui
1123 1208 1333 1265 quaestio,
1367 1223 1498 1265 quem
1536 1209 1584 1251 in
1618 1209 1784 1267 Apulia

316 1279 484 1321 diutius
534 1282 780 1322 morantem
828 1278 935 1329 uidi,
973 1281 1025 1320 ut
1074 1280 1174 1334 post
1222 1277 1386 1320 multas
1424 1278 1612 1336 uigilias,
1650 1279 1784 1337 longa

316 1350 492 1401 ieiunia,
531 1350 702 1392 labores
751 1349 963 1406 plurimos
1013 1350 1058 1391 et
1107 1347 1299 1400 sudoreS,
1338 1350 1466 1391 tanto
1503 1348 1694 1392 infelicis
1737 1352 1783 1393 et
1802 1368 1842 1402 15

316 1419 489 1462 inutilis
519 1419 642 1461 exilii
673 1421 843 1475 questu,
873 1418 920 1460 in
951 1416 1119 1459 Gallias
1139 1416 1317 1473 Virgilii
1345 1431 1444 1460 ossa
1469 1417 1618 1474 potius
1648 1433 1782 1475 quam

317 1503 493 1531 sensum
534 1490 791 1545 reportaret.
866 1486 1118 1540 Quaerebat
1157 1489 1202 1529 et
1242 1485 1359 1528 enim
1394 1486 1658 1531 Ludowicus
1695 1488 1783 1540 ille,

317 1572 375 1599 an
404 1572 552 1614 posses
582 1557 750 1613 aliquid
780 1556 924 1600 facere
953 1570 1104 1599 eorum
1140 1570 1252 1612 quae
1286 1556 1466 1599 minime
1496 1556 1697 1600 facturus
1726 1572 1784 1601 es.

319 1626 447 1679 Quod
467 1641 566 1669 cum
587 1626 848 1676 admisisses,
868 1625 989 1668 mille
1009 1625 1092 1668 tibi
1120 1639 1275 1668 aureos
1299 1625 1512 1669 offerebat
1538 1626 1644 1669 dum
1670 1627 1783 1670 illud

318 1695 519 1738 efficeres.
598 1695 718 1748 Quos
757 1695 795 1738 si
834 1695 951 1738 forte
989 1709 1228 1751 respueres,
1269 1709 1343 1737 eos
1381 1695 1465 1738 tibi
1505 1696 1783 1752 quantalibet
1802 1713 1845 1737 20

318 1779 492 1807 summa
507 1764 792 1821 multiplicari
812 1764 1005 1815 iubebat,
1020 1767 1073 1806 ut
1094 1764 1212 1820 quod
1231 1763 1391 1806 leuiter
1409 1764 1506 1807 fieri
1526 1768 1673 1822 potest
1692 1766 1782 1808 effi-

319 1834 418 1876 cias.
478 1833 675 1876 Tandem
698 1833 946 1891 impudenti
971 1836 1016 1876 et
1039 1833 1261 1890 impudico
1285 1833 1541 1876 soluebatur
1560 1835 1785 1887 cachinno,

276 1918 300 1947 c
319 1903 412 1946 111111
451 1903 771 1946 coniunctionis
809 1902 1111 1959 oppositorum
1150 1916 1240 1944 non
1274 1902 1527 1960 intelligens
1566 1906 1646 1947 aut
1683 1919 1784 1947 con·

319 1975 562 2029 tempnens‚
590 1975 635 2015 et
664 1975 709 2015 te
738 1972 988 2014 ridiculum.
1002 1971 1311 2014 assistentibus
1341 1971 1482 2029 digito
1512 1973 1783 2025 ostendebat,
1876 2022 1878 2027 ¹

320 2041 395 2098 qui
428 2042 571 2098 gratis
601 2044 774 2084 tantam
809 2041 1041 2098 pecuniam
1070 2041 1414 2097 contempsisses.
1494 2041 1706 2100 Congeris
1735 2043 1783 2085 in
1802 2056 1842 2089 25

307 2111 437 2168 'hunc
483 2111 663 2154 modum
713 2110 1048 2168 quamplurima.
1133 2110 1237 2152 Non
1282 2112 1433 2153 tamen
1477 2111 1547 2154 his
1593 2111 1785 2155 stimulis
1876 2117 1878 2124 '

300 2169 491 2237 ‘urgeon
530 2183 584 2223 ut
622 2180 770 2223 omnia
809 2180 1054 2223 necessaria
1092 2179 1267 2222 credam
1307 2179 1412 2235 quia
1454 2180 1666 2232 sciuntur,
1705 2184 1786 2224 aut

320 2248 456 2291 nichil
472 2249 825 2306 contingentium
845 2248 946 2292 sciri
974 2248 1078 2305 quia
1099 2247 1343 2291 necessaria
1362 2262 1452 2290 non
1471 2251 1590 2292 sunt.
1650 2249 1785 2293 Plane

320 2387 342 2421 4
368 2376 416 2412 ad
433 2389 499 2413 om.
517 2376 577 2412 CB
678 2387 719 2413 12
737 2375 910 2413 Abiectio
927 2376 960 2412 A
1002 2377 1051 2411 In
1067 2377 1189 2412 tabula
1207 2377 1446 2432 capitulorum
1462 2378 1535 2412 cod.
1554 2377 1598 2412 B.
1614 2380 1786 2422 praefixa

320 2425 415 2459 abest
440 2426 559 2459 thtera
591 2425 748 2460 initialis
774 2436 911 2459 necnon
936 2436 1108 2459 numerus
1131 2425 1240 2459 xxiii.
1265 2422 1311 2458 δ’2
1334 2424 1418 2458 huic
1440 2435 1516 2469 cap.
1543 2425 1786 2471 subsequentis

321 2473 467 2506 mulum
479 2473 667 2516 praefixit.
767 2481 808 2516 13
836 2471 962 2517 Stoyci
978 2471 1011 2506 A
1106 2481 1151 2516 23
1177 2469 1431 2506 coniuntionis
1448 2469 1473 2505 S

369 2589 390 2623 8
415 2588 636 2624 Salomonis:
663 2587 812 2624 videtur
827 2587 962 2624 Noster
978 2587 1026 2623 ad
1045 2587 1130 2633 Sap.
1141 2587 1188 2623 vi.
1203 2598 1226 2632 4
1240 2586 1448 2641 respicere3
1472 2586 1519 2623 cf.
1533 2586 1637 2623 Rom.
1653 2587 1733 2624 xiii.
1752 2599 1782 2625 1.

324 2644 437 2676 10,11
466 2646 553 2679 quae
565 2637 791 2679 potestate..
819 2647 851 2670 v.
872 2635 981 2670 Matt.
1000 2646 1035 2670 x.
1056 2637 1113 2678 28,
1132 2634 1218 2670 Luc
1237 2633 1301 2670 ni
1324 2643 1522 2679 5.13
1547 2636 1673 2670 Restat
1689 2638 1784 2672 etc:

321 2692 438 2726 usque
461 2681 509 2716 ad
525 2684 696 2726 facturus
721 2693 756 2717 es
779 2682 875 2718 citat
900 2684 940 2718 et
964 2681 1066 2718 notis
1089 2664 1259 2717 illustrat
1283 2680 1391 2717 Pauli
1416 2682 1514 2716 Mon.
1542 2682 1658 2718 Germ.
1685 2684 1785 2719 Hice.

322 2727 434 2763 xxvii.
453 2739 489 2773 p
508 2738 774 2773 43.17
800 2730 1034 2764 Ludowicus·
1059 2741 1092 2764 v.
1120 2727 1435 2781 Schaarschmidt3
1462 2730 1643 2765 Iohannes
1666 2731 1786 2766 Sar-es-

245 2803 249 2807 .
322 2777 542 2821 berlensis-p.
563 2777 618 2821 98,
637 2787 674 2811 n.
692 2786 739 2819 2;
764 2775 998 2822 Comparetti
1020 2777 1120 2822 Vevmq
1139 2778 1199 2812 nel
1215 2777 1328 2812 medio
1345 2786 1403 2811 evo
1420 2774 1459 2811 ii.
1478 2786 1510 2821 3.

359 2882 364 2890 .
434 2855 494 2887 ¹32

1876 2894 1878 2898 .
1867 2615 1878 2866 ...an—mm*
1875 2582 1878 2597 ,-
1876 2547 1878 2550 Α
1877 2480 1878 2484 Α
1865 2459 1868 2463 ”
1876 2432 1878 2436 .
