1878 3172
94 173 190 214 ou.
203 164 299 227 m]
600 163 1033 211 Poman'ncvs
1555 174 1642 216 500
1661 175 1687 206 e

18 257 47 307 Ἀ·
92 287 328 340 cautiones,
346 290 392 331 te
420 287 598 331 secretis
625 287 775 344 ingere
804 286 962 343 quauis
990 288 1097 328 arte.
1155 284 1228 328 An
1256 285 1397 329 nescis
1425 285 1543 343 quod

94 357 171 414 qui
188 360 380 414 pergunt
398 357 505 414 ipsis
523 355 860 413 imperatoribus
878 355 1094 411 imperare

16 415 32 451 ἲ
206 447 317 491 scire
344 447 502 491 uolunt
530 449 696 491 secreta
723 445 879 489 domus
906 447 1040 502 atque
1068 444 1170 487 inde
1199 444 1378 488 timeri?
1559 446 1589 487 d

93 537 153 581 Et
177 552 265 595 quo
289 538 527 582 studiosius
552 537 839 587 occultantur,
862 550 913 579 eo
936 538 1042 578 sunt
1064 534 1321 592 diligentius
1346 550 1543 592 perscru-

13 595 26 666 ἲ
56 622 76 656 5
91 605 254 659 tandm
281 621 438 664 nempe

206 705 333 735 carus
360 692 447 735 erit
474 691 615 744 Verri,
644 690 721 747 qui
750 690 933 733 Verrem
961 692 1158 746 tempore
1187 702 1275 745 quo
1303 689 1405 732 uult

11 760 30 812 3
206 774 408 803 accusare
434 762 591 817 potest.

15 899 21 906 „
92 846 143 890 Si
170 849 320 890 tamen
347 847 465 890 inter
491 846 630 889 malos
658 845 819 889 caritas
842 847 921 887 aut
946 843 1140 887 amicitia
1169 858 1262 887 esse
1285 847 1441 901 potest,
1461 845 1543 887 hoc

92 916 255 959 etenim
286 916 533 973 quaesitum
563 917 642 958 est.
711 914 800 957 Sed
832 913 1011 956 tandem
1046 913 1212 970 placuit
1246 927 1343 956 eam
1376 913 1462 956 nisi
1496 914 1543 955 in

8 982 78 1043 {²1¹⁰
93 983 219 1027 bonis
237 998 330 1027 esse
347 998 437 1026 non
454 998 591 1040 posse.
648 982 812 1040 Magna
837 982 991 1038 utique
1017 981 1135 1023 inter
1157 981 1309 1024 molles
1335 985 1380 1024 et
1405 982 1546 1027 malos

80 1052 321 1096 concordia
345 1052 422 1094 sed
450 1066 502 1094 ea
524 1054 700 1094 tantum
729 1065 756 1093 a
784 1050 968 1094 caritate
992 1049 1189 1100 discedit,
1219 1053 1434 1106 quantum
1463 1050 1543 1092 lux

23 1142 31 1169 ,ι
91 1121 230 1164 distat
258 1135 286 1163 a
310 1120 514 1164 tenebris.
573 1120 631 1162 Et
659 1119 762 1162 licet
794 1118 1018 1161 interdum
1052 1119 1169 1169 mali,
1199 1119 1314 1162 sicut
1348 1122 1394 1161 et
1426 1119 1543 1171 boni,

7 1181 38 1202 “”’
90 1189 208 1232 idem
226 1189 339 1232 uelle
359 1188 431 1231 uel
456 1188 573 1231 idem
598 1187 715 1230 nolle
743 1187 927 1244 possint,
946 1186 1166 1230 amicitiae
1192 1190 1342 1229 tamen
1360 1187 1543 1230 titulum

25 1272 49 1309 ὲ·
90 1271 181 1300 non
222 1259 528 1314 assequuntur.
598 1255 726 1298 Vnde
771 1257 817 1298 et
864 1254 1032 1311 Crispo,
1070 1254 1378 1298 historicorum
1426 1256 1544 1299 inter

28 1337 74 1378 ‘¹5
91 1324 272 1368 Latinos
310 1325 548 1382 potissimo,
578 1324 654 1367 sed
692 1326 738 1366 et
768 1323 853 1379 ipsi
888 1322 1089 1366 Ciceroni
1123 1323 1291 1380 placuit
1327 1324 1375 1366 in
1414 1324 1543 1366 malis

29 1387 37 1394 ⁴
90 1392 327 1436 factionem
353 1407 445 1435 esse
470 1392 587 1449 quod
615 1392 663 1434 in
691 1391 802 1434 uiris
825 1391 950 1434 bonis
974 1405 1083 1434 uera
1101 1392 1298 1435 amicitia
1316 1395 1395 1436 est.
1453 1391 1542 1434 Sed
1557 1403 1632 1443 501
1651 1407 1681 1435 a

90 1462 305 1519 quamuis·
328 1462 515 1504 uitiosus
553 1460 861 1518 praepediente
900 1460 1072 1503 malitia
1109 1461 1275 1504 amicus
1315 1475 1407 1504 esse
1452 1475 1542 1503 non

90 1531 239 1588 possit,
266 1530 349 1573 etsi
377 1544 467 1572 non
495 1529 770 1579 uenerabilis,
795 1529 1014 1571 uerendus
1042 1532 1192 1571 tamen
1221 1529 1307 1572 erit
1336 1529 1412 1585 qui
1441 1543 1540 1571 con-

0 1622 2 1632 r
91 1598 274 1642 scientia
284 1600 550 1641 secretorum
561 1597 732 1640 conscio
742 1600 954 1639 terrorem
965 1599 1113 1653 potest
1124 1597 1332 1642 incutere.
1370 1597 1541 1641 Scitum

19 1694 68 1709 ·
91 1669 159 1710 est
177 1666 288 1710 illud
307 1666 452 1718 ethici,
473 1666 577 1723 quia

30 1731 35 1744 ’
214 1750 296 1793 'nil
324 1750 408 1794 tibi
435 1764 482 1793 se
509 1750 666 1792 debere
694 1752 836 1806 putat,
865 1749 929 1791 m]
958 1749 1156 1793 conferet
1184 1765 1405 1808 umquam,

231 1808 308 1865 qui
336 1811 382 1851 te
410 1807 669 1864 participem
698 1807 853 1851 secreti
883 1807 990 1851 fecit
1018 1808 1201 1852 honesti.

90 1897 187 1942 Hoc
215 1912 387 1955 quoque
415 1897 504 1940 iam
532 1895 702 1954 pridem
730 1897 855 1940 uenit
883 1897 931 1939 in
965 1898 1160 1949 dubium,
1190 1913 1248 1941 an
1277 1914 1540 1957 quemquam

89 1966 280 2010 diuitum
310 1969 355 2009 et
383 1969 616 2022 potentum
646 1979 794 2008 amare
824 1966 1064 2022 contingat.
1122 1968 1402 2024 Tandemque
1426 1984 1539 2012 rece-

0 2028 74 2095 1225
89 2037 216 2092 ptum
230 2038 298 2078 est
312 2034 484 2078 eosdem
495 2048 735 2090 numquam
747 2049 894 2077 amare
906 2035 978 2076 uel
990 2049 1102 2087 raro,
1109 2039 1155 2078 et
1169 2036 1216 2077 in
1231 2037 1294 2079 eis
1308 2038 1539 2093 praecipue

0 2118 41 2151 χ
88 2104 242 2154 causis,
269 2103 318 2145 in
351 2102 510 2159 quibus
540 2116 587 2144 se
617 2102 764 2158 potius
798 2116 930 2158 quam
962 2103 1070 2146 alios
1101 2118 1248 2146 amare
1277 2105 1539 2158 uideantur3

87 2171 308 2216 contraria
350 2170 564 2227 siquidem
602 2170 650 2212 in
689 2170 840 2213 eodem
879 2185 971 2213 esse
1010 2185 1099 2213 non
1137 2175 1333 2227 possunt,
1368 2176 1414 2215 et
1452 2188 1539 2229 quo

0 2239 57 2284 Mis?
88 2239 250 2283 diuites
268 2239 507 2296 plurimum
526 2238 793 2295 cupiditatis,
812 2253 863 2281 eo
882 2239 1048 2281 habent
1067 2239 1298 2282 minimum
1317 2241 1539 2293 caritatis;

1 2310 41 2412 ἓ
93 2357 136 2394 13
159 2346 332 2384 amicicia
346 2358 440 2384 uera
457 2345 501 2383 0¹

8 2412 32 2452 ,Ξ
90 2413 521 2419 -..-—--—

9 2459 42 2490 μὴ
134 2455 158 2491 3
180 2446 270 2481 acin
285 2446 379 2481 etc.:
404 2443 482 2480 Iuv.
499 2445 573 2479 Sat.
590 2441 644 2478 iii.
665 2452 742 2487 113.
851 2452 875 2486 4
897 2443 1143 2478 occultantur:
1167 2454 1218 2479 sc.
1236 2446 1381 2481 secreta
1396 2445 1539 2483 domus.

3 2489 38 2538 *ξ
90 2491 115 2528 6
136 2503 243 2528 cama
258 2493 350 2528 etc.:
378 2491 455 2526 Iuv.
472 2492 546 2526 Sat.
565 2488 619 2526 ιιι.
639 2498 693 2534 53,
716 2497 771 2534 54.
890 2498 912 2533 9
931 2490 1073 2534 placuit
1089 2492 1181 2526 etc.:
1206 2502 1236 2525 v.
1250 2490 1325 2527 Cic.
1339 2494 1382 2527 de
1392 2495 1536 2529 Amicit.

6 2539 34 2589 ¹¹533
94 2537 258 2584 1⁸§653
283 2537 484 2592 01:5317.
661 2546 702 2581 13
727 2537 924 2571 idemuelle
940 2538 1035 2591 etot
1059 2548 1090 2571 v.
1109 2536 1197 2572 Sall.
1219 2538 1296 2573 Cat.
1315 2548 1361 2574 20
1378 2538 1396 2585 ξ
1415 2550 1462 2584 4;
1488 2541 1536 2577 cf.

10 2591 35 2642 ,j⁴
89 2593 203 2630 nupta
217 2586 345 2621 Polior.
362 2596 416 2620 ιιι.
433 2595 456 2629 4
475 2585 558 2630 (482
572 2583 625 2625 c).
670 2631 677 2639 ι
787 2631 795 2639 ¹
808 2639 816 2648 ·
827 2593 868 2626 14
896 2584 1042 2627 Crwpo:
1067 2595 1116 2619 ec.
1135 2582 1309 2637 Sallustio
1326 2585 1455 2632 Crispo
1471 2600 1480 2629 ;
1505 2600 1535 2623 v.

30 2647 41 2657 ,ἡ
90 2631 231 2713 ¹1·th
243 2630 442 2714 33014’111132
458 2679 532 2713 Sat.
550 2639 605 2712 iii⁵
627 2631 681 2722 5⁶1,
700 2685 755 2721 52·
780 2642 816 2664 ι’
842 2629 1260 2724 somniem
1276 2631 1372 2715 {ta
1396 2680 1444 2716 cf.
1462 2644 1536 2717 Οἴει.

69 2730 75 2735 ·
92 2725 135 2759 de
148 2725 292 2759 Amicit-
311 2733 353 2768 17
372 2724 390 2770 ξ
412 2726 481 2767 64;
506 2723 569 2760 sed
586 2725 776 2759 auctorem
793 2722 917 2759 nescio
934 2734 1047 2768 quem
1064 2726 1214 2770 praeter
1230 2723 1450 2763 Ciceronem
1465 2728 1537 2764 hoc

92 2767 176 2807 loco
192 2770 295 2816 sequi
311 2771 491 2808 Ioannem
507 2770 684 2816 suspicor.

1366 2853 1426 2877 211
