1820 3138
821 126 1272 171 PROLEGOMENA

318 246 592 297 procurante
610 242 881 299 yrauissimo
899 244 1235 301 doctissimoque
1251 247 1379 301 patre
1395 245 1642 302 Confessore
1660 247 1781 304 re9io

324 343 333 352 .
353 345 362 354 .
383 343 392 353 .
416 310 580 355 Venale
599 312 654 355 in
672 313 775 356 uico
795 313 954 356 Sancti
972 313 1125 357 Iacobi
1143 314 1200 357 in
1220 313 1315 356 Sole
1335 328 1473 357 aureo
1486 327 1502 357 .·
1530 315 1642 358 etin
1660 315 1780 359 Lilio

322 395 460 424 awreo
489 382 617 438 apud
645 380 870 426 beniuolos
896 387 1154 427 ‘mercatores
1185 383 1462 439 ‘mayistrwm
1491 383 1781 429 Bertholdum

321 449 543 494 Rembolt:
572 455 609 495 et
635 450 859 495 Ioannem
877 452 1107 496 Paruum.
1169 453 1291 506 Quae
1311 453 1366 496 de
1390 454 1640 511 C'onfesso‘re
1659 455 1781 510 reyio

311 519 539 575 dicuntur,
560 520 857 578 intellegenda
886 524 991 565 sunt
1015 522 1069 565 de
1099 522 1334 565 Guillelmo
1358 521 1501 566 Paruo
1527 523 1620 566 siue
1651 523 1780 575 Petit,

321 603 451 645 quem
480 592 610 632 uocat
640 589 806 633 Claude
835 591 890 634 de
921 591 1107 648 SeysseL
1137 592 1251 635 Hist.
1282 591 1335 635 de
1366 591 1515 648 Louys
1548 592 1652 644 XII,
1683 592 1779 636 Par.

325 660 434 713 1615
455 672 496 715 p.
520 672 614 715 293,
636 659 819 704 Maist're
843 661 1103 704 Guillawme
1123 660 1279 711 Parvi,
1299 660 1470 704 homme
1484 661 1537 705 de
1552 661 1693 705 bonne
1712 662 1780 706 vie

319 731 357 770 et
381 728 434 771 de
447 729 669 785 profonde
695 729 868 780 scienoe,
889 733 934 772 et
960 730 1030 773 cui
1054 729 1170 772 idem
1195 732 1291 773 erat
1316 744 1476 773 nomen
1500 730 1617 787 quod
1644 732 1779 774 etiam

319 797 452 840 huius
490 797 697 841 editionis
735 800 1015 856 typographo
1050 799 1201 852 alteri3
1243 814 1286 843 v.
1318 799 1779 854 Schaarschmidtium,

319 866 414 910 1072.
445 867 546 911 Sar.
576 881 617 923 p.
649 869 744 923 285.
804 868 850 910 Is
879 883 1032 926 regum
1065 868 1278 912 Ludouici
1309 868 1400 910 XII
1429 871 1474 912 et
1504 869 1724 913 Francisci
1754 870 1778 913 I

319 935 541 979 confessor
571 936 660 979 fuit
673 950 682 988 ;
714 952 751 980 a.
776 946 885 994 1519
917 939 1144 995 episcopus
1173 938 1398 981 Trecensis
1427 938 1583 990 factus,
1606 954 1642 982 a.
1669 949 1776 996 1527

319 1004 377 1046 ad
411 1005 557 1047 sedem
598 1005 972 1049 Siluanectensem
1015 1007 1270 1058 translatus,
1305 1022 1343 1050 a.
1380 1010 1492 1065 1536
1525 1023 1779 1065 supremum

319 1074 436 1116 diem
458 1075 592 1128 obiit3
621 1090 661 1118 v.
687 1076 797 1119 Gall.
822 1076 983 1119 Christ.
999 1091 1039 1120 x.
1061 1089 1167 1128 1441
1192 1091 1290 1134 seq„
1306 1077 1382 1120 xii.
1398 1079 1483 1132 516
1498 1093 1599 1135 seq„
1614 1079 1779 1130 Zedler,

325 1142 463 1186 Vnin.
494 1144 594 1187 Lem.
631 1145 768 1187 xxvii.
807 1147 916 1188 1082
941 1160 1029 1202 seq.
1103 1146 1268 1189 Eadem
1302 1146 1356 1189 de
1387 1147 1484 1190 uita
1518 1148 1780 1206 scriptisque
1819 1138 1820 1141 Ἴ

318 1213 499 1256 Ioannis
529 1213 870 1257 Saresberiensis
899 1214 1034 1257 habet
1061 1215 1198 1258 editio
1221 1215 1480 1259 Parisiensis
1507 1231 1618 1273 quae
1643 1218 1778 1261 editio

317 1282 531 1339 princeps,
552 1282 705 1325 addito
727 1284 877 1325 tamen
903 1284 1180 1340 paragrapho
1206 1298 1262 1327 ex
1288 1283 1323 1327 I.
1348 1285 1580 1328 Trithemii
1605 1286 1779 1329 abbatis

318 1352 660 1409 Spanhemensis
710 1352 850 1395 Catal.
892 1353 1055 1409 Script.
1098 1353 1253 1397 Eccles.
1293 1354 1446 1398 lxxvii.
1520 1355 1779 1412 Sequuntur

315 1421 578 1464 Emhetieus
601 1420 827 1464 Iohannis
852 1421 1041 1478 episcopi
1072 1423 1358 1467 Oa-rnotensis
1380 1424 1444 1467 In
1464 1423 1776 1480 policratioon,

316 1491 409 1548 ipse
439 1490 750 1543 Policraticus,
770 1505 945 1533 carmen
975 1491 1030 1533 de
1059 1492 1266 1534 membris
1295 1492 1648 1549 conspirantibus
1677 1490 1793 1537 cum'

317 1560 468 1603 eadem
489 1562 622 1616 atque
646 1560 693 1601 in
718 1560 782 1602 ed.
803 1573 866 1616 pr.
887 1561 1264 1617 superscriptione,
1285 1563 1591 1605 contentorum
1610 1562 1777 1615 tabula,

315 1629 451 1673 index
465 1629 618 1672 ordine
632 1629 908 1686 alphabetico
920 1629 1175 1672 instructus.
1215 1629 1270 1672 In
1286 1629 1360 1673 fol.
1379 1643 1461 1686 232
1475 1634 1617 1674 recto:
1642 1631 1775 1676 Finit
1818 1687 1820 1689 -

316 1713 428 1754 opus
442 1698 702 1755 preclarum
717 1698 981 1741 Polic‘ratici
996 1697 1058 1741 De
1074 1698 1215 1754 nuyis
1234 1698 1487 1742 curialium
1506 1704 1545 1743 et
1567 1700 1774 1757 uestiyiis
1815 1735 1820 1752 ξ

312 1767 703 1824 philosophorum:
746 1767 878 1811 cuius
906 1767 1103 1811 Ioannes
1136 1767 1470 1812 Salesberiensis
1508 1773 1630 1812 actor
1657 1770 1774 1826 fuit.
1812 1774 1820 1857 i

315 1837 381 1880 In
405 1836 501 1881 Sole
526 1850 664 1880 aureo
693 1835 794 1878 uici
823 1836 970 1879 sancti
999 1835 1162 1887 Iaoobi,
1193 1836 1474 1892 Impressum
1501 1837 1773 1882 Pawhisius

315 1920 448 1962 opera
476 1909 515 1950 et
543 1904 743 1961 eoepensis
770 1904 984 1960 ‘mayistri
1017 1904 1243 1948 Berthololi
1275 1905 1472 1949 Rembolt
1506 1909 1545 1949 et
1576 1906 1774 1953 Ioannis

310 1975 470 2031 parui.
520 1974 660 2017 Anno
678 1974 860 2017 domini
879 1974 1020 2016 MDX
1022 1974 1082 2017 II
1081 1975 1113 2016 I
1112 2008 1122 2018 .
1170 1975 1254 2018 Die
1272 1989 1380 2018 uero
1398 1990 1485 2019 ccxv
1509 1975 1642 2020 Maii.
1702 1976 1775 2019 Ab
1808 2019 1811 2024 ,

317 2043 522 2087 editionis
542 2043 752 2100 principis
771 2045 901 2086 textu
921 2044 1142 2086 rarissime
1162 2044 1391 2101 discrepat.

373 2112 428 2170 (c)
462 2112 625 2155 Eodem
652 2126 768 2155 anno
794 2112 960 2168 prodiit
989 2112 1196 2169 Lugduni
1223 2113 1270 2155 in
1300 2115 1455 2156 octauo
1479 2113 1615 2157 editio
1645 2128 1773 2171 prae·
1804 2138 1807 2144 ·

315 2181 495 2225 cedente
525 2181 688 2224 melior.
748 2181 804 2223 In
834 2180 1004 2225 fronte:
1033 2181 1260 2225 Iohannis
1289 2181 1620 2226 saresberiensis
1647 2182 1772 2226 Poli-

314 2250 508 2293 craticus
528 2250 579 2293 de
598 2250 738 2306 nuyis
757 2250 1011 2293 curialium
1036 2255 1074 2294 et
1104 2250 1309 2307 nestiyiis
1330 2250 1698 2307 philosophorum
1716 2251 1773 2294 in

316 2323 404 2362 octo
433 2318 649 2373 partiales
682 2318 869 2362 diuisus
903 2318 1038 2362 libros
1051 2335 1066 2362 .·
1106 2334 1211 2362 cum
1242 2318 1485 2362 eorundem
1516 2319 1684 2363 tabulis
1714 2321 1773 2364 in

314 2387 459 2443 operis
478 2386 659 2430 exordio
679 2385 920 2442 dispositis.
984 2388 1055 2430 Sic
1077 2387 1123 2429 in
1145 2387 1385 2444 exemplari
1405 2402 1528 2440 meo;
1556 2387 1603 2429 in
1624 2403 1769 2431 exem·
1797 2447 1800 2450 Δ

315 2455 428 2512 plari
467 2455 705 2498 Bodleiano
734 2456 961 2499 Iohannis
990 2460 1071 2500 etc.
1104 2459 1156 2498 ut
1186 2457 1232 2498 in
1262 2470 1358 2498 meo
1387 2470 1524 2512 usque
1544 2457 1600 2499 ad
1623 2457 1783 2512 philo*

314 2523 555 2579 sophorum
571 2538 580 2576 3
609 2526 706 2566 tum
726 2539 832 2567 uero
851 2526 1083 2568 continens
1102 2525 1236 2568 libros
1256 2528 1368 2576 octo3
1399 2525 1550 2567 statim
1571 2526 1772 2582 sequitur
1800 2524 1802 2529 ’

314 2593 600 2635 materiarum
656 2593 703 2634 in
758 2593 882 2636 libris
941 2596 1229 2636 tractatarum
1285 2593 1431 2635 breuis
1487 2595 1769 2638 enumeratio.
1798 2542 1820 2658 ἔ

315 2662 391 2719 Pp.
423 2674 536 2717 3-14
567 2661 719 2703 tabula
750 2665 1065 2705 contentorum.
1141 2661 1216 2718 Pp.
1250 2672 1387 2718 15-23
1421 2661 1680 2706 Entketicus
1711 2659 1820 2708 in

314 2730 643 2775 Polior-aticum
659 2730 752 2773 sine
768 2731 913 2775 titulo.
953 2731 1065 2774 Tum
1080 2730 1381 2775 Policraticus
1400 2731 1494 2787 ipse
1513 2731 1560 2773 in
1576 2731 1666 2775 foll.
1682 2741 1766 2789 375

430 2813 543 2842 xvlu
