1820 3138
558 180 1005 228 PROLEGOJOENA

11 321 23 349 ι
38 301 273 360 Damnate
296 301 418 351 citat,
442 314 611 345 necnon
634 300 798 344 librum
823 299 900 357 qui
923 298 1156 356 Asclepius
1182 299 1439 343 inscribitur
1465 304 1512 344 et

10 382 16 416 i
58 371 178 415 inter
201 385 335 429 opera
351 370 530 428 Apuleii
547 369 868 414 circumfertur.
926 368 1154 412 Nonnulla
1171 368 1227 412 de
1246 369 1435 426 Apuleio
1453 385 1509 413 ex

11 484 15 485 γ
57 439 311 497 Augustino
328 442 376 482 et
393 438 615 482 Macrobio
631 437 780 482 refert.

15 502 17 508 ’
116 507 168 561 Q.
206 507 383 551 Suum
421 507 691 551 Summum
728 505 923 549 Ixibrwm
958 504 1287 558 medicinalem,
1326 506 1383 549 de
1421 521 1510 563 quo

10 570 16 608 ²?
46 577 211 622 ‚utrum
228 576 370 633 patris
387 575 448 619 sit
465 590 524 618 an
542 574 624 618 filii
638 574 782 618 adhuc
800 573 1010 617 dubitant
1028 573 1116 616 uiri
1131 573 1262 625 docti,
1277 574 1326 617 in
1343 574 1507 618 Poliaer.

57 643 118 686 vi.
132 657 190 697 24
206 645 345 698 citat;
373 659 486 701 quae
504 643 630 687 uelut
647 642 913 687 Sammonici
935 642 1088 686 Sereni
1107 642 1156 685 in
1181 642 1345 686 Polior.
1366 644 1458 687 viii.
1482 656 1507 699 7

14 724 31 750 .·
57 711 209 765 refert,
226 713 369 770 patris
387 716 494 756 sunt
512 715 559 755 et
577 727 635 755 ex
652 711 864 755 Macrobii
883 710 1211 755 Satumialibus
1228 713 1507 769 proueniunt.

23 797 26 800 ’
113 781 330 825 Somm
348 781 481 824 semel
499 783 677 824 tantum
695 780 908 832 nominat,
927 779 1181 837 saepissime
1198 781 1412 838 sequitur.

20 840 25 856 ⁵
114 848 348 893 Cn’nmu
374 849 660 907 epistolarum
684 848 743 891 ad
772 847 1025 892 Cornelium
1052 862 1213 906 papam
1242 849 1506 907 scriptarum

13 914 26 968 ’ᾖ
54 917 172 962 locos
188 918 300 961 citat
316 917 452 970 duos;
479 932 666 974 quorum
693 917 883 960 alterum
907 917 1003 959 siue
1028 917 1077 959 in
1106 917 1309 960 Gratiani
1328 919 1507 963 Deci-eto

10 990 23 1030 Γ,
52 985 150 1035 siue
168 985 216 1028 in
234 986 323 1029 alia
340 1000 558 1030 canonum
577 985 830 1029 collectione
849 985 992 1042 legere
1011 986 1169 1042 potuit,

55 1074 59 1078 ¹
111 1053 368 1098 Cnammn
407 1058 454 1098 et
491 1054 706 1097 Platonici
747 1052 921 1097 Timaei
958 1054 1322 1111 interpretatione
1364 1059 1412 1099 et
1458 1057 1504 1099 in

19 1143 33 1165 2
52 1122 241 1167 cundem
262 1122 425 1166 librum
443 1122 756 1167 commentario
773 1137 880 1165 usus
902 1125 980 1165 est.

34 1219 35 1222 =
110 1190 307 1235 Fnuncl
333 1191 567 1235 Matheseos
585 1190 646 1233 iii.
670 1205 690 1234 1
720 1205 839 1248 seqq.
857 1190 977 1248 (non,
996 1194 1050 1234 ut
1074 1191 1122 1233 in
1148 1191 1504 1250 corrigendorum

35 1258 332 1312 >tabulaclixi,
352 1260 382 1304 i.
403 1273 431 1317 3
460 1260 597 1317 seqq.)
617 1260 672 1303 de
697 1274 782 1303 usu
807 1259 1374 1318 nihilaffirmarepossum3
1400 1277 1503 1305 nam

29 1341 166 1385 ,quae
206 1328 262 1373 de
298 1329 575 1386 planetarum
613 1332 776 1372 natura
805 1328 1125 1386 astrologorum
1158 1331 1329 1373 somnia
1366 1331 1505 1375 refert

38 1394 253 1450 Ioannes,
270 1397 383 1440 nihil
402 1401 528 1441 uetat
544 1412 625 1441 nos
642 1397 855 1454 suspicari
874 1412 974 1440 eum
993 1397 1171 1441 aliunde
1190 1400 1438 1456 sumpsisse.

26 1491 32 1507 .=
107 1464 293 1510 Dolum
312 1465 460 1509 libello
477 1466 532 1510 de
556 1466 662 1510 Vita
682 1466 873 1523 Ver-,filii
890 1480 997 1509 usus
1011 1469 1107 1518 est;
1134 1471 1350 1524 apparent
1368 1469 1505 1512 etiam

27 1532 243 1587 {eiusdem
268 1534 398 1578 Artis
422 1535 767 1587 Grammaticae,
797 1534 1239 1579 Gmnmaentariomm
1263 1537 1319 1579 i‘n
1346 1536 1504 1581 Teren-

28 1601 184 1656 bum,
198 1603 325 1648 Vitae
344 1603 540 1648 Terentii
557 1604 756 1661 uestigia.

50 1669 351 1724 ·Ev·rno‚1‘11
369 1672 463 1729 qui,
483 1675 536 1715 ut
554 1673 620 1715 ait
638 1672 805 1716 Polior.
825 1673 920 1716 viii.
944 1685 1011 1724 21,
1030 1672 1293 1717 Rmnaiiam
1311 1675 1502 1731 eleyami

31 1740 307 1796 mpendio
316 1740 522 1784 describit
535 1741 790 1792 historiam,
801 1742 1054 1798 saepissime
1064 1742 1175 1786 citat
1187 1742 1500 1788 Breuiaiiwm.

3 1801 5 1804 ⁴
32 1819 38 1835 -’
104 1808 336 1853 Amosn
356 1809 492 1853 libros
512 1810 567 1854 de
586 1809 753 1867 Officiis
772 1813 971 1867 usurpat,
990 1825 1159 1854 necnon
1178 1810 1344 1855 Polior.
1366 1813 1427 1856 in'.
1446 1826 1500 1869 13

23 1901 47 1927 -
65 1879 243 1920 nostrae
268 1877 474 1921 editionis
500 1878 611 1922 tomi
635 1878 664 1922 i.
682 1893 723 1935 p.
744 1891 842 1930 221,
867 1893 969 1930 non,
993 1882 1046 1922 ut
1074 1880 1121 1922 in
1145 1880 1295 1924 Indice
1324 1881 1500 1933 dicitur,

23 1968 26 1969 ⁷
47 1944 163 2002 321),
196 1944 542 1990 commentariis
577 1947 636 1990 ’ἱπ
671 1947 717 1991 S.
757 1946 906 1991 Pauli
942 1948 1171 2004 Epietolae
1207 1949 1352 1992 medio
1388 1964 1501 1993 aeuo

47 2012 279 2060 Ambrosio
296 2014 537 2066 attributis,
556 2029 630 2058 eos
655 2015 821 2059 scilicet
843 2030 952 2072 quos
971 2016 1101 2059 hodie
1121 2031 1216 2060 mos
1234 2021 1303 2060 est
1321 2019 1499 2061 nomine

7 2079 362 2132 ,Ambrosia-stri
399 2082 654 2139 designare3
701 2083 888 2126 fortasse
931 2086 1065 2127 etiam
1105 2085 1230 2128 libris
1267 2085 1322 2128 de
1361 2086 1499 2129 Obitu

123 2169 152 2187 ,ι
170 2169 177 2185 ι
199 2169 209 2187 ι
224 2168 231 2188 2
247 2148 291 2202 ἲ,
309 2150 364 2193 de
381 2149 680 2203 Paenitentia,
701 2152 1071 2207 Eoepositionibus
1089 2153 1268 2197 Psalmi
1292 2154 1433 2197 excidii
1453 2159 1499 2197 et

0 2227 24 2271 <³
39 2216 294 2274 Enuvnyelii
319 2217 477 2261 Lucae.
534 2218 696 2262 Locum
726 2234 783 2262 ex
810 2220 924 2263 libro
951 2222 1004 2263 de
1037 2220 1195 2278 Ioseph
1215 2222 1499 2278 patriarcha,

90 2284 122 2320 ι’
142 2288 189 2329 et
205 2285 325 2343 apud
339 2285 561 2341 ,Isidorum
586 2290 632 2329 et
657 2287 706 2329 in
725 2287 880 2330 Glossa
899 2288 1135 2332 Ordinaria
1154 2293 1312 2341 exstat,
1331 2291 1499 2335 Polior.

163 2364 215 2410 17
234 2354 354 2397 citat.
412 2354 687 2407 Gratianum,
707 2358 761 2398 ut
783 2356 973 2409 uidetur,
988 2361 1174 2410 secutus,
1188 2373 1245 2401 ex
1264 2359 1497 2404 Ambrosio

89 2443 94 2455 ι
144 2441 176 2458 ·-·
198 2443 201 2458 ι
228 2441 248 2459 ι·
279 2422 415 2465 refert
427 2421 593 2465 Polior.
608 2423 683 2465 vii.
702 2434 756 2478 17
776 2438 888 2480 quae
906 2439 1010 2468 uere
1028 2440 1086 2468 ex
1103 2426 1276 2469 concilii
1294 2427 1495 2471 Toletani

113 2490 199 2547 653
223 2489 366 2533 habiti
387 2491 628 2534 canonibus
658 2491 890 2549 desumpta
917 2496 1047 2546 sunt,
1038 2507 1048 2516 ·
1080 2509 1123 2537 v.
1152 2509 1304 2538 comm.
1332 2497 1391 2539 ad
1416 2497 1495 2541 loe.

253 2557 303 2600 in
328 2559 416 2601 fine
441 2557 606 2602 Polior.
627 2560 720 2602 viii.
744 2573 796 2603 12
823 2560 966 2604 locum
985 2562 1239 2620 Augustini,
1259 2565 1376 2621 quod
1394 2568 1495 2608 tan-

62 2625 65 2627 ’
147 2646 165 2661 ιι
205 2626 397 2669 eiusdem
427 2627 644 2671 citauerat
681 2628 729 2670 in
766 2629 942 2674 Decreta
978 2630 1228 2685 Gratianus,
1259 2633 1493 2678 Ambrosio

17 2703 35 2731 ³
36 2702 127 2751 με
141 2707 330 2738 errorem
348 2695 565 2739 attribuit.

54 2759 298 2806 Avsom
316 2763 678 2820 Epiyrammatis
697 2779 802 2808 usus
821 2769 898 2809 est.

1250 2852 1377 2888 XXXV
