1878 3172
100 163 201 196 aar.
214 149 328 211 vm]
617 151 1052 197 POLICRATICVS
1576 162 1663 203 40⁵
1678 163 1706 192 c

99 270 259 329 gratia,
276 271 384 321 siue,
402 271 521 328 quod
539 272 716 329 turpius
734 275 814 322 est,
833 272 1048 314 ebrietate
1066 271 1140 314 uel
1159 271 1375 329 crapula?
1404 271 1561 315 Artem

101 340 256 398 utique
275 340 588 398 elegantiorem
608 341 760 385 docuit
780 341 988 384 Flaccus:

1191 409 1279 452 Ter
1305 410 1430 452 uncti

216 471 427 511 trananto
453 467 660 520 Tiberim,
688 481 871 524 sompno
899 467 1061 524 quibus
1088 469 1157 510 eet
1184 481 1295 524 opus
1323 467 1426 510 alto.

34 560 39 564 ·
63 555 85 590 5
101 536 183 580 Ait
208 551 381 593 quoque
399 537 701 580 concionator:
730 536 884 580 Dulcis
910 539 978 579 est
1004 550 1215 593 sompnus
1233 536 1448 592 operanti,
1467 536 1563 579 siue

102 619 261 663 parum
289 605 383 648 siue
408 605 600 648 multum
625 605 836 648 comedat.
896 605 1168 648 Exercitatio
1197 604 1415 661 siquidem
1442 605 1563 662 parit

102 677 150 717 et
175 674 258 716 alit
279 674 442 730 quietis
467 674 671 731 gratiam,
695 689 808 731 quae
830 674 912 717 otii
937 674 1269 717 continuatione
1298 677 1344 716 et
1371 674 1563 730 quodam

102 741 290 785 inertiae
315 756 421 784 suae
450 756 646 786 marcore
671 743 915 799 perimitur.
974 742 1139 799 Vtique
1164 742 1212 784 in
1241 741 1470 785 desideriis
1497 746 1565 786 est

101 811 246 854 omnis
273 810 452 860 otiosae,
482 825 583 853 cum
612 814 659 854 et
686 811 888 854 otiositas
925 812 1105 855 inimica
1134 811 1195 854 sit
1226 811 1400 854 animae
1432 814 1478 854 et
1509 811 1565 854 de

45 897 87 922 10
102 878 323 922 domicilio
361 878 456 921 eius
493 880 642 922 omnia
680 880 830 923 studia
872 881 1056 923 uirtutis
1098 880 1308 924 eliminet.
1388 879 1565 924 Clamat
1581 881 1611 921 <1

102 947 329 991 ethnicus:

273 1015 432 1060 Cernis
457 1020 511 1059 ut
540 1016 752 1073 ignauum
782 1020 1067 1075 corrumpant
1095 1017 1189 1060 otia
1215 1031 1386 1074 corpus,

333 1076 380 1116 et
408 1074 587 1130 capiant
616 1075 790 1125 uitium,
819 1076 867 1118 ni
896 1079 1171 1126 moueantur,
1199 1076 1372 1132 aquae?

105 1142 263 1196 Quon
291 1141 452 1199 inquis.
510 1143 643 1186 Audi.
702 1144 855 1188 Disces
875 1145 913 1187 si
933 1145 1074 1188 eidem
1093 1144 1340 1188 credideris.

47 1234 88 1269 1⁵
277 1210 519 1264 Quaeritur
548 1212 729 1269 Egistus
756 1228 893 1270 quare
922 1213 982 1256 sit
1011 1213 1157 1256 factus
1185 1213 1373 1256 adulter.

335 1267 482 1312 Causa
510 1273 578 1312 est
606 1270 654 1312 in
682 1275 902 1328 promptu,
931 1271 1174 1314 desidiosus
1203 1274 1310 1314 erat.

106 1337 436 1380 Litteratissimi
466 1353 571 1395 ergo
596 1339 685 1381 uiri
711 1340 942 1382 eonsilium
968 1344 1046 1390 oet,
1075 1343 1128 1383 ut
1154 1340 1295 1383 hostis
1321 1343 1367 1383 te
1392 1353 1564 1396 semper

106 1405 308 1449 inueniat
335 1410 607 1463 occupatum,
638 1423 725 1464 quo
750 1408 888 1451 uariis
917 1409 1284 1465 temptationibus
1314 1408 1409 1451 eius
1439 1423 1564 1451 occu·

106 1474 337 1532 pationum
371 1478 551 1518 tuarum
581 1476 759 1535 clypeos
798 1481 892 1520 tam
925 1477 1116 1521 feliciter
1154 1492 1287 1534 quam
1321 1477 1566 1535 prudenter

50 1566 94 1590 ιο
109 1557 136 1586 0
222 1558 315 1587 nas.

134 1558 224 1602 ppo
279 1659 311 1701 d
336 1601 534 1701 Viitianda
562 1605 630 1646 est
657 1603 823 1661 (inquit
852 1603 1040 1660 ethicus)
1070 1604 1272 1661 improba
1300 1619 1435 1661 syren

310 1674 373 1702 esi
421 1674 459 1702 a.

107 1727 173 1770 At
198 1741 296 1770 eam
320 1728 484 1771 nostris
507 1733 748 1786 prorogant
777 1731 1026 1776 histriones
1085 1731 1378 1788 Exoccupatis
1401 1730 1564 1773 etenim
1580 1732 1668 1779 406
1687 1741 1718 1769 a

108 1795 333 1839 mentibus
357 1800 595 1853 surrepunt
620 1798 752 1849 tedia,
775 1814 954 1856 soeeque
983 1815 1073 1843 non
1096 1800 1378 1849 sustinerent,
1407 1799 1446 1842 si
1474 1814 1564 1841 non

52 1887 70 1910 a
75 1886 95 1920 5
110 1863 296 1907 alieuius
314 1864 559 1921 uoluptatis
577 1866 734 1910 solatio
748 1868 1055 1912 mulcerentur.
1114 1868 1319 1911 Admissa
1338 1871 1444 1910 sunt
1464 1881 1568 1923 ergo

110 1932 359 1988 spectacula
377 1936 423 1975 et
441 1933 617 1976 infinita
636 1935 840 1978 tirocinia
866 1938 1092 1987 uanitatis,
1112 1937 1272 1993 quibus
1292 1936 1368 1993 qui
1388 1936 1567 1978 omnino

109 2000 242 2043 otiari
274 2015 365 2043 non
397 2006 593 2058 possunt,
618 2004 904 2059 perniciosius
930 2009 1208 2062 occupentur.
1268 2005 1419 2047 Satius
1448 2004 1566 2046 enim

110 2068 260 2112 fuerat
297 2070 429 2112 otiari
462 2085 595 2126 quam
628 2073 821 2129 turpiter
858 2074 1072 2130 occupari.
1143 2074 1261 2116 Hinc
1294 2073 1432 2124 mimi,
1467 2072 1566 2114 salii

110 2138 184 2180 uel
222 2138 414 2190 saliares,
452 2139 714 2192 balatrones,
748 2141 953 2191 emiliani,
987 2142 1265 2199 gladiatores,
1298 2141 1567 2197 palestritae,

52 2228 97 2261 30
110 2206 322 2264 gignadii,
359 2207 728 2264 piwtigiatores,
763 2210 949 2253 malefici
988 2225 1161 2267 quoque
1205 2210 1348 2261 multi,
1387 2213 1433 2252 et
1471 2212 1568 2253 tota

111 2303 136 2338 4
159 2292 325 2339 tyberim
340 2292 374 2327 A
468 2305 598 2329 somno
616 2292 640 2328 S
738 2303 756 2340 5
782 2306 935 2330 somnus
951 2294 1006 2330 CS
1110 2305 1133 2340 9
1157 2293 1344 2340 otiositas]
1363 2293 1504 2330 ocietas
1521 2293 1562 2329 M

159 2379 181 2414 3
210 2371 281 2404 Ter
293 2371 396 2404 uncti
411 2372 504 2406 etc.:
523 2369 611 2404 Hor.
630 2370 705 2404 Sat.
723 2368 762 2403 ii.
780 2379 810 2404 1.
830 2378 863 2413 7,
877 2370 909 2404 8.
1010 2378 1027 2414 5
1054 2370 1183 2404 Dulcis
1194 2370 1266 2405 etc.
1281 2381 1290 2403 :
1306 2367 1448 2405 Eccles.
1463 2381 1495 2404 v.
1515 2379 1567 2404 12.

117 2426 160 2452 12
189 2418 316 2452 Gentis
331 2419 426 2452 etc.:
451 2416 516 2452 Ov.
534 2418 640 2452 Pont.
657 2416 682 2451 i.
702 2425 733 2461 5.
755 2425 784 2461 5,
804 2417 837 2450 6.
985 2425 1024 2461 15
1054 2418 1250 2459 Quaeritur
1264 2417 1358 2451 etc:
1383 2415 1447 2451 Ov.
1466 2417 1566 2451 Rem.

113 2465 200 2498 Am.
220 2464 297 2506 161,
319 2465 395 2499 162.
528 2473 569 2507 17
595 2464 864 2498 IAtter-atissimi
879 2464 956 2497 uiro·
971 2465 1041 2498 etc.
1057 2475 1065 2498 :
1090 2475 1123 2498 v.
1142 2462 1294 2498 Hieron.
1311 2464 1382 2508 Ep.
1399 2474 1502 2498 cxxv.
1518 2465 1568 2498 ad

114 2509 336 2556 Rusticum§
359 2520 397 2546 11
419 2510 576 2557 (Migne,
593 2511 635 2545 P.
653 2512 699 2545 L.
716 2509 804 2545 xxii.
828 2510 945 2553 1078).
1093 2520 1135 2546 21
1170 2511 1329 2545 Vitanda
1351 2512 1445 2546 etc.:
1476 2510 1565 2545 Hor.

115 2558 190 2592 Sat.
211 2556 252 2591 ii.
276 2567 309 2601 3.
334 2567 389 2601 14,
410 2567 463 2603 15.
608 2558 664 2599 28,
690 2567 736 2602 29
759 2558 846 2591 salii
869 2558 929 2591 uel
949 2558 1119 2592 saliares:
1146 2557 1199 2591 ‘A
1213 2556 1380 2592 saliendo
1396 2556 1450 2592 sic
1472 2556 1567 2592 dicti

117 2605 160 2639 ut
182 2604 287 2645 Salii,
303 2603 441 2639 Martis
463 2603 698 2641 sacerdotes,¹
767 2602 826 2637 Du
852 2602 979 2648 Gange
1003 2603 1051 2638 ad
1074 2615 1152 2640 voc.
1297 2614 1343 2649 29
1366 2606 1568 2639 balatrones

117 2649 208 2685 Hor.
241 2651 316 2685 Sat.
350 2650 374 2685 i.
401 2661 434 2686 2.
462 2662 494 2686 2.
566 2652 751 2686 emiliani:
776 2649 902 2685 forsan
929 2653 985 2686 «ut
1010 2650 1224 2696 suspicatur
1246 2650 1303 2685 vir
1329 2650 1567 2686 doctissimus

115 2697 163 2731 H.
189 2696 232 2731 A.
255 2697 416 2742 WiJson)
443 2697 548 2742 quasi
575 2698 803 2744 gladiatores
826 2708 873 2732 ex
896 2696 1056 2732 Aemilio
1084 2697 1173 2733 ludo
1202 2697 1308 2733 cuius
1334 2697 1567 2733 mentionem

116 2742 211 2778 facit
227 2743 403 2789 Horatius
417 2746 460 2780 A.
477 2746 518 2779 P.
534 2755 601 2789 32;
627 2757 659 2779 v.
678 2743 942 2789 Porphyrionis
959 2744 1072 2779 schol.
1090 2744 1138 2779 ad
1154 2744 1224 2780 loc.
1312 2755 1361 2789 30
1379 2747 1568 2790 yiqnadii:

119 2789 166 2826 cf.
183 2791 347 2836 Metaloy.
363 2790 418 2826 iii.
441 2802 504 2836 ¹03
528 2803 561 2827 v.
578 2791 639 2827 Du
657 2791 782 2836 Gange
799 2802 826 2826 s.
837 2802 869 2826 v.
886 2793 1053 2836 yiynasia
1070 2794 1125 2838 (=
1138 2793 1355 2837 qymnasia).

1415 2853 1460 2888 47
