1878 3172
137 111 224 184 ’439
244 135 273 174 b
619 132 879 177 IOANNIS
920 122 1432 178 SARESBERIENS'IS
1585 133 1697 195 [mn.
1715 147 1758 180 ιι

289 254 455 298 scilicet
489 253 537 296 in
571 267 631 305 se,
663 252 770 310 quid
806 253 854 295 in
888 252 988 296 aliis
1022 253 1125 304 sint,
1155 253 1337 298 liberius
1371 257 1418 298 et
1446 254 1621 299 fidelius
1653 269 1756 299 con-

289 323 542 380 templatur‚
558 322 664 365 dum
685 336 833 365 rerum
853 321 1160 373 substantiam,
1177 322 1487 380 quantitatem,
1502 323 1560 366 ad
1574 323 1755 381 aliquid,

289 392 562 449 qualitatem,
597 391 733 434 situm
766 405 870 442 esse,
904 391 993 442 ubi,
1029 391 1216 448 quando,
1250 392 1424 443 habere,
1458 391 1614 446 facere,
1647 393 1755 450 pati,

288 461 550 518 singillatim
589 460 774 503 discutit
812 463 858 503 et
896 460 1116 504 discernit.
1197 461 1321 514 Quae
1367 461 1451 505 etsi
1493 461 1754 519 singillatim

289 544 383 574 esse
422 545 512 573 non
543 529 734 587 possint,
769 529 1032 587 singillatim
1070 532 1222 572 tamen
1260 530 1523 587 inuestigari
1562 533 1731 587 queunt
1743 544 1753 583 ;
1772 549 1791 583 5

289 602 334 643 et
382 599 439 642 ad
488 599 627 642 totius
675 599 980 656 philosophiae
1027 599 1348 655 compendium,
1396 599 1635 643 utilissima
1686 603 1755 643 est

287 667 396 711 haec
444 668 697 725 speculatio,
746 669 793 710 in
843 682 931 724 qua
979 667 1302 724 magnitudinis
1348 670 1395 711 et
1440 668 1754 720 multitudinis,

288 751 401 793 quae
425 737 512 780 duo
541 740 687 781 totum
717 738 867 780 orbem
896 737 1249 794 complectuntur
1276 738 1322 779 et
1350 736 1566 790 ambiunt,
1591 741 1754 782 natura

287 806 537 850 discutitur.
615 806 847 863 Numquid
885 805 1147 849 abstrahens
1194 805 1455 857 intellectus,
1495 805 1603 848 dum
1644 806 1753 850 haec
1875 859 1878 863 ,

287 875 394 932 agit,
414 875 580 918 otiosus
606 878 674 918 est
700 880 779 918 aut
803 875 987 928 inutilis,
1007 890 1086 932 per
1110 889 1241 932 quem
1268 875 1443 918 animus
1466 875 1752 919 honestarum
1773 892 1812 916 ιο
1872 871 1878 879 ’“

246 957 271 987 c
288 944 452 987 artium
486 939 698 1002 gradibus
734 944 791 987 ad
829 945 1042 987 thronum
1081 946 1410 988 consummatae
1448 944 1752 1002 philosophiae

286 1013 570 1056 conscendit?
646 1013 982 1056 Multitudinem
1026 1027 1131 1070 ergo
1176 1027 1288 1070 quae
1336 1013 1538 1070 potentia
1585 1013 1655 1057 sui
1702 1013 1752 1056 in

284 1082 511 1125 infinitum
550 1082 718 1133 crescit,
751 1082 867 1125 sicut
906 1096 930 1124 e
969 1084 1123 1125 contra
1157 1081 1419 1139 magnitudo
1457 1082 1670 1126 decrescit
1702 1082 1751 1124 in

283 1151 521 1202 infinitum,
561 1151 794 1194 bimembri
840 1151 1057 1194 diuisione
1102 1151 1309 1208 partitur,
1349 1151 1456 1195 dum
1495 1166 1592 1195 eam
1631 1165 1750 1195 nunc

284 1220 544 1277 simpliciter
582 1222 627 1263 et
665 1235 745 1277 per
783 1234 841 1270 se,
874 1234 992 1263 nunc
1030 1219 1088 1262 ad
1127 1220 1250 1262 aliud
1282 1220 1468 1263 relatam
1501 1223 1749 1271 contuetur,
1769 1237 1810 1271 15
1860 1260 1862 1269 ‚

284 1290 472 1333 alteram
506 1290 777 1332 demandans
815 1289 1131 1340 arithmeticae,
1170 1289 1357 1332 alteram
1390 1289 1582 1333 musicae
1619 1290 1750 1347 pleno

284 1359 381 1401 iure
430 1373 671 1402 reseruans.
753 1359 1109 1416 Magnitudinem
1158 1373 1332 1415 quoque
1379 1361 1500 1402 secat
1542 1359 1591 1401 in
1639 1359 1751 1402 duas

284 1428 461 1484 species,
495 1428 682 1471 alteram
716 1428 986 1471 immobilem
1025 1426 1245 1471 subiciens
1284 1428 1533 1485 geometris,
1563 1428 1750 1471 alteram

284 1496 451 1540 scilicet
476 1497 682 1540 mobilem
718 1498 789 1540 his
823 1497 900 1554 qui
930 1500 1151 1540 astrorum
1181 1499 1227 1540 et
1260 1497 1488 1540 celestium
1518 1497 1749 1540 scientiam
1848 1551 1853 1554 ἢ

282 1566 558 1622 profitentur.
618 1567 674 1609 In
706 1566 776 1609 his
795 1581 911 1609 uero
946 1569 1159 1622 quattuor
1192 1566 1418 1622 speciebus
1447 1566 1671 1617 mathesis,
1699 1565 1747 1608 id
1767 1584 1810 1608 20
1851 1579 1861 1619 j

256 1665 258 1667 -
281 1636 362 1686 est,
382 1635 637 1679 doctrinalis
657 1639 754 1679 tota
773 1635 986 1686 consistit,
1001 1638 1047 1678 et
1067 1635 1193 1692 quasi
1213 1637 1426 1691 quattuor
1444 1635 1748 1692 philosophiae
1858 1629 1859 1635 ¹

280 1700 499 1747 limitibus
536 1704 787 1747 mundanae
833 1704 1076 1761 sapientiae
1122 1703 1439 1761 perfectionem
1484 1704 1749 1760 assequitur.

284 1771 459 1815 Primus
506 1773 658 1830 itaque
700 1773 866 1831 gradus
915 1775 982 1816 est
1031 1773 1088 1816 ab
1135 1772 1416 1816 arithmetica
1463 1786 1749 1816 numerorum

239 1845 268 1885 d
284 1841 500 1884 uirtutem
547 1844 775 1884 mutuare:
829 1842 1046 1885 secundus
1095 1842 1431 1899 proportionum
1477 1841 1670 1899 gratiam
1719 1855 1748 1884 a
1855 1899 1857 1902 Ι

281 1911 449 1954 musica
487 1911 689 1955 trahere:
737 1912 899 1954 tertius
932 1912 1132 1954 obtinere
1170 1911 1400 1954 scientiam
1439 1925 1467 1954 a
1503 1910 1746 1969 geometria
1764 1929 1805 1964 25
1845 1906 1858 1950 5*

279 1994 609 2023 mensurarum:
650 1983 836 2037 quartus
875 1980 1079 2037 idemque
1117 1980 1385 2024 nouissimus
1431 1994 1584 2023 ueram
1629 1979 1745 2037 posi-
1842 1983 1843 1986 ’

276 2048 444 2091 tionem
474 2049 669 2091 siderum
698 2049 949 2106 assequitur
976 2052 1021 2092 et
1049 2049 1143 2091 uim
1172 2049 1400 2092 celestium
1429 2051 1746 2106 perscrutatur.

280 2117 445 2161 Eorum
464 2133 571 2161 uero
595 2118 672 2175 qui
699 2118 928 2162 scientiam
954 2119 1221 2176 profitentur
1247 2121 1479 2169 astrorum,
1499 2118 1576 2160 alii
1604 2118 1745 2175 opini-

279 2187 376 2231 onis
405 2202 552 2231 errore
580 2188 875 2245 prolabuntur
902 2188 960 2231 ad
990 2188 1177 2239 fabulas,
1206 2188 1254 2231 in
1284 2203 1371 2245 quo
1400 2187 1746 2245 deprehenditur

280 2334 295 2360 1
324 2324 567 2371 conteplatur
583 2326 610 2362 C
777 2326 800 2362 6
824 2324 1096 2372 phylosophiae
1113 2323 1162 2360 C:
1194 2324 1445 2371 phylosophie
1461 2323 1528 2359 BA
1699 2333 1740 2360 11

275 2374 433 2408 tronum
450 2372 483 2407 A
577 2338 850 2443 phylosophiae
867 2373 916 2409 C:
945 2371 1208 2426 phylosophye
1226 2372 1256 2407 B
1356 2373 1398 2408 16
1422 2369 1660 2407 arismeticae
1677 2370 1742 2407 M.
1732 2383 1742 2392 ·

276 2419 490 2456 arismetice
507 2419 531 2455 S
645 2431 685 2456 21
714 2420 792 2455 iiii0
795 2420 865 2455 Μ
914 2418 1186 2466 phylosophiae
1202 2418 1254 2454 G.
1278 2417 1528 2465 phylosophis
1547 2418 1578 2452 B
1696 2428 1741 2464 23

276 2465 492 2503 arismetica
503 2467 565 2502 M.
591 2466 835 2504 arismethiea
846 2466 870 2503 S
983 2476 1025 2512 27
1040 2467 1213 2514 syderum
1225 2465 1284 2502 CB

323 2602 345 2627 2
368 2593 607 2628 substantiam
623 2595 719 2630 etc.:
749 2592 816 2628 viz.
838 2593 966 2629 decem
987 2591 1203 2628 Aristotelis
1219 2590 1536 2644 praedicamenta.
1697 2600 1740 2628 12

272 2639 546 2674 Multitudinem
579 2642 676 2676 etc.:
714 2640 796 2676 vide
830 2640 876 2676 de
911 2640 983 2676 hac
1016 2639 1196 2676 scientiae
1230 2637 1522 2675 mathematicae
1554 2636 1739 2674 divisione

273 2685 556 2731 quadripartita
568 2667 700 2724 Boeth.
716 2689 872 2724 Arithm.
889 2686 913 2722 i.
931 2698 960 2724 1.
976 2686 1130 2733 (Migne‚
1144 2688 1186 2721 P.
1198 2687 1242 2721 L.
1255 2684 1350 2722 lxiii.
1367 2685 1490 2732 1081);
1508 2685 1556 2722 cf.
1573 2684 1735 2722 Cassiod.

272 2735 315 2768 de
340 2735 491 2769 Artibus
512 2739 545 2769 et
567 2735 785 2779 Disciplinis
811 2734 972 2781 (Migne,
995 2736 1036 2769 P.
1054 2736 1097 2769 L.
1121 2733 1195 2769 lxx.
1218 2734 1335 2778 1203).
1497 2743 1543 2768 20
1569 2737 1741 2779 quattuor
1826 2735 1835 2782 s]

270 2782 468 2826 speciebus·
499 2791 596 2826 quae
621 2793 734 2828 saepe
758 2783 986 2829 quadrivium
1010 2779 1263 2828 appellantur.
1806 2800 1809 2802 -

385 2844 448 2878 106
