1878 3172
8 142 22 169 ²
98 173 196 207 ou».
210 162 261 224 v]
602 162 1038 208 PomanTIcvs
1552 161 1635 214 ⁵48
1653 171 1686 201 a

14 295 16 298 ’
95 283 338 327 rectoribus
362 283 753 334 animaduertatur,
770 286 904 340 atque
928 283 995 326 ita
1018 283 1269 340 prouinciae
1293 283 1543 327 moderator
1557 294 1589 325 a

95 352 370 395 sacerdotum
390 355 436 395 et
453 352 691 396 catholicae
710 352 925 395 Ecclesiae
942 353 1243 396 ministrorum
1269 353 1352 396 loci
1372 367 1544 409 quoque

69 455 73 459 .
95 420 272 463 illorum
291 422 338 464 et
355 421 496 464 diuini
519 421 664 464 cultus
685 421 893 463 iniuriam
921 421 1100 478 capitali
1125 421 1173 463 in
1201 422 1422 465 conuictos
1450 422 1545 465 siue

95 488 316 532 confessos
344 504 441 532 reos
468 490 687 532 sententia
714 490 889 532 nouerit
912 490 1240 533 uendicandam.
1299 490 1392 533 Nec
1415 505 1545 548 expe-

57 574 79 607 5
96 561 187 601 etet
214 561 268 601 ut
295 559 521 615 episcopus
542 557 729 601 iniuriae
756 559 958 615 propriae
987 559 1199 602 ultionem
1229 559 1445 616 deposcat,
1473 560 1546 603 cui

95 627 307 670 sanctitas
324 627 575 684 ignoscendi
593 627 778 684 gloriam
793 627 1036 684 dereliquit,
1049 628 1194 685 sitque
1207 629 1376 672 cunctis
1393 628 1545 671 lauda·

95 695 183 738 bile
202 695 344 738 factas
363 699 532 739 atroces
550 695 847 739 sacerdotibus
866 699 945 739 aut
969 697 1183 740 ministris
1201 697 1386 740 iniurias
1404 697 1546 740 ueluti

95 764 319 821 publicum
347 765 511 808 crimen
548 765 749 821 persequi
778 780 828 808 ac
857 765 911 808 de
939 766 1103 809 talibus
1134 766 1347 809 ultionem
1375 766 1546 809 mereri.

96 833 238 876 Item:
268 833 416 876 Placet
437 833 692 876 clementiae
711 842 886 877 nostrae
915 838 968 877 ut
995 835 1131 878 nichil
1154 850 1382 878 commune
1401 835 1546 878 clerici

38 919 83 945 10
97 915 197 945 cum
220 901 406 958 publicis
431 902 676 945 actionibus
701 903 893 946 habeant
922 903 994 946 uel
1019 903 1077 946 ad
1102 904 1267 947 curiam
1287 904 1546 960 pertinenti-

97 970 191 1020 bus,
210 970 335 1014 cuius
357 971 527 1027 corpori
555 986 645 1014 non
670 974 776 1014 sunt
801 972 974 1015 adnexi.
1033 972 1091 1014 Et
1113 972 1242 1014 alibi:
1272 972 1321 1015 Si
1344 972 1547 1015 ecclesiae

96 1039 361 1082 uenerabilis
407 1040 642 1096 priuilegia
678 1041 936 1097 cuiusquam
974 1040 1143 1084 fuerint
1180 1041 1253 1084 uel
1297 1041 1547 1084 temeritate

95 1107 264 1151 uiolata
300 1108 373 1151 uel
411 1108 759 1152 dissimulatione
796 1109 995 1166 neglecta
1034 1110 1312 1152 commissum
1353 1109 1546 1166 quinque

95 1176 308 1218 librarum
327 1177 425 1219 auri
445 1177 835 1233 condempnatione
855 1178 1083 1234 plectatur.
1142 1178 1266 1231 Quae
1284 1193 1390 1221 uero
1408 1177 1544 1234 priui-
1561 1180 1592 1220 b

11 1282 21 1303 ζ
38 1261 78 1294 ι5
96 1244 212 1301 legia
230 1245 507 1288 ecclesiarum
526 1245 804 1301 locorumque
830 1247 1147 1289 uenerabilium
1175 1249 1220 1289 et
1244 1247 1546 1289 ministrorum

9 1324 15 1333 ··
96 1317 213 1364 sunt,
238 1314 391 1356 diuino
417 1314 532 1357 fiunt
561 1317 606 1357 et
634 1315 827 1358 humano
852 1315 949 1358 iure
973 1316 1214 1366 notissima,
1240 1330 1339 1358 cum
1366 1315 1438 1357 uel
1462 1329 1547 1357 usu

96 1384 186 1426 iam
205 1383 374 1440 liqueat
400 1383 517 1440 quod
536 1398 625 1426 non
644 1387 829 1441 possunt
853 1385 939 1427 nisi
960 1385 1078 1441 apud
1097 1385 1262 1427 iudices
1290 1384 1547 1428 ecclesiasti-

97 1467 169 1496 cos
205 1452 456 1504 conueniri3
485 1456 531 1495 et
568 1453 606 1495 si
646 1453 744 1509 quis
782 1453 829 1494 in
864 1453 1054 1510 aliquem
1092 1453 1147 1495 de
1185 1453 1300 1496 clero
1330 1453 1547 1496 uiolentas

97 1535 254 1564 manus
276 1521 485 1571 iniecerit,
504 1522 784 1564 anathemate
803 1521 1002 1572 feriatur,
1022 1524 1074 1564 ut
1096 1522 1183 1564 nisi
1202 1537 1281 1579 per
1300 1522 1547 1565 Romanum

37 1602 82 1626 πο
96 1590 347 1646 pontificem
366 1590 535 1632 absolui
554 1605 643 1632 non
662 1590 810 1646 possit.
870 1590 1016 1633 Huius
1039 1591 1234 1633 criminis
1252 1591 1359 1633 alibi
1379 1591 1548 1634 frustra

97 1659 324 1715 quaeritur
341 1659 483 1709 uenia,
506 1659 591 1701 nisi
620 1659 831 1702 articulus
857 1660 1011 1702 mortis
1039 1659 1154 1702 forte
1183 1660 1422 1710 immineat,
1443 1660 1546 1716 quia

94 1742 175 1771 nec
208 1742 288 1784 per
324 1728 417 1770 uim
456 1729 707 1784 extorqueri
741 1743 820 1771 nec
851 1729 1013 1785 surripi
1044 1731 1190 1785 potest
1218 1742 1298 1785 per
1329 1727 1543 1773 fraudem.

16 1825 18 1827 »
95 1795 288 1839 Auctore
316 1795 560 1840 Claudiano
588 1797 854 1839 Theodosius
883 1797 968 1839 ait:

697 1873 799 1914 Non
829 1874 1108 1929 extorquebis
1138 1874 1304 1925 amari;

38 1945 80 1979 ²5
269 1929 350 1972 hoc
379 1929 549 1971 alterna
577 1929 696 1979 fides,
725 1930 805 1984 hoc
834 1930 1020 1986 simplex
1047 1932 1194 1986 gratia
1223 1931 1369 1973 donat.

97 2013 420 2056 Nichilominus
438 2028 593 2056 uerum
614 2017 680 2056 est
699 2014 802 2070 quia
821 2029 909 2056 non
929 2015 1208 2070 extorquebis
1227 2016 1407 2066 absolui,
1427 2016 1544 2071 quod

96 2082 189 2124 sola
227 2081 433 2124 contritio
472 2081 623 2131 cordis,
654 2082 868 2123 confessio
901 2082 1000 2132 oris,
1036 2085 1080 2123 et
1119 2082 1362 2125 satisfactio
1400 2084 1543 2139 operis

94 2153 410 2206 promerentur.
478 2149 641 2205 Vtique
679 2163 767 2191 non
804 2149 873 2190 uis
907 2149 982 2191 sed
1020 2151 1165 2206 gratia
1203 2150 1295 2192 sola
1332 2151 1542 2194 iustificat
1558 2164 1585 2195 c

95 2218 292 2274 impium,
304 2220 350 2259 et
369 2216 491 2259 fraus
506 2217 720 2273 peccatori
735 2232 823 2259 non
838 2218 1024 2273 prodest,
1040 2218 1144 2274 quia
1157 2218 1350 2274 Spiritus
1365 2222 1542 2262 sanctus

36 2301 81 2335 30
96 2286 350 2342 disciplinae
384 2286 539 2341 effugit
572 2285 723 2327 fictum
761 2300 839 2328 nec
870 2286 1044 2328 habitat
1076 2286 1124 2327 in
1155 2301 1331 2342 corpore
1365 2287 1542 2330 subdito

96 2407 117 2441 3
143 2395 351 2440 conuictos]
371 2395 588 2431 coniunctos
606 2394 645 2429 M
769 2406 792 2439 4
816 2394 1084 2431 uindicandam
1101 2394 1245 2431 CBAS:
1271 2395 1542 2433 uindicandum

95 2443 136 2479 M
280 2453 320 2488 13
347 2442 526 2487 quinque]
546 2454 576 2477 v.
598 2440 719 2477 CBAS

143 2551 166 2586 9
189 2542 308 2576 Placet
326 2541 421 2576 ete:
448 2538 535 2575 cod.
554 2538 686 2574 lustin.
702 2537 727 2573 i.
747 2549 766 2583 3
789 2537 806 2583 ξ
829 2547 1071 2581 17.11
1099 2540 1140 2574 Si
1156 2541 1315 2574 ecclesiae
1331 2542 1427 2576 etc.:
1453 2539 1541 2577 eod.

94 2586 230 2623 Iustin.
242 2587 267 2623 i.
282 2597 302 2631 3
322 2586 339 2632 ξ
362 2587 638 2630 1318
656 2587 783 2638 siquis
796 2587 1004 2631 iinalquem
1020 2587 1113 2622 etc:
1137 2598 1169 2620 v.
1187 2586 1299 2622 Cone.
1316 2586 1487 2623 Lateran.
1507 2599 1539 2623 a.

98 2644 235 2678 11390.
256 2642 295 2678 15
314 2633 354 2668 in
373 2632 475 2668 Grat.
495 2633 630 2667 Decret.
647 2631 693 2666 ΙΙ.
710 2643 756 2666 xv
758 2631 797 2666 ii.
815 2642 848 2675 4.
866 2643 895 2667 c.
915 2642 958 2676 29
978 2631 1193 2679 (Friedberg
1208 2632 1235 2668 i.
1252 2634 1295 2668 82
1299 2633 1349 2678 2).
1497 2644 1543 2679 24

96 2681 177 2716 Non
196 2681 519 2725 mor-quebisetca
547 2678 737 2713 claudian.
755 2680 874 2722 Paney
851 2691 927 2723 glay
946 2681 988 2713 de
1004 2680 1064 2713 IV
1078 2645 1350 2715 Cm1s.gH0norii
1366 2681 1445 2725 282,
1464 2682 1544 2726 283.

97 2735 141 2770 27
165 2728 241 2761 sola
257 2728 419 2762 contritio
436 2728 528 2761 etc.:
547 2726 594 2760 cf.
608 2723 712 2761 Grat.
730 2727 783 2760 De
785 2730 864 2760 eret.
882 2725 929 2760 II.
946 2725 1074 2761 xxxiii.
1093 2736 1169 2770 3—
1135 2741 1170 2754 =
1187 2727 1230 2760 de
1246 2728 1350 2762 Poen.
1365 2739 1415 2763 cc.
1427 2736 1484 2773 37,
1497 2738 1545 2771 4ο

99 2773 320 2820 (Fricdberg
342 2772 486 2816 i.1167‚
510 2772 624 2816 1168).
768 2781 812 2815 29
837 2773 994 2817 Spiritus
1009 2778 1153 2808 sanctus
1169 2774 1263 2809 etc.:
1288 2772 1373 2819 Sap.
1391 2773 1415 2808 i.
1435 2783 1468 2820 5,
1484 2785 1520 2819 4.

162 2843 243 2862 '⁹⁸⁸⁸
780 2841 804 2875 Q
832 2842 859 2879 (1
1370 2843 1432 2879 ²97
