1878 3172
117 174 219 208 (111».
233 162 325 224 111]
634 165 1071 211 POLICRATICVS
1586 180 1670 221 407
1689 183 1719 211 c

171 283 407 341 Aruspices
432 287 538 328 sunt
563 285 829 342 inspectores
855 286 1075 337 horarum,
1094 287 1439 343 praescribentes
1463 288 1570 345 quid

115 366 204 408 qua
222 353 332 396 hora
350 353 446 396 fieri
467 355 685 411 expediat,
693 369 878 411 quorum
894 370 1083 398 errorem
1100 356 1313 413 dampnat
1329 357 1568 414 Apostolus

114 421 285 464 dicens:
313 421 464 465 Timeo
493 438 548 465 ne
578 422 747 466 frustra
775 423 1067 466 laborauerim
1094 424 1140 466 in
1167 425 1304 475 uobis,
1324 426 1569 468 obseruatis
1585 430 1614 469 d

114 490 232 532 enim
252 490 345 534 dies
360 494 406 534 et
425 506 574 542 annos,
589 506 759 535 menses
779 495 824 535 et
843 495 1065 549 tempora;
1095 508 1193 535 cum
1215 493 1405 537 felicitas
1424 495 1568 551 operis

39 554 44 558 ’
74 575 97 610 ⁵
113 573 203 601 non
236 573 264 602 a
302 562 498 616 tempore
531 560 607 603 sed
641 575 669 602 a
701 561 877 603 nomine
918 560 1097 603 Domini
1137 562 1294 604 debeat
1333 564 1568 620 expectari.

113 627 395 684 Aruspicium
430 642 601 684 quoque
632 629 679 670 in
713 632 917 671 extorum
956 629 1224 686 inspectione
1264 631 1400 688 uiget,
1434 646 1568 688 quam

111 698 253 739 artem
273 696 412 753 Tages
432 696 611 753 quidam
630 697 794 739 dicitur
812 697 1043 740 inuenisse.
1104 698 1230 741 Vnde
1250 699 1477 743 Lucanus:

341 771 486 814 Fibris
514 771 574 814 sit
602 771 725 813 nulla
754 771 873 822 fides,
902 772 979 814 sed
1007 773 1208 815 conditor
1235 774 1345 817 artis

284 828 466 871 finxerit
494 829 581 871 ista
609 829 761 886 Tages.

55 917 96 941 10
114 901 330 945 Extorum
364 918 470 946 uero
511 903 688 946 nomine
725 907 958 946 censentur
996 905 1145 947 omnia
1184 920 1296 962 quae
1335 907 1450 949 cutis
1490 922 1565 950 ex-

111 971 336 1014 tremitate
360 974 582 1029 teguntur.
643 972 712 1014 Ex
739 987 826 1028 quo
852 972 991 1029 liquet
1018 988 1090 1016 eos
1118 989 1209 1016 esse
1237 975 1470 1032 aruspices,
1490 977 1566 1033 qui

110 1040 413 1083 uaticinantur
426 1041 474 1082 in
493 1041 662 1083 ossibus
678 1041 935 1083 animalium
951 1041 1045 1084 sine
1061 1043 1285 1099 sanguine,
1301 1043 1395 1087 siue
1412 1044 1566 1087 futura

110 1109 436 1165 praenuntient,
469 1110 563 1152 siue
600 1110 848 1166 praesentia
886 1111 1176 1166 pronuntient
1212 1112 1283 1154 uel
1314 1114 1565 1169 praeterita.

112 1177 383 1221 Vaticinium
434 1178 650 1234 siquidem
707 1182 785 1229 est,
834 1193 920 1235 quo
973 1194 1072 1222 cum
1127 1180 1422 1238 intelligentia
1470 1183 1565 1224 ueri

52 1260 92 1294 15
112 1245 368 1289 abscondita
405 1246 715 1303 proferuntur3
765 1261 864 1290 cum
903 1250 948 1290 et
986 1248 1264 1305 prophetiam
1304 1264 1393 1292 non
1436 1251 1565 1293 modo
1581 1255 1666 1303 408
1687 1266 1717 1293 a

111 1315 166 1358 de
200 1314 366 1358 futuris
395 1319 565 1359 constet
594 1331 697 1367 esse,
726 1317 802 1359 sed
832 1316 886 1359 de
916 1318 1220 1373 praesentibus
1248 1321 1293 1360 et
1324 1318 1490 1362 futuris
1521 1323 1566 1362 et

110 1385 372 1441 praeteritis.
431 1385 480 1427 Si
504 1399 617 1442 uero
637 1386 901 1428 adhibeatur
926 1386 1118 1443 sanguis,
1138 1387 1194 1429 ad
1222 1387 1565 1444 nigromantiam

110 1452 199 1495 iam
233 1453 400 1496 accedit
412 1468 422 1506 ;
461 1469 573 1510 quae
606 1454 709 1497 inde
737 1455 912 1505 dicitur,
941 1455 1059 1511 quod
1088 1458 1184 1498 tota
1213 1455 1260 1497 in
1290 1459 1565 1500 mortuorum

110 1521 395 1578 inquisitione
433 1526 646 1566 uersatur.
717 1523 926 1568 Cuiusuis
965 1538 1016 1566 ea
1056 1539 1147 1567 esse
1187 1524 1377 1578 uidetur,
1417 1529 1469 1568 ut
1507 1527 1565 1569 ad

49 1601 94 1625 ²0
110 1590 518 1648 interpretationem
544 1593 639 1635 ueri
665 1596 861 1636 mortuos
887 1593 1035 1636 ualeat
1067 1593 1291 1637 suscitare.
1349 1594 1414 1637 Ea
1440 1610 1564 1637 nam-

109 1673 194 1716 que
231 1659 555 1703 ludificantium
595 1661 829 1704 demonum
869 1665 914 1704 et
952 1662 1171 1704 humanae
1209 1663 1419 1720 perfidiae
1462 1663 1564 1706 illu-

107 1728 306 1770 dentium
326 1728 502 1771 fallacia
521 1733 599 1772 est.

166 1797 322 1853 Phycii
342 1801 447 1840 sunt
467 1813 575 1854 quos
592 1799 774 1856 spiritus
788 1799 1039 1855 phitonicus
1055 1799 1208 1856 replet,
1224 1803 1269 1842 et
1285 1800 1563 1857 frequentius

108 1865 157 1908 in
187 1865 436 1923 uirginibus
467 1871 709 1919 exercetur,
733 1871 785 1910 ut
811 1868 952 1925 magis
978 1868 1196 1921 ludificet3
1226 1884 1275 1912 ac
1305 1870 1343 1911 si
1373 1871 1562 1912 immun-

49 1947 91 1981 25
110 1934 289 1977 dissimo
307 1934 485 1991 spiritui
504 1935 675 1991 placeat
694 1936 928 1993 integritas
948 1937 1109 1979 mentis
1131 1940 1210 1979 aut
1229 1938 1434 1994 corporis.

164 2002 383 2045 Vultiuoli
417 2007 522 2045 sunt
561 2005 637 2060 qui
676 2004 734 2047 ad
772 2006 955 2048 affectus
994 2005 1222 2047 hominum
1253 2006 1561 2057 immutandos,

103 2091 374 2174 {gagnlgiguit
399 2091 461 2127 M:
503 2092 659 2128 damnat
683 2091 708 2128 S
920 2103 962 2138 13
986 2092 1241 2139 prenunciant
1260 2092 1300 2128 M
1514 2105 1561 2140 23

177 2150 229 2175 cu

151 2237 171 2271 3
193 2227 312 2262 Timeo
329 2228 424 2262 etc.:
452 2225 534 2262 Gal.
551 2226 597 2261 iv.
620 2236 672 2267 10,
695 2235 749 2261 11.
862 2234 882 2268 7
904 2226 1035 2270 Taycs:
1059 2225 1107 2260 cf.
1122 2225 1270 2271 Hugon.
1286 2225 1333 2262 de
1350 2224 1385 2260 S.
1405 2225 1559 2263 Victore

102 2274 219 2309 Erud.
237 2275 322 2308 Did.
339 2273 386 2308 vi.
409 2282 461 2318 15.
573 2275 594 2308 8
619 2273 742 2307 Fibris
763 2273 858 2308 etc.:
885 2271 972 2308 Luc.
990 2273 1117 2307 Phars.
1135 2272 1159 2307 i.
1176 2274 1257 2308 626.
1365 2283 1404 2318 15
1431 2286 1511 2308 cum
1527 2279 1560 2309 et

103 2322 199 2357 etc.:
223 2332 255 2355 v.
276 2320 387 2355 Iunil.
404 2321 523 2356 Instit.
539 2321 662 2364 Reyul.
682 2321 763 2354 Div.
781 2321 887 2363 Leyis
907 2318 932 2354 i.
950 2329 973 2363 4
993 2318 1139 2364 (Migne
1155 2321 1196 2354 P.
1214 2321 1258 2354 L.
1284 2319 1401 2355 lxviii.
1424 2320 1494 2356 col.
1517 2323 1558 2357 18

103 2369 143 2404 et
159 2378 218 2413 ap.
236 2366 341 2402 Kihn
362 2368 524 2402 Theodor
535 2379 601 2402 von
618 2368 844 2420 Mopsuestia
868 2368 946 2401 und
968 2367 1136 2401 Junilius
1160 2378 1196 2411 p.
1213 2366 1312 2411 473).
1451 2377 1493 2411 17
1517 2369 1560 2403 Si

102 2415 297 2450 nemeta-
321 2427 353 2449 v.
370 2413 456 2449 Isid.
478 2416 574 2459 Oriq.
592 2412 671 2448 viii.
695 2413 848 2458 9§11;
874 2414 1008 2447 Decret.
1037 2412 1085 2447 ΙΙ.
1103 2412 1201 2448 xxvi.
1231 2422 1305 2459 50.
1329 2413 1409 2459 14§
1437 2414 1555 2459 2(ed.

103 2459 318 2507 Friedberg.
335 2461 363 2496 I.
383 2471 483 2507 1032,
495 2462 544 2506 3).
588 2460 690 2504 Quae
707 2440 912 2505 sequmitur
927 2459 1028 2494 haud
1041 2471 1088 2495 ex
1105 2459 1246 2496 Isidoro
1264 2463 1442 2506 excerpta
1454 2464 1556 2497 sunt.

104 2507 331 2544 Pontanus
320 2520 362 2543 1n
386 2490 550 2543 Maciob.
576 2509 650 2543 Sat.
673 2506 719 2541 vi.
747 2517 769 2552 9
796 2506 980 2542 nonnulla
1002 2518 1048 2542 ex
1073 2506 1216 2542 amissis
1245 2507 1429 2543 Macrobii
1450 2508 1557 2544 libris

103 2554 150 2591 de
178 2554 350 2609 doctrina
373 2554 534 2601 Vergilii
557 2553 730 2599 augurali
757 2553 797 2588 in
830 2565 939 2599 capp.
967 2563 1018 2595 12,
1047 2563 1086 2598 13
1111 2553 1265 2590 huiusce
1288 2554 1388 2599 libri,
1407 2567 1556 2591 necnon

100 2600 145 2637 in
160 2600 289 2638 libro
278 2601 318 2636 11.
342 2601 559 2638 Policratici
575 2604 722 2637 servata
746 2612 824 2637 esse
843 2582 1066 2646 suspicat’ur.
1127 2600 1200 2635 Vix
1216 2601 1371 2636 dubium
1389 2603 1447 2638 est
1463 2602 1555 2648 quin

105 2647 266 2684 Ioannes
297 2649 491 2694 exemplar
522 2647 825 2684 Saturnaliorum
856 2647 992 2683 nostris
1028 2647 1235 2693 perfectius
1271 2649 1467 2702 habuerit.
1507 2649 1554 2685 cf.

108 2696 281 2730 Classical
296 2697 432 2731 Review
447 2696 497 2731 xi.
516 2706 629 2740 4418..
782 2705 826 2739 23
851 2696 999 2739 Phycii:
1025 2695 1070 2731 cf.
1092 2695 1176 2730 Isid.
1199 2697 1293 2741 Oriy.
1312 2695 1389 2731 viii.
1407 2696 1555 2742 9§21;

105 2743 240 2777 Deerat.
266 2741 314 2777 II.
335 2742 432 2778 xxvi.
460 2753 480 2788 3
506 2745 546 2780 et
570 2753 592 2787 4
618 2754 650 2778 c.
679 2752 694 2777 1
725 2741 796 2787 (ed.
823 2741 1036 2788 Friedberg.
1063 2741 1091 2776 I.
1121 2753 1185 2778 102
1187 2743 1248 2786 4;)
1276 2743 1376 2778 Ivon.
1403 2743 1555 2780 Carnot.

76 2790 242 2827 Deerat.
260 2788 309 2837 11.
327 2790 384 2825 68.
536 2800 581 2834 24
606 2791 647 2824 in
663 2790 886 2834 uirginibus:
911 2788 958 2824 cf.
975 2789 1057 2825 Act.
1074 2753 1209 2835 Apostk.²
1221 2789 1293 2825 xvi.
1315 2791 1368 2826 16.

1405 2864 1449 2897 51
