1878 3172
141 106 144 107 γ
162 159 233 200 4ι5
251 160 276 190 c
621 144 880 189 IOANNIS
920 140 1433 187 SARESBERIENSIS
1584 138 1700 200 [mn.
1716 151 1756 183 11

292 267 491 312 tauerit'ss
521 266 639 319 Quid
663 266 700 309 si
720 265 1005 309 oscitauerit'i
1036 263 1154 316 Quid
1181 262 1371 319 denique
1394 261 1432 304 si
1452 261 1756 318 undecumque

292 351 449 381 sonum
471 336 699 379 emiserit?
730 335 852 378 Haec
873 338 1035 384 tamen,
1056 348 1112 376 ex
1139 332 1282 375 causis
1309 345 1419 388 quas
1444 330 1602 388 phisici
1621 344 1755 373 noue-

292 409 411 459 runt,
432 406 711 463 aliquatenus
731 405 788 448 ad
809 420 909 448 eum
929 403 1155 461 pertinent
1174 401 1290 445 circa
1310 416 1440 458 quem
1459 401 1585 444 fiunt.
1634 400 1756 451 Esto,

293 475 401 518 dum
441 475 585 518 aliena
623 490 756 532 opera
790 473 1003 531 impedire
1035 475 1115 515 aut
1149 485 1407 528 promouere
1440 485 1531 513 non
1569 471 1757 526 queant;

294 544 409 587 sicut
435 559 514 587 nec
541 544 692 586 inania
718 544 914 587 carmina
940 544 1020 585 aut
1047 539 1378 597 superstitiosae
1404 539 1620 596 quaedam
1646 538 1756 595 liga·
1776 554 1794 588 5

293 617 433 664 turae,
463 628 575 670 quae
605 616 702 656 tota
735 613 1003 656 medicorum
1036 613 1154 654 secta
1183 609 1488 666 condempnat,
1518 608 1621 651 licet
1650 608 1757 653 haec

294 682 392 739 ipsa
435 698 462 725 a
501 682 764 739 quibusdam
809 680 1088 724 eminentiori
1134 678 1325 736 quodam
1368 677 1546 721 nomine
1588 677 1758 734 phisica

250 757 280 798 (1
295 752 464 795 soleant
483 752 706 808 appellari.
757 751 930 793 Phisica
950 750 1113 793 etenim
1133 749 1299 799 dicunt,
1319 748 1444 791 cuius
1463 747 1758 790 occultissima

294 822 410 864 ratio
439 823 518 873 est,
545 824 598 863 ut
628 821 822 863 humano
850 834 982 862 sensu
1007 821 1199 875 nequeat
1225 817 1546 874 comprehendi.
1605 816 1756 860 Nichil

294 890 457 933 etenim
482 893 548 932 est
567 890 639 932 uel
658 890 723 942 fit,
744 890 868 933 cuius
894 892 1042 932 ortum
1068 887 1269 945 legitima
1295 901 1427 930 causa
1453 889 1498 929 et
1522 885 1637 929 ratio
1666 900 1756 929 non
1777 898 1818 923 10

292 959 579 1016 praecedant3
611 962 666 1010 et,
693 962 745 1002 ut
775 959 888 1001 alius
917 958 994 1009 ait,
1013 957 1150 1000 nichil
1180 958 1233 999 fit
1264 956 1312 999 in
1341 958 1462 999 terra
1490 956 1585 999 sine
1610 970 1756 999 causa.

293 1028 480 1071 Constat
500 1028 652 1084 itaque
677 1028 781 1084 quia
808 1028 990 1071 artificis
1016 1029 1203 1069 naturae
1227 1040 1408 1068 manum
1432 1025 1569 1068 nichil
1589 1025 1756 1069 euadit.

293 1097 363 1139 Ex
393 1112 479 1154 quo
509 1100 824 1153 consequenter
855 1100 980 1154 patet
1014 1097 1071 1139 ad
1102 1096 1316 1153 phisicam
1346 1095 1495 1138 omnia
1523 1095 1755 1151 pertinere.

293 1167 387 1223 Ego
403 1167 592 1223 quidem,
608 1181 882 1223 quocumque
902 1166 1032 1209 modo
1052 1165 1140 1208 ista
1159 1180 1205 1208 se
1224 1165 1430 1218 habeant,
1448 1164 1756 1207 indubitanter

292 1235 421 1279 credo
440 1236 518 1278 illa
542 1236 634 1278 sola
657 1251 747 1279 non
771 1251 863 1279 esse
890 1235 1136 1292 respuenda
1160 1249 1272 1291 quae
1299 1249 1355 1276 ex
1378 1234 1465 1277 fide
1484 1234 1754 1291 proueniunt
1776 1246 1815 1280 15

293 1307 338 1347 et
365 1304 621 1347 referuntur
646 1305 703 1347 ad
730 1305 916 1362 gloriam
936 1304 1251 1361 omnipotentis
1272 1303 1381 1355 Dei3
1411 1318 1511 1346 cum
1538 1303 1752 1360 scriptum

293 1374 515 1416 nouerim:
537 1375 698 1416 Omnia
718 1388 1017 1430 quaecumque
1029 1374 1077 1415 in
1090 1388 1219 1430 opere
1238 1372 1310 1416 uel
1330 1372 1378 1414 in
1398 1373 1534 1415 uerbo
1547 1372 1754 1424 feceritis,

294 1443 341 1484 in
355 1443 531 1485 nomine
538 1443 718 1485 Domini
731 1443 865 1486 facite
873 1457 882 1494 ;
898 1443 945 1485 in
958 1458 1044 1499 quo
1057 1442 1149 1485 sola
1164 1442 1240 1484 uia
1254 1441 1445 1484 hominis
1458 1444 1754 1498 prosperatur.

296 1511 369 1554 Sic
398 1512 594 1554 omnium
620 1514 871 1554 sanctorum
898 1512 1031 1554 turba
1059 1510 1307 1568 praecessit.
1365 1509 1639 1554 Outhbertus
1667 1510 1755 1568 sig-

153 1580 230 1628 416
250 1588 280 1617 a
297 1580 415 1622 nifer
442 1571 625 1636 'quidam
659 1581 805 1637 gentis
838 1583 1015 1623 nostrae
1049 1581 1095 1622 in
1131 1580 1227 1637 lege
1262 1579 1443 1622 Domini
1474 1579 1754 1637 euangelium
1774 1590 1817 1614 20

295 1649 507 1692 Iohannis
555 1650 878 1706 superponebat
926 1650 1125 1700 infirmis,
1174 1652 1220 1692 et
1267 1649 1547 1692 curabantur.
1627 1649 1755 1692 Beati

294 1718 510 1775 Stephani
537 1718 689 1761 tunica
714 1719 991 1775 superposita
1017 1722 1242 1762 mortuum
1263 1718 1506 1761 suscitauit.
1566 1717 1753 1775 Symbo-

292 1787 385 1829 lum
415 1787 712 1843 apostolorum
743 1788 1057 1840 demoniacum,
1091 1803 1118 1830 a
1149 1802 1235 1844 quo
1263 1787 1535 1844 gestabatur,
1564 1788 1752 1831 curauit.

293 1856 450 1899 Oratio
480 1856 698 1899 dominica
728 1857 887 1910 herbis,
915 1858 1021 1900 dum
1051 1857 1312 1914 legebantur
1339 1859 1418 1899 aut
1447 1856 1670 1899 dabantur
1696 1871 1753 1900 ex

246 1927 276 1967 b
294 1926 380 1968 fide
415 1925 545 1977 dicta,
581 1925 832 1982 saepissime
871 1926 1061 1970 contulit
1098 1929 1301 1983 optatum
1340 1925 1497 1969 salutis
1536 1926 1751 1970 effectum.
1772 1938 1815 1972 ²5

290 2045 557 2129 chffgittima
574 2045 640 2082 SM
841 2054 883 2090 17
908 2045 949 2081 in
961 2051 1045 2092 post
1061 2044 1125 2082 uel
1141 2058 1207 2082 om.
1228 2045 1270 2081 M
1470 2056 1515 2082 22
1540 2044 1751 2083 Simbolum

292 2202 339 2239 cf.
358 2202 514 2248 pseudo·
516 2201 613 2248 Aug.
630 2203 741 2238 Serm.
759 2201 937 2238 cclxxviii
957 2201 1102 2248 (Migne
1119 2203 1158 2238 P.
1178 2203 1222 2237 L.
1239 2201 1367 2237 xxxix.
1389 2200 1495 2245 2269)
1514 2203 1556 2237 de
1578 2202 1753 2237 Rectitud.

296 2252 457 2286 Convers.
480 2251 616 2286 Cathol.
633 2250 687 2288 (P.
704 2251 746 2285 L.
762 2249 813 2284 xl.
832 2249 947 2293 1172).
1045 2258 1062 2294 5
1089 2251 1267 2294 Ζί9αιαναε
1284 2251 1354 2284 etc.
1370 2261 1378 2284 ε
1404 2261 1436 2284 v.
1454 2247 1541 2284 Isid.
1562 2250 1659 2303 ονί9Σ
1677 2248 1755 2285 viii.

293 2296 392 2343 9§3
395 2308 428 2333 0.
570 2299 590 2332 8
614 2298 762 2332 Phisica
787 2298 880 2333 etc.:
906 2296 960 2332 De
985 2296 1056 2332 hoc
1081 2308 1149 2331 usu
1174 2295 1247 2332 vid.
1272 2297 1456 2331 Medicina
1480 2297 1608 2338 Plinii,
1633 2295 1672 2330 ii.
1697 2305 1755 2340 37,

294 2353 353 2388 47,
379 2345 434 2379 ed.
459 2343 573 2380 Basil.
603 2346 690 2389 1528
716 2357 780 2390 pp.
807 2353 903 2390 55Α.
930 2352 1019 2389 590,
1046 2343 1183 2379 Theod.
1210 2343 1322 2378 Prisc.
1348 2343 1406 2379 ed.
1432 2342 1678 2396 Rose,p.46.
1700 2351 1754 2387 17,

295 2401 374 2426 220.
394 2401 436 2435 7,
462 2391 508 2426 cf.
535 2390 758 2426 Salmasium
784 2391 823 2426 in
850 2393 944 2426 Hist.
973 2393 1065 2436 Auy.
1094 2391 1150 2427 ed.
1176 2390 1294 2436 Lugd.
1320 2389 1403 2426 Bat.
1425 2391 1524 2433 1671,
1549 2388 1588 2425 ii.
1614 2401 1651 2435 p.
1672 2399 1754 2435 457,

295 2436 512 2474 Reinesium
535 2440 617 2472 Var.
636 2440 728 2473 Lect.
748 2451 785 2484 p.
803 2449 882 2484 392.
1061 2448 1083 2483 9
1107 2439 1231 2473 Nzchil
1238 2440 1288 2481 fit
1303 2439 1406 2472 cuius
1421 2438 1517 2472 etc.:
1544 2436 1640 2472 Plat.
1661 2438 1752 2473 Tim.

295 2486 340 2520 28
355 2494 394 2519 A.
412 2496 502 2520 veis.
521 2484 718 2521 chalcidii.
850 2495 889 2521 11
916 2486 1099 2529 Nichilfit
1116 2487 1156 2519 in
1173 2490 1269 2520 terra
1287 2485 1379 2520 etc:
1405 2483 1471 2519 Iob
1488 2484 1571 2519 v.6.
1711 2493 1754 2529 17

294 2533 417 2567 omnia
443 2534 534 2567 etc.:
561 2532 637 2567 Col.
664 2532 718 2567 iii.
750 2533 1024 2576 17.18
1049 2533 1115 2567 uia
1133 2536 1388 2577 prosperatur:
1415 2542 1447 2566 v.
1474 2530 1606 2566 Ierem.
1631 2529 1694 2566 xii.
1723 2541 1752 2567 1.

298 2589 342 2622 19
370 2580 580 2614 Cuthbertus
596 2581 688 2615 etc.:
716 2579 829 2615 Aliud
846 2579 1072 2615 miraculum
1089 2579 1135 2614 de
1152 2579 1224 2614 hoc
1241 2578 1336 2613 libro
1355 2577 1390 2613 S.
1408 2577 1607 2613 Cuthberti
1624 2579 1754 2614 narrat

296 2624 459 2670 Symeon
493 2625 754 2662 Dunelmensis
789 2628 904 2671 (Rolls
935 2628 1050 2662 Series
1082 2625 1122 2661 ii.
1156 2638 1191 2672 p.
1228 2627 1308 2670 361,
1335 2629 1426 2660 Acta
1454 2625 1515 2660 SS.
1550 2625 1664 2660 Mam
1697 2624 1753 2661 iii.

298 2675 414 2717 1425).
553 2683 592 2707 21
622 2674 729 2707 Beati
745 2675 838 2710 ete:
864 2686 896 2708 v.
913 2673 1006 2719 Aug.
1024 2675 1066 2708 de
1086 2674 1158 2709 Civ
1178 2674 1257 2715 Dei,
1275 2670 1365 2707 xxii.
1384 2673 1404 2706 8
1422 2670 1463 2717 ἐξ
1487 2681 1540 2713 12,
1563 2672 1604 2707 16
1625 2671 1754 2717 (quem

293 2721 423 2755 tamen
440 2730 571 2764 parum
589 2723 765 2756 accurate
784 2720 878 2756 citat
895 2720 1054 2763 Noster.)
1179 2730 1224 2755 22
1248 2720 1452 2764 Symbolum
1468 2720 1562 2755 etc.:
1590 2718 1638 2754 cf.
1657 2721 1751 2755 Did.

293 2767 338 2811 of
352 2767 537 2802 Christian
557 2768 692 2813 Antiq„
710 2780 738 2803 s.
749 2780 780 2803 v.
799 2766 1036 2804 ‘Exorcism.’

404 2836 448 2869 66
