1878 3172
184 157 267 197 479
287 147 316 186 b
664 145 923 189 IOANNIS
964 144 1474 190 SARESBERIENSIS
1606 145 1715 208 [ΗΒ.
1731 158 1793 190 111
1854 207 1856 210 Ι

335 259 520 317 Agnitio
541 259 717 316 quidem
737 259 1048 303 certitudinem
1068 260 1203 303 habet
1229 262 1275 303 et
1294 260 1366 303 uel
1385 260 1433 302 in
1452 260 1636 304 scientia
1653 260 1725 304 uel
1745 261 1793 304 in
1852 252 1855 258 ’

334 329 422 372 fide
437 329 650 373 consistit.
708 328 795 372 Sed
810 329 913 372 fidei
928 329 1082 387 regula
1095 329 1319 387 paulisper
1333 330 1573 381 differatur,
1585 330 1793 386 quoniam

294 414 320 444 c
337 412 432 441 eam
459 400 634 455 tempus
658 401 703 441 et
729 398 849 441 locus
874 412 980 441 suus
1007 401 1224 455 expectat.
1285 398 1493 442 Ceterum
1517 399 1701 442 scientia
1724 399 1794 442 sui

333 467 541 511 notitiam
570 468 727 521 habet3
767 467 884 524 quod
913 467 1088 510 euenire
1112 482 1201 510 non
1225 470 1382 524 potest,
1402 468 1440 511 si
1465 482 1555 511 non
1583 468 1795 511 metiatur

332 537 451 580 uires
472 551 585 588 suas,
605 537 643 579 si
663 538 840 595 ignorat
859 537 1036 580 alienas.
1813 562 1832 596 5

335 691 441 750 Cap.
475 705 513 737 2.
563 691 685 745 Quae
704 692 764 736 sit
777 692 940 749 prima
964 692 1275 750 contemplatio
1300 692 1502 737 hominis
1520 691 1795 749 sapientiam
1863 732 1866 743 ,

447 761 708 819 affectantis,
730 765 768 805 et
788 761 892 818 quis
912 762 971 805 sit
986 763 1172 819 fructus
1192 762 1512 819 speculationis
1530 762 1683 806 huius.

389 864 471 907 Est
502 879 606 922 ergo
640 865 834 921 primum
868 858 1060 908 hominis
1099 859 1363 922 sapientiam
1398 864 1658 916 affectantis,
1687 863 1795 920 quid

331 934 425 991 ipse
455 934 526 986 sit,
558 934 665 990 quid
689 935 809 977 intra
832 949 891 986 se,
921 934 1029 991 quid
1054 937 1195 987 extra,
1221 934 1328 991 quid
1355 934 1488 987 infra,
1515 933 1623 990 quid
1649 948 1794 990 supra,

332 1003 440 1059 quid
471 1006 636 1053 contra,
664 1003 772 1059 quid
803 1006 907 1046 ante
937 1003 1010 1046 uel
1041 1006 1195 1060 postea
1226 1004 1296 1054 sit,
1326 1003 1625 1060 contemplari.
1683 1002 1794 1046 Inde
1813 1019 1861 1062 xc>¹

333 1075 401 1114 est
425 1071 541 1114 forte
568 1072 685 1128 quod
712 1073 790 1123 illi,
810 1073 887 1129 qui
913 1073 1057 1129 prima
1085 1073 1224 1115 totius
1253 1072 1555 1129 philosophiae
1579 1071 1795 1115 elementa
1862 1110 1864 1115 .

332 1141 520 1198 posteris
543 1141 718 1184 tradere
741 1145 1021 1192 curauerunt,
1050 1141 1346 1184 substantiam
1375 1141 1649 1198 singulorum
1679 1141 1794 1183 arbi-

332 1210 442 1253 trati
473 1213 579 1252 sunt
610 1210 879 1261 intuendam,
905 1211 1212 1267 quantitatem,
1232 1211 1288 1253 ad
1320 1210 1500 1267 aliquid,
1521 1204 1794 1267 qualitatem,

287 1287 317 1327 d
333 1279 469 1322 situm
502 1294 605 1331 esse,
626 1279 714 1332 ubi,
736 1280 922 1336 quando,
943 1280 1117 1332 habere,
1139 1279 1294 1330 facere,
1322 1283 1367 1323 et
1398 1279 1505 1337 pati,
1531 1282 1576 1322 et
1610 1294 1712 1323 suas
1746 1280 1794 1322 in

332 1349 536 1391 omnibus
575 1343 645 1391 his
683 1349 987 1406 proprietates,
1026 1364 1084 1391 an
1123 1349 1416 1392 intensionem
1455 1349 1709 1400 admittant,
1748 1351 1794 1392 et
1812 1364 1854 1402 15-

332 1418 632 1474 susceptibilia
652 1418 742 1460 sint
761 1418 1094 1470 contrariorum,
1116 1420 1161 1460 et
1180 1433 1238 1460 an
1259 1418 1321 1460 eis
1341 1417 1448 1474 ipsis
1475 1418 1644 1474 aliquid
1670 1418 1793 1460 inue-
1861 1463 1866 1473 ,Β

331 1487 484 1529 niatur
510 1487 757 1530 aduersum.
816 1487 1004 1530 Prouide
1028 1487 1206 1543 quidem
1233 1488 1339 1530 haec
1364 1490 1409 1530 et
1436 1487 1682 1543 diligenter,
1709 1487 1794 1530 etsi
1862 1488 1865 1532 Ῐ

331 1555 379 1597 in
406 1570 457 1598 eo
481 1556 822 1612 negligentiores
847 1556 1088 1607 extiterint,
1110 1556 1227 1612 quod
1253 1556 1322 1599 sui
1349 1556 1488 1613 ipsius
1511 1557 1718 1599 notitiam
1745 1556 1794 1599 in
1860 1591 1864 1614 3

330 1627 459 1668 tanta
488 1640 636 1667 rerum
665 1625 760 1667 luce
789 1639 879 1667 non
909 1626 1096 1668 assecuti
1126 1628 1243 1677 sunt,
1263 1628 1309 1668 et
1337 1625 1447 1669 lucis
1482 1625 1793 1669 inaccessibilis
1860 1632 1864 1675 f

330 1694 537 1736 notitiam
569 1694 868 1750 perdiderunt,
902 1694 1008 1737 dum
1048 1698 1325 1737 euanuerunt
1363 1695 1411 1736 in
1450 1695 1792 1752 cogitationibus
1811 1711 1853 1738 πο

331 1763 435 1813 suis,
455 1766 500 1805 et
520 1763 714 1806 dicentes
735 1778 781 1806 se
801 1778 893 1806 esse
913 1764 1134 1820 sapientes
1154 1764 1282 1806 stulti
1303 1763 1411 1807 facti
1431 1766 1548 1814 sunt,
1568 1767 1613 1806 et
1639 1764 1791 1806 obscu-

331 1834 480 1874 ratum
512 1834 579 1874 est
610 1832 822 1889 insipiens
853 1847 928 1876 cor
957 1847 1119 1875 eorum.
1179 1832 1307 1885 Quod
1338 1847 1394 1875 ex
1423 1847 1474 1875 eo
1503 1832 1792 1885 conuincitur,
1860 1835 1863 1840 ⁴

332 1901 450 1957 quod
481 1901 638 1943 traditi
676 1901 724 1943 in
763 1901 987 1958 passiones
1020 1901 1289 1959 ignominiae
1318 1900 1542 1944 faciebant
1571 1916 1683 1958 quae
1712 1915 1792 1945 nec

331 1970 459 2013 sexui
493 1985 573 2013 nec
608 1970 717 2012 etati
749 1985 829 2014 nec
864 1970 1072 2013 fortunae
1100 1970 1368 2014 conueniant
1400 1985 1480 2013 nec
1513 1973 1712 2025 naturae,
1747 1973 1794 2013 et

331 2053 539 2096 personas
580 2040 777 2082 omnium
821 2040 966 2096 operis
1011 2039 1263 2082 testimonio
1306 2040 1611 2083 deuenustent.
1683 2039 1791 2082 Dati
1810 2056 1851 2093 ²5

332 2108 548 2165 siquidem
579 2111 685 2151 sunt
713 2108 761 2150 in
791 2123 967 2151 sensum
993 2109 1240 2165 reprobum,
1267 2108 1384 2165 quod
1412 2108 1594 2165 planum
1620 2115 1688 2151 est
1721 2108 1792 2151 his

180 2182 265 2231 480
285 2194 315 2223 a
333 2178 409 2235 qui
429 2177 693 2234 Apostolum
719 2178 893 2234 plenius
920 2181 1154 2221 nonerunt.
1213 2178 1538 2235 Argumentum
1565 2179 1715 2219 tamen
1733 2176 1792 2219 ad

331 2247 480 2289 omnia
498 2246 820 2289 ualidissimum
841 2249 920 2299 est,
934 2250 987 2289 ut
1006 2247 1061 2289 de
1080 2246 1166 2289 fide
1186 2249 1232 2289 et
1251 2246 1502 2289 sinceritate
1517 2246 1791 2303 singulorum
1865 2247 1867 2250 ⁴

329 2315 536 2359 credatur
574 2315 779 2372 operibus
818 2315 920 2358 suis.
995 2315 1141 2372 Opera
1173 2315 1290 2357 enim
1322 2329 1434 2371 quae
1471 2314 1582 2358 facit
1619 2314 1790 2371 aliquis,
1843 2363 1846 2367 ,

330 2384 634 2427 testimonium
654 2384 889 2441 perhibent
908 2384 963 2427 de
983 2398 1046 2428 eo.
1104 2384 1270 2427 Verum
1290 2383 1366 2440 qui
1389 2383 1581 2440 seipsum
1601 2383 1789 2441 ignorat,
1808 2382 1852 2435 30'

335 2525 374 2552 11
402 2515 675 2562 phylosophiae
691 2515 719 2552 C
735 2527 744 2552 ι
767 2499 1014 2562 phylosophie
1031 2514 1062 2550 Β
1206 2514 1250 2552 16
1274 2513 1550 2550 contrariorum
1566 2512 1643 2550 sint
1660 2511 1686 2549 S

382 2645 424 2671 12
449 2636 686 2670 substantvam
717 2637 813 2672 eta:
850 2635 1048 2687 enumerat
1074 2631 1290 2670 Aristotelis
1317 2632 1444 2668 decem
1473 2631 1790 2678 praedicamenta.

336 2691 380 2736 19
404 2683 494 2717 lucis
510 2683 786 2718 maccessibilis·
811 2694 842 2717 v.
857 2680 979 2718 1Tim.
990 2680 1037 2716 vi.
1054 2682 1106 2717 16.
1248 2690 1294 2716 20
1317 2684 1543 2715 euanuerunt
1558 2682 1654 2715 etex
1681 2679 1787 2715 Rom.

333 2728 359 2765 i.
378 2738 418 2764 21
433 2740 533 2774 seqq.
677 2738 720 2774 27
746 2731 823 2775 Ary
824 2733 1008 2764 umentum
1031 2729 1126 2764 etc.:
1159 2739 1192 2762 v.
1210 2727 1320 2762 Matt.
1340 2725 1401 2761 vii.
1423 2727 1475 2769 16,
1495 2736 1562 2770 20·
1595 2726 1723 2762 Ioann.
1749 2737 1786 2762 x.

332 2785 402 2822 373
427 2775 550 2812 Iacob.
567 2774 607 2811 ii.
629 2776 683 2812 18.
824 2785 870 2821 29
897 2777 1014 2821 Opera
1031 2776 1104 2811 etc.
1120 2786 1129 2812 :
1155 2786 1188 2811 v.
1207 2773 1336 2810 Ioann.
1353 2785 1385 2810 v.
1403 2773 1460 2819 36.

443 2854 506 2890 174
