1878 3172
139 179 226 220 459
248 180 272 210 c
615 166 875 211 IOANNIS
917 163 1431 209 SARESBERIENSIS
1586 162 1694 224 [ΠΒ.
1711 175 1751 207 11

286 288 408 331 aliud
440 287 510 329 ius
540 286 708 339 suadet,
739 285 860 328 aliud
890 284 1101 341 aequitas,
1132 298 1243 340 quae
1274 283 1321 326 in
1350 283 1527 341 publica
1555 283 1752 326 utilitate

287 358 503 407 uersatur,
529 355 742 413 principis
766 353 1018 411 quaerenda
1046 356 1113 396 est
1137 353 1458 410 interpretatio,
1485 367 1598 409 quae
1621 367 1751 409 gene-

287 426 393 469 ralis
409 428 476 469 est
491 428 536 468 et
550 424 805 468 necessaria.
856 423 943 465 Vbi
959 423 1013 465 de
1029 422 1192 479 scripto
1208 425 1254 465 et
1269 422 1490 465 sententia
1509 422 1753 472 dubitatur,

287 510 411 538 mens
451 497 519 538 est
564 493 830 550 inquirenda
868 492 1073 535 auctoris.
1144 491 1254 544 Quis
1293 506 1398 548 ergo
1437 495 1483 534 te
1526 490 1753 534 celestium

287 563 396 607 fecit
426 563 744 620 interpretem?
773 561 901 604 Vnde
933 561 1040 617 quid
1070 561 1278 617 expediat
1307 560 1458 604 nosti?
1493 560 1592 613 Qua
1618 562 1752 602 teme·
1774 578 1792 612 5

286 634 421 676 ritate
442 633 586 675 aliena
612 647 745 688 opera
765 631 867 682 tuis,
888 631 1023 672 immo
1044 630 1139 681 Dei,
1160 630 1300 672 stellis
1324 629 1567 672 adscribis?
1608 629 1753 671 Teneo

288 703 406 746 enim
426 706 556 746 tuum
576 702 688 744 illud
708 700 1047 744 subtilissimum
1068 702 1404 757 argumentum:

244 805 274 845 d
807 791 876 834 Tu
905 792 982 848 qui
1011 791 1228 848 flagrante
1257 791 1472 834 minacem

464 851 676 908 Scorpion
705 850 902 893 incendis
931 850 1082 902 cauda,
1113 848 1359 906 Chelasque
1387 848 1571 906 peruriS,

462 910 569 967 quid
598 911 788 959 tantum,
818 907 1025 959 Gradiue,
1055 908 1216 964 paras}
1776 929 1817 952 10

287 1001 376 1044 Sed
414 1001 632 1043 mendacii
678 1002 817 1057 pater,
857 999 933 1056 qui
973 1002 1019 1042 te
1065 1000 1147 1043 hoc
1200 999 1350 1042 docuit
1395 998 1628 1042 celestibus
1677 997 1754 1040 ad-

287 1071 578 1123 scribendum,
598 1069 907 1112 fraudulenter
933 1069 995 1112 sic
1025 1069 1121 1126 agit
1150 1072 1296 1112 tecum
1323 1071 1387 1120 ut,
1413 1083 1513 1112 cum
1539 1068 1610 1110 his
1637 1067 1756 1110 notis

287 1140 545 1196 resperserit
557 1141 817 1189 creaturam,
833 1138 978 1195 ipsum
994 1141 1221 1181 creaturae
1236 1138 1298 1181 sic
1313 1137 1502 1180 infamet
1517 1139 1753 1180 auctorem.

288 1209 514 1251 Postremo
554 1207 773 1250 animulas
814 1208 1074 1250 miserorum
1119 1206 1277 1249 fraude
1318 1206 1522 1263 deceptas
1566 1205 1755 1248 ineuita-

286 1278 445 1320 bilium
465 1277 678 1321 uaticinio
695 1276 949 1319 futurorum
965 1276 1012 1318 in
1028 1275 1232 1319 elationis
1252 1279 1470 1318 tumorem
1490 1275 1755 1332 suspendere
1777 1294 1815 1328 15

287 1347 361 1390 uel
377 1346 696 1403 desperationis
712 1346 922 1402 abyssum
938 1345 1230 1402 praecipitare
1249 1344 1472 1387 dementia
1491 1347 1569 1387 est.
1620 1344 1755 1387 Porro

288 1417 406 1460 hunc
426 1415 623 1459 fructum
647 1414 859 1457 mathesis
886 1428 991 1456 suae
1018 1413 1245 1470 horoscopi
1276 1413 1468 1456 afferunt
1494 1416 1539 1456 et
1564 1413 1756 1470 planetis

289 1486 381 1528 suis
424 1485 566 1542 magis
606 1483 789 1534 erronei,
829 1483 935 1525 dum
975 1498 1003 1525 a
1041 1483 1226 1525 scientia
1268 1483 1449 1539 pietatis
1489 1483 1756 1535 exorbitant,

290 1554 425 1611 longa
453 1553 827 1611 peruestigatione
856 1552 1095 1609 signorum,
1121 1566 1222 1594 cum
1252 1566 1314 1602 eo,
1334 1551 1411 1608 qui
1441 1552 1567 1608 quasi
1597 1552 1756 1595 lucifer

138 1633 226 1680 460
247 1641 277 1671 a
292 1624 540 1666 matutinus
587 1623 823 1672 oriebatur,
863 1621 1134 1664 descendunt
1178 1621 1225 1662 in
1268 1620 1494 1663 infernum
1538 1621 1753 1672 uiuentes,
1775 1642 1818 1665 20

291 1693 487 1749 aliosque
507 1692 661 1734 ruinae
682 1705 787 1733 suae
806 1690 1043 1747 participes
1064 1689 1246 1732 faciunt.
1307 1689 1395 1732 Sed
1415 1690 1521 1732 dum
1541 1691 1624 1733 tibi
1645 1691 1755 1734 talia

289 1763 599 1820 proponuntur
627 1760 699 1802 uel
728 1762 1025 1816 opponuntur,
1052 1759 1159 1815 quid
1187 1759 1330 1802 facis‘l
1389 1759 1523 1802 Rides
1553 1760 1755 1816 equidem

291 1835 337 1874 et
365 1830 498 1873 nimis
527 1830 652 1873 uncis
681 1829 864 1871 naribus
894 1828 1108 1885 indulges,
1130 1828 1322 1871 ludibrio
1351 1828 1518 1871 habens
1548 1829 1755 1886 simplici-

290 1903 431 1943 tatem
464 1899 579 1949 fidei,
609 1899 883 1955 recurrisque
918 1898 975 1940 ad
1009 1897 1314 1954 prouidentiae
1349 1897 1508 1948 sinum,
1540 1901 1585 1940 et
1623 1901 1668 1941 te
1707 1898 1755 1940 in

291 1970 501 2026 abyssum
530 1967 861 2010 inscrutabilem
894 1967 1019 2023 quasi
1039 1967 1212 2010 Anteus
1240 1967 1354 2009 alter
1373 1969 1495 2010 totus
1519 1967 1753 2024 immergis.
1775 1987 1791 2009 η
1797 1986 1814 2019 5

291 2039 453 2081 Lucem
472 2036 815 2080 inaccessibilem
835 2036 1022 2093 posuisti
1049 2035 1273 2092 refugium
1297 2038 1438 2087 tuum,
1458 2038 1503 2078 et
1529 2036 1632 2078 inde
1651 2036 1755 2079 fidei

290 2107 586 2150 rusticitatem
607 2106 852 2162 impugnas,
872 2120 923 2148 ac
951 2105 989 2147 si
1017 2104 1118 2147 fons
1145 2105 1349 2148 ueritatis
1376 2105 1755 2162 propugnaculum

291 2177 351 2220 sit
371 2176 543 2219 erroris.
602 2175 690 2219 Sed
714 2178 818 2226 esto,
839 2178 1034 2218 ueterem
1062 2175 1175 2217 hanc
1203 2174 1508 2231 prouidentiae
1532 2175 1755 2230 querelam

291 2246 436 2303 sopire
461 2260 551 2288 non
578 2259 756 2302 possum
786 2249 831 2287 et
860 2244 998 2286 nodos
1027 2243 1224 2286 omnium
1255 2243 1555 2299 quaestionem
1585 2243 1755 2286 soluere

292 2330 382 2358 non
420 2314 597 2357 sufficio.
677 2313 786 2366 Quis
835 2313 952 2355 enim
992 2312 1101 2355 adeo
1140 2311 1314 2368 sapiens
1353 2314 1421 2354 est
1459 2314 1512 2354 ut
1550 2312 1754 2355 omnibus
1773 2330 1815 2362 30

291 2383 486 2427 cuiusuis
525 2382 721 2439 imperiti
764 2382 928 2424 nedum
967 2381 1059 2424 tuis
1106 2380 1437 2437 quaestionibus
1476 2379 1754 2424 satisfaciat?

292 2497 315 2533 6
340 2495 494 2533 ascribis
511 2496 541 2531 B
680 2497 722 2532 18
746 2494 990 2532 exhorbitant
1007 2493 1032 2530 S
1161 2504 1207 2540 23
1231 2492 1354 2539 uncis]
1372 2492 1527 2530 aduncis
1544 2493 1577 2529 A
1708 2505 1728 2531 2
1733 2503 1751 2539 5

292 2544 458 2580 abissum
474 2543 508 2578 A

342 2653 363 2688 8
393 2653 448 2687 Tu
463 2653 527 2697 qui
542 2654 613 2687 etc.
629 2665 637 2687 :
663 2652 750 2688 Luc.
765 2654 894 2688 Phars.
913 2651 936 2688 i.
955 2652 1118 2698 658-60;
1144 2651 1192 2687 cf.
1211 2661 1325 2696 supra
1341 2661 1371 2686 c.
1386 2659 1439 2695 19.
1452 2648 1534 2694 (441
1551 2648 1610 2694 c.).
1711 2660 1750 2686 11

294 2701 474 2735 mendacii
483 2704 613 2745 pater:
639 2711 670 2734 v.
691 2699 822 2735 Ioann.
838 2698 915 2734 viii.
939 2709 997 2743 44.
1145 2709 1187 2744 19
1211 2700 1275 2744 qui
1297 2699 1402 2744 quasi
1426 2699 1521 2733 etc.:
1547 2708 1579 2731 v.
1607 2696 1653 2732 Is.
1680 2697 1753 2733 xiv.

298 2757 351 2788 12,
373 2755 425 2791 15.
615 2757 660 2782 22
686 2748 796 2782 Rides
813 2748 908 2783 etc.:
933 2746 1031 2782 Pers.
1050 2747 1123 2781 Sat.
1139 2744 1164 2781 i.
1181 2756 1240 2790 41.
1430 2753 1472 2790 25
1500 2745 1639 2778 Anteus
1656 2746 1725 2780 etc.
1743 2756 1752 2780 τ

294 2806 326 2830 v.
346 2793 433 2829 Luc.
449 2794 577 2829 Phars.
591 2792 637 2828 iv.
658 2802 723 2839 593
734 2804 834 2839 seqq.
946 2794 993 2830 26
1016 2794 1148 2829 Lucem
1163 2792 1457 2829 inaccessibilem:
1487 2801 1501 2828 1
1520 2790 1615 2826 Tim.
1633 2790 1681 2828 vi,
1701 2792 1756 2828 16.

408 2874 472 2906 140
