1878 3172
13 65 22 107 ἓ
92 112 192 148 ou».
204 101 319 158 1111]
603 98 1002 145 POLICRATICV
1004 99 1037 143 S
1558 106 1638 149 5⁷3
1653 95 1683 137 d

16 256 18 262 .
93 222 140 264 et
167 219 372 278 opinione
399 218 605 263 scientiae
636 221 682 262 et
719 218 909 261 nominis
946 217 1208 261 auctoritate
1245 215 1457 267 consistit,
1489 218 1543 259 ut

14 301 18 304 ⁴
92 289 200 333 haec
224 289 382 340 omnia,
407 289 446 332 si
470 288 566 332 fieri
591 290 748 345 potest,
773 287 891 344 apud
917 290 1065 344 partes
1091 286 1280 344 quadam
1306 285 1543 342 aequitatis

74 357 216 402 lance
253 358 482 402 librentur.
559 356 686 410 Quod
731 356 769 399 si
807 356 939 399 unius
976 370 1083 413 prae
1121 355 1277 399 ceteris
1316 358 1383 398 est
1422 354 1544 397 fama

93 427 286 480 hilarior,
305 441 363 470 ex
381 426 520 470 officio
539 425 775 469 iudicantis
793 427 927 482 prout
945 425 1110 481 poterit
1127 425 1246 481 parti
1266 424 1543 467 aduersariae

55 509 76 543 5
94 495 458 555 compensabitur.
528 494 615 548 Qui
645 497 795 537 tamen
824 493 1010 536 alicuius
1043 493 1318 551 litigatorum
1352 493 1544 536 archana

93 564 337 622 praenouit,
369 578 458 607 non
495 562 844 621 patrocinabitur
873 562 1137 613 aduersario,
1167 562 1254 604 nisi
1286 561 1402 604 forte
1432 561 1545 604 eitra

93 634 387 678 coniuentiam
434 632 591 676 iudicis
639 631 877 689 separatim
914 645 1014 674 cum
1061 631 1263 688 pluribus
1302 631 1415 674 alter
1452 633 1543 673 tra-

93 702 283 747 etauerit
300 705 354 745 ut
372 701 500 744 alteri
519 701 639 758 paris
657 700 924 743 defensionis
946 700 1071 756 copia
1090 700 1391 743 subtrahatur.
1450 699 1544 742 Nec

95 774 164 814 est
187 771 264 828 qui
289 785 318 813 a
342 770 484 813 iudice
513 769 707 812 monitus
734 769 829 813 sine
854 769 1134 811 excusatione
1160 768 1377 826 probabili
1405 768 1545 825 possit

22 850 81 876 -10
95 839 351 896 cuicumque
388 838 506 895 parti
544 838 837 895 patrocinium
874 837 1100 895 denegare,
1139 838 1225 880 nisi
1273 837 1420 880 forum
1458 837 1543 880 sibi

12 959 16 968 χ
94 907 316 965 praecludi
344 907 465 958 uelit,
493 910 547 950 ut
572 907 850 964 postmodum
883 906 930 948 in
964 906 1106 949 causis
1144 906 1325 963 agendis
1363 907 1543 949 minime
1559 917 1637 959 574
1657 919 1687 948 a

94 976 312 1020 audiatur.
398 975 448 1019 Si
496 990 602 1019 uero
649 975 976 1032 praeuaricatus
1014 974 1152 1017 fuerit
1198 975 1450 1026 aduocatus,
1495 975 1544 1018 in

16 1048 22 1057 ²
94 1045 343 1090 conuictum
363 1047 539 1101 oportet
563 1059 644 1101 pro
670 1044 884 1101 qualitate
909 1043 1127 1087 commissi
1153 1057 1311 1100 penam
1337 1044 1546 1100 grauissi-

12 1116 25 1174 f·
95 1129 214 1157 mam
262 1113 463 1157 exerceri.
546 1113 708 1156 Munus
755 1112 969 1169 siquidem
1017 1112 1249 1169 patrocinii
1296 1112 1548 1156 fidelissime

10 1192 80 1228 v2¹5
97 1183 367 1240 implendum
393 1185 460 1225 est
486 1186 531 1226 et
557 1182 651 1225 sine
675 1181 1026 1224 aduersariorum
1051 1181 1226 1224 iniuria.
1284 1181 1547 1225 Rationibus

6 1219 29 1299 ξ
97 1266 287 1308 namque
332 1266 422 1294 non
470 1251 642 1308 probris
689 1250 1039 1293 contendendum
1089 1253 1167 1300 est,
1206 1253 1252 1292 et
1299 1265 1356 1292 ex
1404 1251 1547 1294 edicto

8 1322 25 1370 '1'3
96 1321 307 1379 principis
343 1320 515 1377 patitur
552 1319 770 1376 opinionis
808 1319 1084 1376 dispendium
1129 1318 1327 1375 quisquis
1369 1319 1547 1376 negotio

19 1381 22 1385 Α
96 1391 304 1435 derelicto
329 1404 492 1447 procax
518 1389 565 1431 in
595 1388 837 1432 aduersarii
863 1388 931 1431 sui
958 1388 1267 1431 contumeliam
1294 1391 1374 1430 aut
1399 1389 1545 1445 palam

18 1487 19 1490 =
97 1459 245 1518 pergit
274 1462 354 1502 aut
383 1457 576 1502 subdole.
634 1457 733 1507 Sed,
763 1457 866 1500 licet
895 1459 1081 1513 patrono
1118 1471 1282 1500 merces
1321 1472 1377 1499 ex
1415 1471 1547 1500 causa

23 1522 86 1568 J„
99 1528 322 1572 honorarii
344 1527 566 1579 debeatur,
584 1526 935 1571 concinnatorem
961 1525 1034 1567 uel
1056 1525 1373 1582 redemptorem
1399 1525 1547 1568 litium

15 1599 17 1601 ’
98 1611 192 1640 esse
219 1611 308 1640 non
336 1596 451 1646 licet,
483 1599 537 1638 ut
563 1598 707 1639 certae
737 1596 877 1651 partis
909 1594 1251 1636 emolumentum
1284 1609 1384 1637 cum
1418 1596 1547 1651 graui

97 1665 258 1708 damno
304 1664 542 1722 litigatoris
585 1667 631 1706 et
669 1663 858 1720 quadam
906 1662 1244 1718 depraedatione
1290 1663 1547 1719 paciscatur.

7 1724 37 1786 ᾗ,
99 1733 318 1790 Quicquid
354 1736 503 1776 autem
541 1735 754 1789 patronus
796 1731 1055 1788 allegauerit
1101 1735 1331 1787 praesente
1370 1732 1547 1775 domino

11 1796 29 1844 3⁷,
99 1802 280 1860 perinde
312 1805 380 1845 est
407 1801 656 1844 habendum
685 1815 735 1844 ac
763 1800 802 1843 si
829 1799 1081 1856 proferatur
1108 1814 1136 1841 a
1160 1800 1347 1850 domino,
1375 1801 1461 1843 nisi
1491 1816 1547 1843 ex
1564 1803 1593 1842 b

42 1890 86 1926 ²5
101 1870 356 1920 continenti,
383 1870 431 1912 id
461 1873 528 1912 est
562 1869 681 1912 infra
710 1869 960 1925 proximum
994 1867 1192 1910 triduum
1220 1869 1548 1912 contradixerit.

8 1940 31 2003 ι“χ
102 1938 226 1983 Licet
261 1941 410 1981 autem
439 1941 674 1995 patronum
712 1937 831 1982 uinci
864 1936 1109 1993 contigerit,
1139 1936 1187 1977 in
1225 1936 1348 1978 nullo
1386 1937 1550 1980 leditur

100 2007 222 2050 fama
259 2007 365 2059 eius,
395 2007 434 2050 si
471 2006 607 2050 nichil
645 2006 794 2049 omisit
832 2020 888 2048 ex
916 2004 1273 2061 contingentibus
1303 2008 1348 2047 et
1376 2005 1549 2048 clientis

8 2003 37 2141 ἐς
100 2076 170 2120 sui
198 2076 415 2119 iustitiam
443 2076 632 2118 fideliter
650 2074 792 2127 fouit3
830 2089 919 2117 non
940 2074 1056 2116 enim
1082 2073 1256 2129 cogitur
1281 2074 1549 2129 patrocinari

100 2145 338 2188 mendacio.
397 2143 446 2187 Si
472 2144 579 2200 quid
604 2158 710 2186 uero
731 2143 907 2186 lesionis
933 2142 1060 2184 affert
1085 2155 1226 2190 causa,
1246 2141 1294 2182 in
1322 2141 1550 2199 litigantes

0 2214 19 2274 ἦ
45 2234 89 2269 30
102 2213 233 2265 eadit,
270 2213 364 2255 siue
416 2213 608 2256 ciuiliter
654 2212 748 2255 siue
796 2210 1083 2254 criminaliter
1129 2212 1276 2252 actum
1324 2210 1395 2253 sit.
1453 2210 1550 2254 Hoc

98 2284 262 2341 autem,
300 2281 507 2337 quicquid
546 2281 617 2331 sit,
655 2280 874 2323 sententia
920 2277 1158 2324 diffinitiua
1196 2277 1399 2328 declarat,
1439 2293 1551 2334 quae

103 2364 199 2393 reos
217 2350 477 2393 condemnat
501 2349 573 2392 uel
599 2349 789 2392 absoluit
818 2351 863 2390 et
888 2346 1110 2389 interdum
1136 2345 1183 2386 in
1209 2345 1326 2401 ipsos
1352 2350 1550 2390 auctores

103 2418 420 2462 consultissime
457 2418 709 2460 acerbitatis
747 2416 935 2460 effundit
977 2414 1161 2457 aculeOS.
1236 2413 1367 2467 Nam,
1395 2418 1447 2457 ut
1495 2416 1550 2458 de

102 2525 127 2559 4
150 2515 317 2562 hylarior
332 2515 435 2551 CBM
575 2523 595 2559 7
620 2513 732 2550 aliter
747 2513 788 2551 M
933 2522 975 2557 13
1000 2509 1146 2547 comissi
1164 2510 1188 2546 S

9 2620 15 2635 2
109 2638 113 2639 ⁷
152 2604 171 2641 5
195 2596 265 2639 Qui
286 2600 406 2630 tamen
429 2595 587 2630 alicuius
609 2594 679 2630 etc.
697 2605 705 2629 ε
734 2592 855 2628 Verba
879 2602 957 2627 non
982 2589 1209 2626 sententiam
1234 2588 1322 2626 Cod.
1336 2589 1377 2625 ii.
1396 2591 1430 2627 6.
1448 2600 1469 2635 7
1488 2589 1506 2637 ξ
1526 2601 1547 2636 3

8 2653 18 2673 ι
105 2641 360 2678 reminiscitur
381 2641 552 2677 Ioannes.
702 2641 735 2681 8,
757 2649 779 2684 9
802 2641 874 2674 Nec
895 2643 946 2673 est
965 2640 1029 2683 qui
1050 2639 1143 2672 etc:
1174 2648 1206 2672 v.
1220 2636 1307 2672 cod.
1320 2636 1359 2672 ii.
1376 2638 1409 2672 6.
1429 2646 1450 2681 7
1514 2648 1548 2673 2.

8 2679 29 2732 ’st
109 2697 151 2734 ις
174 2689 390 2725 Rationem
409 2689 503 2724 eta:
527 2699 560 2723 v.
577 2685 664 2722 eod.
680 2686 719 2722 iL
736 2687 770 2722 6.
787 2687 810 2722 6
866 2695 896 2721 1.
1041 2693 1084 2729 19
1106 2685 1184 2726 Sea,
1203 2684 1283 2719 um
1297 2686 1387 2720 eta:
1412 2696 1444 2720 v.

19 2735 37 2773 vI
106 2733 148 2772 ii.
163 2735 197 2772 6.
215 2743 247 2782 5.
388 2744 432 2780 23
459 2734 634 2780 Quicquid
649 2735 745 2769 eta:
769 2744 803 2769 v.
849 2731 908 2768 od.
925 2730 962 2767 ii.
981 2740 1004 2776 9
1021 2729 1063 2776 ἐξ
1085 2740 1115 2773 1,
1133 2740 1167 2775 3.

0 2778 6 3122 ι
1376 2793 1438 2826 3⁴1

16 3127 29 3134 „

0 3123 30 3172 Ι·ι
