1878 3172
71 177 173 213 ω».
188 163 228 226 ι]
590 163 1022 210 PomcRA'ncvs
1535 161 1614 212 478
1632 161 1662 202 «ι

0 237 11 334 [ἶ
71 280 253 339 spargIt,
271 279 544 323 diuersarum
563 292 744 322 exerens
762 277 996 321 carismata
1021 277 1277 335 gratiarum.
1336 275 1395 319 Et
1414 275 1520 319 haec
1536 273 1566 314 d

0 335 12 482 *f
71 349 206 392 michi
233 348 412 392 uidetur
439 362 547 391 uera
572 352 618 390 et
646 347 776 390 unica
802 346 1080 390 incolumitas
1108 346 1241 397 uitae,
1267 359 1368 388 cum
1397 358 1521 388 mens

70 411 326 461 uiuificante
345 416 516 474 Spiritu
544 416 601 459 ad
626 430 773 459 rerum
796 415 1002 458 notitiam
1024 415 1274 457 illustratur
1300 416 1346 457 et
1373 427 1521 456 accen-

0 483 3 553 j
65 485 196 529 'ditur
213 485 270 529 ad
292 500 483 528 amorem
509 485 752 528 honestatis
778 487 823 527 et
848 484 1016 528 cultum
1044 483 1239 527 uirtutis.
1297 482 1524 525 Praecedit

0 555 3 668 ,
35 573 58 609 5
73 568 178 612 ergo
210 554 392 598 scientia
429 554 612 597 uirtutis
648 553 828 604 cultum,
859 553 963 610 quia
996 567 1124 596 nemo
1156 554 1302 609 potest
1335 550 1525 593 fideliter

4 631 7 637 ’
73 626 279 681 appetere
297 622 414 679 quod
432 623 631 680 ignorat;
659 625 705 665 et
723 622 900 674 malum,
920 622 1006 665 nisi
1026 621 1251 678 cognitum
1267 620 1337 671 sit,
1353 620 1526 662 utiliter

0 670 2 751 ὲ
73 705 163 735 non
204 695 398 735 cauetur.
468 691 602 734 Porro
646 691 853 735 scientiae
899 690 1133 733 thesaurus
1179 689 1306 732 nobis
1354 688 1526 731 duobus

0 754 2 824 ζ
74 759 216 803 modis
249 760 507 817 exponitur3
544 774 645 804 cum
679 762 759 803 aut
797 759 981 802 rationis
1019 758 1229 802 exercitio
1268 757 1385 814 quod
1423 755 1525 800 sciri

75 831 221 885 potest
238 828 486 872 intellectus
514 828 710 880 inuenit3
738 831 818 870 aut
841 827 958 884 quod
981 827 1284 870 absconditum
1312 829 1379 869 est
1404 840 1526 868 reuc—
1542 839 1625 879 479
1645 838 1676 867 a

0 892 60 945 ῗιο
75 896 174 940 lans
201 897 347 955 gratia
370 897 506 940 oculis
532 897 735 954 ingerens
763 896 985 954 patefacit.
1056 896 1129 939 Sic
1155 896 1310 952 utique
1340 898 1420 937 aut
1450 909 1528 951 per

0 984 1 1027 j
76 969 282 1009 naturam
301 969 381 1008 aut
398 980 477 1022 per
494 966 686 1023 gratiam
712 965 770 1008 ad
793 965 996 1008 ueritatis
1022 965 1292 1021 agnitionem
1321 967 1366 1006 et
1392 963 1529 1007 scien-

76 1035 188 1078 tiam
207 1049 356 1078 eorum
377 1049 489 1091 quae
517 1033 759 1077 necessaria
782 1036 888 1076 sunt
913 1033 1212 1089 unusquisque
1239 1035 1386 1089 potest
1412 1046 1529 1075 aoce-

0 1132 2 1149 ι
78 1103 192 1148 dere.
262 1103 475 1160 Quodque
512 1103 654 1160 magis
690 1102 860 1153 mirere,
906 1102 1091 1159 quilibet
1136 1101 1261 1158 quasi
1310 1100 1530 1157 quendam

0 1217 1 1224 χ
76 1171 240 1215 librum
270 1171 543 1215 sciendorum
575 1171 714 1214 officio
737 1171 921 1214 rationis
947 1173 1149 1227 apertum
1174 1170 1291 1227 gerit
1316 1170 1364 1212 in
1390 1169 1529 1212 corde.

0 1259 63 1295 '⁵¹5
79 1239 136 1284 In
174 1255 261 1297 quo
298 1254 387 1283 non
424 1240 554 1283 modo
591 1240 833 1283 uisibilium
867 1239 1029 1296 species
1063 1253 1295 1295 rerumque
1334 1238 1531 1281 omnium

0 1302 18 1373 ξ
79 1310 241 1351 natura
278 1308 543 1366 depingitur,
573 1308 650 1351 sed
683 1308 822 1365 ipsius
851 1307 1018 1365 opificis
1055 1307 1251 1350 omnium
1290 1307 1532 1350 inuisibilia

0 1387 20 1423 ἐξ
79 1376 165 1420 Dei
202 1377 343 1435 digito
380 1377 726 1421 conscribuntur.
785 1377 909 1420 Adeo
947 1376 1125 1433 quidem
1163 1379 1216 1418 ut
1254 1390 1531 1432 nequaquam

0 1456 13 1493 ζ,
80 1445 259 1489 ualeant
277 1460 356 1503 per
379 1446 675 1503 ignorantiam
699 1446 911 1498 excusari,
931 1445 1090 1502 quibus
1116 1445 1325 1488 beneficio
1347 1448 1532 1486 naturae

81 1514 155 1557 uel
183 1515 353 1572 gratiae
381 1514 670 1572 gerendorum
699 1515 832 1558 series
861 1514 1107 1558 innotescit.
1167 1514 1293 1557 Sicut
1319 1513 1533 1570 scriptum

22 1606 68 1632 ιο
84 1586 171 1627 est:
203 1583 330 1637 Quod
363 1584 480 1627 enim
510 1587 665 1627 notum
699 1587 766 1627 est
795 1584 890 1635 Dei,
922 1583 1207 1627 manifestum
1239 1585 1306 1625 est
1337 1582 1384 1624 in
1419 1581 1533 1633 illis;

83 1650 204 1695 Deus
227 1652 343 1695 enim
372 1652 589 1696 reuelauit
617 1653 716 1696 illis.
775 1653 878 1696 Non
906 1656 1056 1695 tamen
1085 1654 1315 1708 corruptae
1346 1654 1533 1693 naturae

0 1714 18 1759 Τ
83 1720 293 1764 aduersus
311 1721 501 1778 gratiam
521 1721 965 1779 magnificofimbrias
984 1724 1064 1764 aut
1083 1720 1244 1763 faleras
1260 1720 1391 1777 erigo,
1408 1719 1533 1775 quasi
1550 1723 1579 1761 b

83 1789 181 1846 ipsa
199 1789 366 1846 aliquid
394 1790 495 1833 boni
524 1791 687 1833 habeat
713 1790 829 1847 quod
858 1805 946 1833 non
970 1790 1209 1847 acceperit;
1238 1803 1337 1832 cum
1365 1791 1535 1831 certum

3 1851 19 1911 ¹*
84 1858 145 1901 sit
163 1858 267 1914 quia
285 1858 380 1901 sine
399 1873 451 1901 ea
469 1859 605 1902 nichil
619 1873 849 1915 possumus
864 1858 1019 1901 facere.
1059 1858 1243 1915 Agnitio
1263 1857 1404 1914 igitur
1421 1856 1535 1898 ueri-

0 1946 70 1985 „²5
85 1926 194 1969 tatis
218 1926 448 1983 cultusque
477 1927 659 1969 uirtutis
688 1926 864 1983 publica
892 1926 1166 1983 singulorum
1197 1928 1242 1968 et
1267 1925 1463 1967 omnium
1491 1927 1537 1967 et

0 2043 2 2050 Ι
85 1994 314 2036 rationalis
332 1997 516 2037 naturae
535 1994 797 2037 uniuersalis
816 1994 1094 2036 incolumitas
1114 1996 1192 2036 est.
1253 1991 1535 2036 Contrarium

85 2076 192 2105 uero
227 2062 320 2106 eius
358 2063 609 2120 ignorantia
642 2065 688 2106 et
721 2062 896 2105 odibilis
928 2065 972 2105 et
1003 2061 1181 2104 inimica
1214 2075 1408 2117 propago
1442 2060 1536 2102 eius

15 2147 17 2149 ¹
86 2129 248 2174 uitium
279 2133 358 2174 est.
427 2130 487 2173 Et
517 2132 633 2173 recte
664 2130 840 2186 quidem
870 2129 1121 2187 ignorantia
1154 2132 1296 2171 mater
1325 2128 1427 2170 uitii
1459 2131 1536 2178 est,

7 2222 10 2228 π
89 2199 194 2255 quia
211 2213 452 2255 numquam
481 2199 589 2241 adeo
612 2199 775 2241 sterilis
801 2201 878 2250 est,
897 2202 950 2240 ut
978 2213 1067 2241 non
1087 2197 1315 2240 odibilium
1341 2196 1536 2240 fructum

31 2286 75 2322 30
89 2267 235 2324 pariat
257 2267 490 2311 infelicem.
549 2267 704 2324 Inquit
729 2267 920 2310 ethicus:
950 2266 1017 2309 Tu

779 2351 902 2394 nullo
930 2352 1061 2393 thure
1090 2350 1252 2403 litabis,

290 2410 442 2453 hereat
470 2409 518 2452 in
546 2408 695 2452 stultis
723 2409 870 2452 breuis
898 2411 951 2451 ut
979 2408 1201 2451 semuncia
1227 2407 1348 2452 recti.

94 2535 113 2565 1
140 2537 314 2564 exercens
329 2526 371 2562 M

143 2642 198 2685 16,
212 2649 252 2685 17
277 2642 481 2676 inuisibilia
498 2641 589 2676 Dei:
613 2651 646 2674 v.
662 2637 769 2673 Rom.
786 2636 812 2674 i.
829 2647 885 2673 20.
973 2647 1020 2673 20
1044 2638 1144 2682 Quod
1158 2637 1255 2672 enim
1271 2637 1365 2673 etc.:
1390 2635 1495 2672 Rom.
1512 2635 1536 2673 i.

97 2695 152 2730 17.
300 2698 341 2723 21
361 2689 555 2723 reuelauit:
580 2685 690 2731 Vulg.
708 2686 966 2729 manifestantia
1115 2694 1159 2720 22
1184 2686 1372 2729 maymfico
1388 2685 1480 2719 etc.:
1504 2695 1538 2719 v.

95 2732 207 2769 Matt.
223 2733 327 2770 xxiii.
346 2742 378 2780 5.
519 2734 623 2779 quam·
640 2735 734 2769 etc.:
765 2742 779 2768 1
801 2732 885 2767 Cor.
902 2731 948 2766 iv.
966 2740 998 2774 7.
1163 2740 1208 2775 24
1231 2732 1310 2766 sine
1325 2742 1366 2766 ea
1384 2732 1475 2766 eta:
1501 2742 1537 2767 v.

97 2779 227 2817 Ioann.
243 2792 301 2817 xv.
320 2789 352 2827 5.
491 2790 533 2826 31
560 2781 659 2816 nullo
675 2780 747 2816 etc.
765 2791 774 2815 ε
799 2778 900 2815 Pers.
915 2779 989 2815 Sat.
1005 2789 1038 2814 v.
1058 2786 1136 2820 120,
1156 2787 1232 2814 121.

1372 2848 1434 2885 173
