1878 3172
32 0 52 198 ξ
108 134 209 169 cu.
222 121 324 183 κη]
626 121 1062 168 POLICRATICVS
1573 125 1647 175 581
1665 123 1695 164 d

28 199 47 303 ἕ
108 244 349 301 proiciatur
376 243 496 287 foras
525 245 571 286 et
598 242 877 287 conculcetur
905 243 963 285 ab
991 242 1254 293 hominibus,
1274 245 1429 300 utpote
1458 243 1563 286 uilis

28 312 37 330 ¹
108 313 295 356 abiectio
333 327 444 370 quae
487 326 566 355 nec
614 312 671 354 ad
720 312 1077 355 stercorationem
1117 326 1323 369 agrorum
1371 312 1565 369 prodest.

28 375 38 416 ἕ
91 381 186 425 .Sol
215 395 387 438 quoque
414 381 564 424 orbem
593 380 788 423 illustrat
816 380 1000 437 plenius,
1028 380 1133 437 quia
1163 381 1210 422 in
1241 380 1452 423 eminenti
1484 383 1564 424 est.

24 470 38 505 ς,
109 449 228 503 Quid
265 450 436 494 multa?
508 449 653 506 Opera
691 449 966 506 singulorum
997 449 1298 492 testimonium
1329 450 1564 507 perhibent

23 511 38 578 ἐ
71 531 92 565 5
108 518 164 561 de
202 518 275 562 eis.
345 518 419 562 Sic
458 518 635 561 Samuel
674 533 855 575 operum
894 518 1147 561 testimonio
1185 518 1450 562 iustificatus
1484 523 1561 562 est.

20 575 38 655 ἐξ
109 587 208 638 Sed,
227 602 283 631 ne
313 587 539 630 uideretur
569 587 757 645 populus
789 587 830 630 ei
861 587 1052 630 blandiri
1083 590 1130 630 et
1160 587 1286 644 quasi
1318 602 1374 630 ex
1403 588 1561 630 timore
1577 589 1655 638 582
1675 599 1705 627 a

20 659 35 719 ἒξ
108 655 180 699 uel
195 655 371 699 fallacia
385 655 522 699 falsae
537 656 811 699 innocentiae
827 659 872 699 et
886 656 1031 698 inanis
1050 655 1246 699 iustitiae
1261 657 1563 699 testimonium

18 729 34 780 ἷ
107 725 348 782 perhibere,
380 725 591 782 populum
630 725 840 782 religione
878 725 1115 767 iuramenti
1154 724 1211 767 ad
1249 725 1565 782 professionem

15 791 33 865 ’ἐ
109 792 204 836 ueri
224 793 459 836 artandum
479 793 650 836 censuit
664 793 812 837 dicens
829 809 837 835 :
867 793 1010 836 Testis
1030 796 1097 836 est
1116 793 1333 836 Dominus
1353 793 1565 836 aduersus

14 865 33 895 ἢ
51 876 93 900 ιο
110 875 189 905 uos
215 865 261 905 et
286 862 412 905 testis
432 861 637 906 Christus
664 862 758 905 eius
783 862 831 904 in
855 862 926 905 die
953 861 1035 904 hac
1062 862 1167 918 quia
1192 876 1281 904 non
1305 862 1565 905 inueneritis

12 925 34 956 9
108 930 157 972 in
187 945 322 973 manu
359 945 458 973 mea
488 931 725 987 quippiam.
804 931 863 973 Et
901 928 1018 973 dixit
1050 930 1264 987 populus:
1306 931 1474 983 Testis;
1513 946 1564 974 ac

10 987 35 1045 Ῠ
108 999 147 1042 si
185 999 317 1042 fidem
350 999 445 1042 Deo
475 1002 520 1042 et
548 999 642 1056 regi
671 1014 750 1042 suo
779 999 974 1042 debitam
1003 997 1231 1056 religiosae
1261 999 1565 1043 affirmationis

11 1051 32 1128 ς
109 1068 303 1111 obsidem
333 1067 511 1111 faciant.
571 1066 699 1121 Quod
729 1072 877 1111 autem
908 1068 1179 1111 esculentum
1208 1071 1254 1110 et
1282 1068 1565 1125 poculentum

26 1164 29 1165 ν
109 1136 336 1193 acceperit,
374 1136 428 1179 de
476 1136 695 1193 scriptura
742 1140 909 1179 certum
958 1150 1047 1178 non
1095 1134 1247 1180 habe0.
1324 1135 1398 1179 Sic
1447 1137 1564 1178 enim

0 1260 2 1267 y
30 1211 93 1253 '15
109 1205 321 1261 scriptum
360 1207 457 1247 est:
505 1205 738 1248 Iudicabat
776 1219 948 1262 quoque
996 1205 1174 1248 Samuel
1218 1204 1358 1247 Israel
1395 1205 1565 1248 cunctis

109 1273 264 1316 diebus
294 1273 414 1316 uitae
445 1287 560 1323 suae,
591 1276 636 1316 et
669 1274 764 1316 ibat
794 1288 873 1330 per
906 1273 1101 1331 singulos
1135 1271 1273 1316 annos
1305 1273 1565 1316 circumiens

2 1324 27 1393 }
109 1342 267 1385 Bethel
298 1345 344 1385 et
378 1342 563 1399 Galgala
596 1345 642 1385 et
680 1341 899 1399 Masphat,
930 1345 976 1384 et
1005 1342 1230 1384 iudicabat
1269 1342 1476 1384 Israelem
1515 1342 1564 1384 in

0 1394 27 1483 ²}
109 1410 373 1468 supradictis
405 1410 522 1462 locis,
551 1411 942 1467 reuertebaturque
976 1411 1023 1452 in
1056 1411 1286 1453 Ramatha.
1345 1410 1416 1453 Ibi
1446 1411 1563 1453 enim

110 1480 207 1522 erat
225 1479 380 1522 domus
399 1480 493 1522 eius
513 1483 558 1523 et
576 1480 638 1522 ibi
659 1480 882 1523 iudicabat
902 1479 1051 1522 Israel.
1103 1479 1221 1532 Quid
1243 1479 1366 1521 aliud
1384 1479 1564 1521 uidetur
1581 1483 1609 1521 b

2 1549 22 1604 1
51 1559 96 1584 ²0
110 1562 266 1591 sonare
299 1548 460 1599 littera,
490 1549 576 1591 nisi
611 1549 728 1605 quod
766 1548 1038 1606 prouinciam
1077 1562 1133 1591 ex
1173 1547 1313 1591 officio
1351 1548 1565 1591 circuibat

6 1608 30 1637 '¹
110 1617 169 1660 ad
208 1617 500 1674 expletionem
542 1618 694 1661 iudicii
743 1621 788 1660 et
836 1617 1143 1660 reuertebatur
1187 1617 1365 1660 domum
1410 1620 1462 1659 ut
1510 1616 1564 1658 de

109 1686 286 1743 proprio
305 1685 578 1729 satisfaceret
597 1686 877 1730 necessitati?
934 1685 1170 1728 Edificauit
1190 1686 1323 1728 etiam
1343 1686 1405 1727 ibi
1426 1685 1566 1728 altare

109 1753 311 1798 Domino.
382 1754 516 1798 Recte
555 1755 743 1811 quidem,
783 1770 834 1798 eo
873 1754 990 1811 quod
1032 1754 1134 1811 iuge
1174 1754 1434 1797 sacrificium
1473 1769 1566 1796 esse

3 1853 10 1882 ·.
109 1824 310 1879 oporteat
343 1822 391 1865 in
421 1823 550 1866 domo
580 1823 737 1866 iudicis
772 1838 884 1880 quae
917 1823 1040 1866 cultu
1074 1823 1271 1865 iustitiae
1311 1826 1356 1865 et
1394 1837 1566 1865 morum

18 1910 22 1917 ·
52 1899 95 1934 ²5
110 1890 340 1934 honestate
375 1893 420 1934 et
435 1882 438 1885 ⁴
451 1891 546 1935 luce
577 1892 790 1935 bonorum
819 1907 999 1949 operum
1030 1892 1218 1948 seipsam
1247 1892 1427 1934 exhibet
1455 1895 1565 1934 tem-

12 1950 27 2006 f.
110 1959 234 2016 plum
263 1958 370 2011 Dei;
408 1960 485 2002 ubi
515 1960 670 2003 amodo
699 1975 789 2003 non
831 1961 1086 2003 immolatur
1124 1961 1304 2017 sanguis
1343 1961 1566 2003 hircorum

21 2051 23 2055 ·
110 2031 157 2071 et
194 2028 436 2071 uitulorum
474 2044 555 2073 nec
585 2030 695 2073 cinis
728 2030 897 2072 uitulae
936 2030 1189 2086 inquinatos
1223 2030 1469 2073 sanctificat
1508 2030 1566 2072 ad

110 2097 464 2140 emundationem
510 2099 664 2149 carnis,
708 2099 784 2142 sed
826 2113 906 2156 per
945 2099 1197 2155 pontificem
1236 2113 1447 2155 magnum
1488 2100 1564 2154 qui

111 2199 134 2243 9
151 2194 234 2234 posi
249 2188 331 2225 ueri
347 2191 431 2226 add.
448 2191 578 2226 tamen
595 2189 636 2226 M
739 2175 745 2181 ⁶
811 2191 856 2227 16
879 2189 1064 2226 circuiens
1079 2189 1180 2225 ASM
1353 2199 1395 2234 17
1420 2189 1523 2227 betel
1539 2189 1564 2226 S

110 2235 286 2272 lsraelem
300 2235 357 2272 A:
383 2236 583 2273 israhelem
602 2236 626 2273 S
766 2239 814 2274 26
837 2237 1037 2283 hyrcorum
1055 2236 1127 2272 ΒΜ

22 2326 24 2328 ’
111 2317 159 2354 cf.
183 2317 354 2354 Sabatier
376 2318 471 2353 Bibl.
494 2319 594 2354 Saor.
618 2319 700 2354 Lat.
724 2319 824 2354 Vm.
847 2319 971 2364 Antiq.
996 2316 1051 2352 iii.
1076 2327 1134 2361 22,
1160 2327 1227 2362 233
1251 2315 1507 2352 Wordsworth
1530 2318 1564 2352 &

109 2364 242 2401 white
257 2366 342 2400 Nou.
364 2366 452 2400 Test.
469 2366 551 2400 Lat.
568 2364 592 2400 i.
613 2373 669 2411 55.
841 2377 858 2399 2
885 2366 1054 2400 abiectio:
1081 2375 1150 2411 pro
1166 2375 1206 2399 re
1220 2364 1356 2399 abiecta
1377 2365 1420 2399 ut
1442 2363 1483 2398 in
1505 2363 1563 2399 Ps.

110 2410 187 2446 xxi.
209 2420 230 2455 7
255 2423 315 2456 eqo
337 2423 418 2447 aum
436 2413 665 2456 opprobrium
688 2413 875 2448 hominum
891 2417 923 2447 et
938 2412 1083 2447 abiectio
1100 2412 1227 2456 plebis.
1399 2421 1422 2454 4
1449 2412 1565 2456 Opera

109 2460 334 2503 sinqulorum
357 2460 596 2494 testimonium
614 2461 805 2504 perhibent
827 2461 870 2494 de
894 2460 964 2494 eis:
992 2457 1091 2494 sicut
1108 2458 1154 2494 de
1175 2455 1322 2492 Christo
1340 2468 1456 2503 opera
1472 2469 1564 2500 sua;

110 2516 142 2540 v.
170 2504 302 2541 Ioann.
326 2517 359 2540 v.
389 2506 446 2550 36,
473 2517 510 2540 x.
539 2514 595 2551 25.
805 2514 822 2551 5
848 2507 1063 2550 iustificaius
1087 2509 1157 2540 est:
1188 2506 1232 2539 ut
1256 2503 1397 2540 dicitur
1420 2504 1494 2540 Iac.
1523 2504 1563 2541 ii.

111 2561 153 2587 21
159 2562 268 2635 ἕξεις.
294 2551 340 2605 de
366 2551 555 2588 Abraham
585 2553 626 2588 et
650 2551 792 2588 Rahab.
870 2601 878 2608 ·
920 2600 940 2634 b
969 2563 991 2597 9
1002 2553 1148 2634 SZ'estisl
1172 2557 1221 2586 est
1253 2552 1562 2634 Dofflnysdetgb:

110 2607 250 2681 lmag:
275 2607 406 2691 {uste}
423 2644 486 2680 vii.
506 2654 559 2692 15,
581 2654 635 2690 17.
652 2601 1002 2691 15-129213331‘10022
1017 2611 1155 2682 εῒὲἶιὲει
1170 2609 1348 2690 Ὲὲἔθνίί.
1370 2610 1422 2688 117ιῖ
1450 2610 1503 2633 wa
1517 2603 1566 2680 26t

108 2693 565 2784 gafflifigtgsfflzetca
589 2704 623 2729 v.
639 2692 734 2729 Heb.
747 2692 797 2729 ix.
818 2703 942 2738 12-14.
1101 2693 1145 2728 28
1165 2694 1372 2737 pontificem
1393 2702 1563 2736 maqmcm

1389 2809 1453 2844 357
