1820 3138
819 131 1271 177 PROLEGOMENA

369 252 498 305 Quod
517 252 740 309 prouerbii
760 253 854 297 loco
872 253 941 297 bis
967 253 1014 295 in
1039 253 1220 311 prologo
1246 253 1303 296 ad
1324 253 1491 298 Polior.
1513 254 1576 297 vii
1596 254 1770 307 dicitur,

311 321 429 364 ‘mihi
457 325 496 364 et
522 321 682 373 Musis,
702 325 854 365 utrum
878 337 934 365 ex
959 322 1055 379 ipso
1082 322 1305 366 Ciceronis
1324 324 1470 367 Bruto
1500 338 1558 366 an
1585 338 1642 367 ex
1661 324 1769 367 Hie-

310 390 486 447 ronymi
499 391 668 446 Epistd
684 394 910 448 sumptum
926 392 995 444 sit,
1011 392 1228 435 incertum
1248 395 1327 434 est.
1386 392 1586 449 Apparet
1606 407 1706 435 eum
1725 396 1771 436 et

312 459 590 503 Orationwm
610 462 655 503 et
675 461 990 516 Epi-stolarum
1008 461 1211 518 ignarum
1232 460 1379 504 fuisse.
1437 461 1566 514 Quod
1592 476 1648 504 ex
1674 476 1770 504 ora-

306 529 432 576 ¹tione
439 543 529 585 pro
545 529 591 582 Q.
608 529 797 585 Liyario
809 529 855 571 in
871 529 1035 572 Polie-r.
1049 529 1140 572 viii.
1159 541 1181 585 7
1200 529 1320 579 citat,
1336 529 1455 586 apud
1469 530 1770 587 Augustinum

311 600 481 650 exstat;
511 599 775 641 sententiam
796 598 984 655 denique
1004 598 1058 641 de
1085 598 1140 640 iis
1162 598 1239 654 qui
1258 600 1413 641 contra
1437 598 1555 656 leges
1573 598 1770 656 gladium

311 667 534 724 accipiunt
563 667 746 724 ideoque
778 682 867 711 non
896 668 1060 710 milites
1089 667 1164 710 sed
1194 667 1339 710 sicarii
1369 671 1485 711 recte
1514 668 1770 711 nominandi

311 739 429 786 sunt,
453 751 582 792 quam
615 737 662 778 in
692 737 890 779 oratione
918 736 976 779 in
1008 735 1262 780 Catilinam
1289 737 1434 793 prima
1465 737 1663 780 inuenies
1691 739 1771 780 aut

311 818 368 848 ex
387 805 533 848 nescio
553 819 640 861 quo
659 805 747 848 alio
768 805 1022 849 Ciceronem
1038 805 1248 848 laudante
1267 807 1347 848 aut
1366 805 1553 849 fortasse
1573 820 1630 848 ex
1649 805 1770 849 Cice·

311 874 431 917 ronis
470 875 609 931 ipsius
648 875 701 917 cle
731 874 978 930 Republica
1017 874 1142 917 libris
1176 873 1363 918 Ioannes
1401 888 1572 918 sumere
1609 875 1768 931 potuit.

311 943 430 986 Nam
453 943 640 986 istorum
669 943 882 986 librorum
912 943 1137 1000 exemplar
1166 958 1221 986 ex
1250 946 1377 1001 parte
1405 943 1643 1001 perfectius
1669 958 1769 986 eum

311 1011 475 1054 uidisse
503 1027 635 1068 quam
661 1012 778 1068 quod
807 1012 855 1055 in
880 1012 1025 1055 codice
1045 1013 1260 1055 Vaticano
1279 1013 1563 1070 palimpsesto
1589 1026 1628 1055 a.
1659 1013 1769 1056 1822

311 1082 486 1124 inuenit
505 1082 702 1138 Angelus
723 1082 878 1132 Maius,
903 1096 959 1124 ex
983 1080 1250 1125 Policratici
1269 1082 1487 1139 plerisque
1507 1082 1612 1125 locis
1641 1081 1770 1124 ualde

311 1151 508 1207 suspicor
522 1164 531 1203 ;
577 1150 679 1193 uide
706 1150 801 1193 Ind.
831 1150 961 1193 Auct.
992 1153 1038 1193 et
1065 1165 1218 1195 comm.
1245 1151 1302 1193 ad
1331 1151 1394 1193 iii.
1428 1164 1492 1207 13,
1515 1151 1590 1193 vii.
1622 1165 1660 1207 9,
1691 1152 1769 1203 16;

311 1219 366 1262 cf.
398 1220 567 1262 Maium
597 1220 644 1261 in
675 1219 738 1262 ed.
761 1219 883 1262 Rom.
915 1221 1024 1272 1846
1055 1234 1127 1276 pp.
1149 1219 1226 1261 xii.
1262 1233 1341 1275 193
1369 1234 1411 1261 n.
1431 1233 1448 1271 3>
1484 1222 1529 1262 et
1558 1220 1612 1262 de
1639 1219 1770 1262 Petro

312 1288 591 1339 Pictauiensi,
634 1288 677 1331 S.
719 1287 838 1330 Petri
878 1288 1154 1331 Venerabilis
1194 1288 1419 1345 discipulo,
1453 1288 1541 1332 Cic.
1572 1289 1626 1331 de
1658 1288 1768 1344 Rep.

315 1358 373 1411 (v.
399 1369 421 1412 7
445 1359 467 1414 ξ
490 1360 532 1413 9)
555 1357 603 1399 111
623 1357 806 1414 epistola
820 1357 882 1400 ad
902 1357 1282 1400 calumniatorem
1300 1357 1436 1412 (Max.
1450 1357 1564 1400 Bibl.
1586 1357 1769 1400 Patrum

312 1426 448 1484 Lugd.
477 1429 583 1480 1677
606 1441 679 1469 xx.
696 1426 795 1482 824)
813 1427 978 1469 citante
995 1440 1035 1468 v.
1053 1426 1287 1468 Barthium
1309 1426 1356 1468 in
1372 1427 1562 1470 Aduers.
1575 1426 1712 1470 xxxii.
1730 1438 1767 1481 5.
1786 1483 1793 1488 ι

313 1495 539 1548 Quaedam
556 1496 643 1538 alia
658 1510 769 1552 quae
782 1496 838 1538 ad
851 1495 1023 1538 eosdem
1039 1495 1173 1538 libros
1186 1495 1410 1552 pertinent
1425 1511 1479 1539 ex
1496 1496 1768 1552 Hieronymo
1814 1491 1820 1510 '⁵

313 1567 359 1606 et
380 1564 632 1621 Augustino
657 1564 767 1607 citat
790 1564 1000 1616 Ioannes3
1041 1567 1086 1607 et
1106 1564 1249 1606 locum
1275 1564 1330 1606 de
1357 1565 1526 1608 somnio
1552 1564 1767 1621 Scipionis

313 1647 368 1675 ex
389 1633 620 1675 Macrobio.
1814 1623 1820 1690 ξ

371 1701 620 1745 SALLvs'rn
647 1701 700 1744 de
720 1702 924 1745 Catilina
943 1704 989 1744 et
1008 1703 1061 1745 cle
1079 1702 1200 1746 Bello
1218 1693 1499 1758 Iuyurthlno
1518 1703 1644 1745 libris
1662 1717 1768 1746 usus

313 1772 392 1813 est.
464 1770 691 1813 Nonnulla
730 1784 787 1813 ex
827 1771 1032 1814 Catilina
1071 1774 1117 1814 et
1157 1771 1375 1815 Historiis
1413 1786 1441 1814 a
1478 1772 1674 1828 Vegetio,
1712 1786 1768 1815 ex
1813 1780 1820 1848 Ξ

313 1839 520 1882 Catilina
539 1840 596 1882 ab
616 1841 867 1897 Augustino
888 1843 932 1883 et
953 1841 1173 1883 Macrobio
1193 1840 1425 1897 desumpta
1443 1841 1608 1884 laudat.
1806 1828 1820 1904 Ξ

372 1909 590 1952 PVBLILII
613 1909 727 1952 SYRI
749 1909 895 1966 (quem
916 1922 1050 1966 quare
1070 1924 1158 1952 non
1178 1909 1310 1952 semel
1334 1910 1540 1953 Publium
1564 1909 1768 1954 Clodium

313 1978 551 2030 uocauerit‚
573 1979 790 2035 explicaui
817 1979 874 2021 ad
900 1979 1065 2022 Polwr.
1086 1979 1178 2021 viii.
1209 1980 1279 2035 15)
1299 1979 1539 2022 sententias
1559 1981 1770 2036 quattuor

313 2047 424 2090 citat
444 2061 555 2104 quae
574 2050 754 2091 exstant
783 2048 829 2090 in
850 2048 1176 2091 collectionibus
1196 2059 1304 2104 quas
1330 2047 1520 2092 Senecae
1539 2051 1585 2091 et
1604 2049 1767 2091 Frisiu-

314 2130 492 2173 gensem
516 2119 647 2159 uocat
666 2132 706 2159 v.
733 2117 774 2159 d.
796 2117 893 2159 Gul.
915 2117 1091 2173 Meyer3
1121 2131 1255 2160 unam
1271 2121 1497 2174 praeterea
1512 2131 1644 2174 quam
1659 2117 1769 2161 dant
1806 2147 1808 2151 -

316 2185 482 2228 Seneca
497 2189 635 2242 pater,
649 2186 963 2238 Quintilianus,
980 2187 1279 2243 Hieronymus
1295 2200 1304 2238 3
1334 2186 1521 2242 denique
1539 2186 1649 2229 alias
1661 2187 1768 2230 duo-

315 2254 455 2297 decim
476 2269 585 2311 quas
612 2270 669 2298 ex
689 2255 911 2298 Macrobio
931 2255 1199 2312 desumpsit3
1242 2256 1401 2311 quibus
1427 2256 1561 2298 etiam
1581 2269 1768 2299 uerswm
1804 2298 1806 2301 ,

314 2322 626 2366 Labeo-‘lanum
645 2339 672 2366 a
692 2324 857 2368 Seneca
878 2325 933 2368 de
952 2324 1037 2367 Ira
1057 2324 1286 2367 laudatum
1306 2324 1549 2367 subiunxit.
1803 2359 1820 2383 :.

374 2392 596 2435 VERGILII
646 2393 857 2437 Bucolica
908 2394 1117 2449 Georyica
1168 2394 1374 2437 Aeneida
1429 2393 1593 2450 passim
1647 2394 1766 2437 citat.
1801 2436 1807 2447 ,

316 2459 462 2502 Seruii
502 2463 547 2503 et
587 2462 800 2504 Bernardi
840 2462 1069 2506 Siluestris
1107 2461 1430 2506 commentariis
1461 2475 1568 2504 usus
1611 2465 1679 2505 est
1722 2465 1787 2505 et

323 2528 428 2572 Vita
464 2529 655 2585 Verqilz‘z'
685 2545 796 2586 quac
823 2532 906 2574 sub
935 2531 1099 2574 Donati
1129 2531 1305 2573 1101111116
1328 2530 1648 2575 circumfertur.
1800 2534 1820 2595 ’,ξ

375 2597 583 2640 ΗΟΒΑΤΙΙ
605 2599 828 2653 Epistolas
849 2604 894 2642 et
913 2601 1092 2644 Satira&
1115 2600 1276 2656 passim
1296 2600 1431 2651 citat;
1461 2615 1517 2642 ex
1537 2600 1765 2643 Garmini·
1800 2595 1820 2658 Ξ

317 2666 398 2710 bus
420 2669 569 2709 tamen
597 2667 709 2709 nihil
739 2669 912 2711 nouisse
931 2669 1110 2712 uidetur
1137 2671 1311 2725 praeter
1338 2682 1499 2725 paucas
1527 2670 1768 2712 sententias

307 2735 568 2778 notissimas
607 2750 718 2791 quae
757 2740 1023 2792 sequuntur:
1073 2736 1228 2781 ataui-5
1269 2737 1382 2780 edite
1418 2737 1605 2793 reqibus,
1643 2737 1768 2781 είοσίε
1790 2663 1820 2865 ξ

317 2804 476 2848 omnia
495 2804 617 2848 dura
636 2804 744 2848 deus
757 2807 1007 2862 proposuit,
1027 2819 1220 2850 asem-eam
1238 2806 1598 2858 νωάὼονᾶαΐεπι,
1614 2810 1768 2851 curm
1790 2805 1820 2878 ᾗ

432 2887 528 2915 xxx
