1878 3172
202 87 286 136 586
304 86 334 127 d

679 84 938 128 10ANN1s
978 84 1489 155 SARESBERIENSIS
1657 86 1767 144 [m.
1782 97 1812 130 v
1846 59 1849 70 ‘

468 204 700 249 Fictilibus
729 219 906 248 cenasse
936 203 1089 247 ferunt
1117 204 1360 248 Anatoclea
1389 220 1549 264 regem,

525 267 659 319 atque
688 264 874 306 abacum
905 262 1055 306 Samio
1084 278 1213 320 saepe
1241 278 1444 307 onerasse
1474 265 1583 307 luto.

469 321 710 374 Quaerenti
740 335 917 364 causam
946 321 1199 378 respondit:
1239 322 1336 364 Rex
1365 336 1446 380 ego
1475 337 1576 366 cum
1605 322 1689 365 sim

525 379 713 429 Siciliae,
741 379 879 436 figulo
908 393 1007 421 sum
1036 379 1236 435 genitore
1265 382 1402 424 satuS.

468 437 712 480 Fortunam
741 440 996 479 reuerenter
1024 437 1138 479 habe
1168 437 1432 494 quicumque
1462 441 1644 495 repente

526 495 651 539 diues
679 495 737 537 ab
767 495 873 538 exili
903 495 1183 552 progrediere
1213 495 1354 538 domo.

208 572 286 621 587
306 583 336 611 a
353 570 440 612 Res
474 569 625 626 itaque
659 583 748 612 non
780 572 886 612 sunt
922 569 969 611 in
1004 569 1117 612 uitio
1152 570 1229 612 sed
1262 584 1381 613 usus.
1442 570 1501 613 Et
1530 573 1598 613 est
1626 570 1817 627 philoso-
1866 585 1878 630 Ἰς

351 639 532 696 phantis
548 639 686 681 animi
703 638 877 681 fructus
892 638 1054 681 nobilis
1073 653 1286 696 generosa
1301 639 1622 696 aequanimitas
1637 639 1815 692 mentis;

307 1338 336 1375 b

350 723 467 758 nam,
487 708 524 750 si
545 723 602 750 ex
621 710 801 764 stupore
825 710 892 750 est
918 711 971 750 ut
996 708 1319 764 aequanimiter
1338 708 1486 751 omnia
1511 711 1671 766 portet,
1693 723 1817 752 mens

350 793 457 834 egra
477 777 533 820 ab
557 777 876 820 incolumitatis
895 777 1066 820 uirtute
1090 777 1342 834 degenerat.
1401 777 1516 821 Cum
1542 792 1648 821 uero
1673 777 1816 835 philo-

350 846 568 903 sophandi
588 846 680 889 sint
699 846 867 889 multae
887 846 1082 898 semitae,
1094 846 1172 889 illa
1187 861 1293 904 prae
1308 847 1465 891 ceteris
1484 846 1619 891 michi
1638 847 1818 890 uidetur

352 931 445 959 esse
466 916 657 959 nobilior
677 919 723 958 et
743 916 1009 958 laudabilior
1418 920 1421 922 “

442 989 444 991 ’
469 1005 581 1046 quae
611 990 673 1033 sic
702 990 892 1046 prandet
920 990 1016 1033 olus
1045 991 1278 1047 patienter,
1308 990 1439 1034 rebus
1467 993 1521 1034 ut
1549 990 1619 1034 uti

469 1048 658 1100 nouerit,
689 1051 734 1090 et
764 1063 911 1091 rerum
943 1063 1055 1105 quae
1085 1049 1147 1092 sic
1176 1052 1383 1092 uersatur
1411 1049 1460 1092 in
1488 1063 1584 1102 usu,

352 1126 406 1166 ut
435 1123 532 1166 olus
565 1126 612 1166 et
646 1123 870 1179 quaelibet
904 1126 1128 1166 extremae
1161 1124 1440 1181 paupertatis
1475 1124 1634 1167 exenia
1662 1123 1817 1167 edocta

352 1192 412 1235 sit
442 1206 531 1234 non
559 1191 775 1235 fastidire.
834 1189 1023 1235 Fructus
1052 1192 1269 1249 siquidem
1298 1192 1600 1250 philosophiae
1629 1192 1818 1235 eximius

1864 755 1878 783 ἑ

1837 787 1878 916 “i

1868 918 1878 963 ἓ

1837 1140 1876 1177 15

353 1264 422 1304 est
461 1263 515 1303 ut
548 1260 726 1304 nouerit
758 1261 856 1317 quis
891 1261 1117 1303 abundare
1152 1264 1198 1304 et
1234 1262 1466 1318 penuriam
1504 1261 1612 1318 pati,
1642 1264 1695 1304 ut
1728 1261 1842 1304 leto·

354 1331 502 1373 animo
521 1330 843 1387 aequanimiter
857 1330 1005 1373 omnia
1024 1333 1183 1387 portet,
1195 1334 1248 1373 ut
1267 1331 1437 1374 obiecto
1455 1331 1620 1373 solidae
1634 1330 1818 1373 uirtutis

354 1399 476 1442 obice
503 1414 677 1442 omnem
712 1399 940 1442 fortunam
970 1403 1181 1443 exarmet.
1250 1399 1453 1443 Profecto
1482 1399 1680 1456 quisquis
1709 1399 1817 1443 haec

354 1472 580 1512 assecutus
600 1472 668 1511 est
688 1484 777 1511 non
797 1472 947 1525 sperat
967 1472 1047 1512 aut
1067 1469 1316 1512 extimescit
1331 1483 1342 1521 ;
1376 1472 1422 1512 et
1448 1470 1496 1511 in
1524 1483 1625 1512 eum
1645 1483 1817 1526 semper

354 1538 537 1581 fortuna
566 1538 789 1594 quaelibet
818 1552 974 1581 manca
1003 1538 1107 1582 ruit.
1166 1538 1296 1590 Quid,
1319 1538 1467 1595 inquit
1493 1538 1691 1581 curiosus
1718 1538 1816 1595 phi·
1876 1560 1878 1563 ·

355 1607 580 1663 losophiae
628 1610 939 1663 perscrutator,
987 1607 1072 1649 tibi
1121 1607 1400 1664 philosophia
1454 1607 1682 1651 contulit?
1758 1606 1818 1650 Et

355 1675 634 1732 Aristippus:
675 1675 738 1717 Vt
777 1690 877 1718 cum
916 1676 1133 1728 omnibus,
1173 1676 1249 1726 ait,
1295 1675 1549 1719 hominibus
1597 1675 1818 1733 intrepide

355 1744 594 1787 fabularer.
654 1744 831 1800 Vtique,
870 1745 908 1788 si
949 1745 1128 1788 honoris
1171 1747 1285 1788 esset
1323 1747 1403 1788 aut
1446 1745 1657 1802 pecuniae
1695 1745 1817 1788 reiue

357 1848 373 1874 1
402 1837 601 1874 anotoclea
617 1837 647 1872 B
741 1883 748 1891 ι
839 1846 860 1871 2
885 1838 935 1872 ad
949 1836 1110 1872 abacum
1125 1841 1249 1872 notam
1265 1837 1367 1872 habet
1381 1836 1446 1890 uel
1461 1847 1623 1884 agapem
1646 1835 1678 1871 B
1703 1847 1817 1890 many:

355 1886 428 1967 {⁹1⁸
453 1883 914 1977 Phy¹⁰sssspsst¹3lss⁸sffihiae
931 1894 1026 1985 ψη
1049 1894 1088 1921 ¹¹
1115 1895 1142 1930 p
1143 1883 1590 1985 lssl‘iffssfflfflssffh'
1590 1882 1817 1975 1οΒοΡἓῖῗὲ

354 1978 573 2025 philosophi
589 1978 703 2015 BAS:
730 1978 959 2025 phylosophi
978 1978 1018 2013 M
1159 1988 1204 2014 22
1228 1978 1480 2025 phylosophia
1496 1977 1537 2014 Μ

405 2071 420 2098 1
449 2062 642 2096 Fictilibus
658 2061 751 2097 etc.:
779 2059 917 2095 Auson.
935 2060 1061 2105 Epiyr.
1078 2058 1108 2094 ii
1126 2058 1199 2105 (ed.
1217 2059 1353 2105 Peiper
1367 2071 1404 2105 p.
1422 2057 1518 2105 311).
1628 2057 1818 2094 Fictilibus

354 2120 495 2144 cenasse
501 2109 632 2154 ferunt
648 2109 846 2143 Anatoclea
861 2119 869 2143 :
896 2108 1014 2142 Fama
1030 2107 1267 2151 eet—fictilibus
1281 2118 1420 2142 cenasse
1435 2106 1659 2151 Ayathoczea‚
1677 2104 1815 2142 Auson.

355 2166 377 2190 2
403 2157 477 2191 luto
493 2168 501 2190 :
526 2155 600 2191 Hic
615 2154 817 2191 versiculos
833 2153 926 2189 duos
943 2153 1198 2199 praetermisit
1216 2153 1387 2190 Ioannes.
1581 2162 1603 2198 3
1628 2164 1708 2188 cum
1722 2155 1814 2189 sim:

354 2204 418 2249 qui
445 2215 524 2238 sum
550 2203 689 2239 Auson.
830 2211 853 2245 4
878 2202 1049 2237 Siciliae:
1075 2202 1243 2236 Sicaniae
1266 2200 1405 2236 Auson.
1544 2200 1568 2236 6
1591 2201 1718 2236 domo:
1744 2201 1817 2236 loco

354 2249 496 2286 Auson.
682 2259 705 2294 9
728 2250 762 2284 si
778 2260 822 2283 ea·
836 2253 978 2293 stupore
994 2253 1043 2283 est
1059 2249 1154 2284 etc.:
1180 2247 1228 2284 cf.
1244 2247 1468 2284 Tertullian.
1486 2248 1529 2282 de
1544 2248 1727 2282 Patientia
1743 2258 1775 2282 c.
1794 2256 1816 2283 2

356 2296 506 2343 (Migne
522 2298 563 2332 P.
580 2298 624 2333 L.
641 2296 667 2332 i.
689 2296 793 2341 1251)
811 2297 987 2340 affectatio
1010 2297 1171 2330 humana
1195 2297 1348 2331 caninae
1368 2295 1659 2341 aequanimitatis
1674 2299 1818 2339 stupore

345 2345 523 2389 formata.
685 2354 725 2388 13
750 2354 841 2388 quae
863 2344 914 2377 sic
933 2344 1092 2387 prandet
1116 2344 1213 2379 etc.:
1249 2342 1338 2378 Hor.
1361 2343 1433 2387 Ep.
1457 2340 1482 2376 i.
1511 2349 1566 2384 17.
1594 2349 1728 2387 13—15:
1756 2342 1818 2377 ‘Si
1874 2354 1878 2356 ·

350 2393 550 2436 pranderet
565 2393 643 2427 olus
651 2392 842 2436 patienter,
861 2391 1002 2434 reqibus
1017 2391 1072 2424 uti
1094 2391 1213 2425 Nollet
1231 2390 1466 2434 Aristippus„
1481 2387 1493 2406 ‘
1503 2389 1546 2423 Si
1560 2390 1663 2424 sciret
1676 2389 1818 2433 regibus

354 2440 424 2480 uti,
440 2439 637 2473 Fastidiret
659 2439 738 2473 olus
760 2439 824 2483 qui
848 2449 900 2471 me
924 2436 1045 2472 notat:
1095 2436 1167 2472 Hic
1191 2436 1309 2473 habes
1333 2435 1446 2472 verba
1469 2433 1648 2482 Diogenis
1669 2434 1718 2470 ad
1739 2433 1817 2470 Ari-

356 2485 527 2531 stippum
552 2486 592 2521 et
614 2483 801 2530 Aristippi
826 2484 874 2519 ad
899 2482 1108 2529 Diogenem
1140 2495 1374 2529 responsum.
1433 2482 1505 2517 Pro
1537 2481 1598 2518 his
1622 2481 1814 2518 versiculis

357 2532 517 2567 Ioannes
534 2533 673 2575 noster,
689 2531 765 2576 qui,
783 2533 825 2566 ut
839 2530 1015 2576 suspicor,
1032 2529 1182 2566 Horatii
1199 2541 1346 2566 sensum
1361 2528 1520 2565 minime
1531 2528 1736 2571 intellexit,
1753 2539 1815 2565 eos

356 2578 551 2615 substituit
567 2590 661 2623 quos
678 2578 719 2613 in
735 2580 841 2614 textu
860 2578 999 2620 haben
1028 2577 1076 2614 cf.
1093 2589 1208 2623 supra
1224 2577 1279 2614 iii.
1295 2587 1319 2622 4
1338 2577 1420 2623 (482
1434 2577 1491 2621 Δ).
1637 2585 1679 2620 17
1704 2577 1815 2612 abun-
1873 2599 1876 2603 ι

356 2628 445 2661 dare
462 2631 494 2661 et
504 2628 701 2671 penuriam
711 2627 817 2671 pati:
844 2624 1011 2671 Philipp.
1028 2624 1076 2660 iv.
1098 2634 1151 2660 12.
1326 2634 1374 2660 20
1397 2625 1439 2659 in
1454 2634 1535 2659 eum
1550 2625 1622 2659 etc.
1637 2635 1646 2658 τ
1670 2634 1705 2660 v.
1724 2622 1814 2658 Hor.

356 2675 431 2708 Sat.
459 2672 499 2709 ii.
527 2681 558 2716 7.
590 2674 645 2708 88.
805 2682 846 2707 21
878 2673 982 2715 Quid,
1011 2673 1130 2718 inquit
1157 2673 1321 2708 curiosus
1346 2672 1445 2708 etc.:
1478 2682 1513 2708 v.
1535 2669 1648 2716 Apul.
1671 2671 1714 2706 de
1738 2671 1815 2706 Deo

356 2721 515 2756 Socratis
531 2719 628 2756 Prol.
650 2720 715 2757 106
734 2719 806 2766 (ed.
824 2717 996 2756 Hildebr.
1011 2718 1053 2756 ii.
1071 2731 1107 2765 p.
1129 2718 1222 2765 105).

467 2789 533 2833 366
