1878 3172
196 159 279 210 ⁵⁵6
300 167 326 199 0
667 155 928 200 IOANNIS
967 155 1478 201 SARESBERIENSIS
1643 156 1755 215 [Lm.
1770 167 1800 200 v
1861 157 1878 210 ζ’·

345 275 676 333 Quadrigarius,
695 275 1009 319 contendentes
1035 276 1090 319 de
1115 277 1292 320 nomine
1311 280 1358 321 et
1382 277 1523 335 officio
1551 277 1801 335 proditoris·
1867 254 1878 321 1³

296 350 327 390 d
343 346 416 388 An
450 345 697 388 Timocares
729 344 867 388 fuerit
899 345 1029 388 iuxta
1059 346 1286 389 Valerium
1320 349 1449 404 pater
1485 346 1606 390 illius
1643 346 1720 406 qui
1754 347 1803 389 111
1867 342 1878 387 2³

343 414 459 472 regis
497 413 703 457 conuiuio
740 414 897 470 pocula
938 415 1232 466 ministrabat,
1270 430 1330 458 an
1367 415 1606 459 secundm
1655 415 1802 469 Quad-
1868 407 1878 469 ,“

342 483 557 541 rigarium
597 482 749 525 Nicias
787 483 992 534 medicus,
1032 498 1121 527 non
1169 483 1361 527 multum
1409 499 1527 537 curo,
1566 484 1803 527 dummodo
1870 475 1878 526 ἶ

341 554 513 596 constet
546 551 745 595 0011811108
785 552 1083 596 Romanorum
1118 567 1168 596 eo
1202 553 1426 611 subegisse
1465 553 1651 604 Pirrum,
1686 552 1803 610 quod
1823 570 1878 605 5

341 621 573 679 perfidiam
612 621 793 664 fuerant
831 622 1065 678 aspernati.
1146 622 1390 679 Epistolam
1429 636 1535 666 uero
1574 621 1804 666 consulum

341 691 400 734 ad
448 690 623 733 Pirrum
662 691 775 733 hanc
824 690 961 734 fuisse
1002 691 1322 749 Quadrigarius
1369 691 1534 735 refert:
1593 690 1805 735 Consules

343 760 531 804 Romani
558 759 746 803 salutem
777 760 931 804 dicunt
961 760 1086 804 Pirro
1112 760 1219 818 regi.
1278 760 1372 804 Nos
1401 775 1482 818 pro
1510 760 1601 804 tuis
1630 760 1806 803 iniuriis

342 830 552 872 continuo
572 829 719 871 animo
739 829 945 872 commoti
965 829 1202 872 inimiciter
1220 832 1366 873 tecum
1386 829 1549 873 bellare
1565 829 1806 879 studemus,

343 899 419 942 sed
454 913 554 941 cum
589 898 753 941 muniis
788 898 978 955 exempli
1010 901 1056 941 et
1085 898 1200 941 fidei.
1260 898 1378 956 Ergo
1406 899 1553 942 uisum
1583 901 1651 942 est
1678 901 1731 942 ut
1759 901 1805 942 te
1825 913 1868 939 ιο

343 968 517 1010 saluum
537 967 737 1019 uelimus,
753 982 841 1024 quo
861 968 920 1010 sit
941 982 1071 1024 quem
1090 967 1226 1010 armis
1250 967 1467 1025 possimus
1486 968 1675 1011 uincere.
1734 967 1806 1010 Ad

344 1052 425 1080 nos
451 1037 577 1079 uenit
597 1036 749 1079 Nicias
769 1036 1003 1079 familiaris
1022 1040 1139 1087 tuus,
1159 1037 1236 1094 qui
1257 1036 1342 1080 sibi
1362 1052 1389 1080 a
1408 1037 1535 1080 nobis
1561 1036 1806 1094 praemium

344 1109 526 1164 peteret,
563 1105 601 1148 si
636 1108 682 1148 te
713 1105 827 1148 clam
861 1105 1164 1149 interfecisset.
1236 1105 1291 1148 Id
1323 1120 1404 1149 nos
1435 1120 1648 1163 negamus
1681 1105 1807 1156 uelle,
1876 1157 1878 1159 ,

202 1188 278 1229 557
298 1190 328 1219 a
344 1190 456 1218 neue
486 1175 542 1218 ob
582 1189 678 1217 eam
708 1189 801 1217 rem
831 1174 1066 1231 quicquam
1096 1174 1312 1217 commodi
1347 1177 1611 1232 expectaret,
1640 1174 1809 1218 denun-

345 1244 569 1288 tiauimus,
629 1244 772 1287 Simu]
800 1244 934 1286 etiam
958 1243 1105 1286 uisum
1135 1246 1203 1287 est
1233 1246 1285 1287 ut
1313 1247 1359 1287 te
1387 1244 1616 1287 certiorem
1645 1243 1807 1287 facere·
1828 1260 1878 1296 15Ἰ

345 1328 456 1364 111118,
476 1328 531 1356 110
552 1313 660 1370 quid
687 1312 912 1363 eiusmodi,
932 1312 970 1355 si
996 1313 1236 1366 accidisset,
1255 1316 1407 1356 nostro
1433 1313 1613 1356 consilio
1640 1312 1830 1363 factum,

346 1384 557 1439 putarent
577 1382 792 1432 ciuitates,
813 1381 1003 1424 sciturae
1027 1381 1145 1438 quod
1164 1381 1291 1425 nobis
1311 1397 1400 1425 non
1419 1382 1563 1439 placet
1583 1381 1810 1439 promissis

347 1454 426 1494 aut
465 1451 608 1507 pretio
647 1454 727 1493 aut
765 1451 877 1493 dolis
924 1465 1135 1508 pugnare.
1214 1451 1293 1502 Tu,
1332 1451 1418 1494 nisi
1457 1465 1597 1503 caues,
1636 1450 1809 1493 iacebis.

347 1520 466 1572 Quid
505 1519 694 1562 referam
743 1520 872 1576 quod,
911 1534 1012 1562 cum
1061 1519 1101 1562 ei
1149 1520 1275 1577 regni
1323 1519 1606 1563 medietatem
1656 1519 1808 1563 Pirrus

345 1589 590 1640 obtulisset,
617 1591 669 1631 ut
698 1603 849 1645 pacem
878 1588 1202 1631 conditionibus
1231 1589 1382 1645 aequis
1411 1590 1678 1640 admitteret,
1706 1604 1805 1633 0011-
1827 1605 1873 1632 20

346 1660 543 1714 temptus
558 1658 654 1700 est3
713 1657 801 1699 Sed
820 1671 900 1700 nec
915 1657 1041 1714 regni
1061 1657 1343 1700 medietatem
1363 1658 1593 1715 adquieuit
1612 1658 1808 1715 accipere

347 1729 400 1769 ut
439 1726 680 1769 amicitiam
728 1726 1008 1783 promitteret
1056 1727 1162 1784 regi.
1241 1725 1354 1770 Cum
1394 1741 1500 1770 uero
1539 1726 1699 1771 Cineas
1737 1727 1811 1770 uir

347 1795 765 1853 praestantissimus,
785 1795 861 1852 qui
887 1795 1072 1838 Romam
1091 1795 1251 1839 missus
1271 1795 1431 1848 fuerat,
1445 1811 1647 1840 reuersus
1674 1796 1811 1839 inter·
1873 1828 1875 1830 -

348 1867 581 1921 rogaretur
615 1864 758 1921 qualis
793 1864 934 1907 Roma
973 1867 1098 1915 esset,
1128 1865 1355 1922 respondit
1384 1880 1430 1908 80
1459 1880 1613 1923 regum
1647 1865 1811 1908 uidisse

348 1933 552 1990 patriam,
579 1948 628 1976 eo
656 1933 774 1990 quod
806 1933 899 1976 fere
926 1948 1076 1976 omnes
1106 1934 1217 1977 tales
1244 1937 1389 1977 essent
1415 1935 1505 1978 illic
1531 1935 1674 1992 qualis
1697 1937 1812 1978 esset
1831 1945 1873 1985 25

349 2002 468 2045 solus
511 2002 663 2045 Pirrus
697 2002 745 2045 in
777 2002 910 2059 Epiro
945 2003 1017 2045 uel
1051 2003 1222 2059 reliqua
1263 2003 1431 2047 Grecia.
1501 2003 1671 2046 Audita
1705 2017 1810 2061 ergo

302 2075 331 2114 b
349 2071 598 2115 constantia
616 2071 818 2122 Fabricii,
831 2071 978 2128 inquit
994 2086 1072 2114 rex
1090 2088 1098 2114 ε
1130 2072 1217 2115 Η10
1232 2074 1300 2115 est
1319 2072 1474 2128 utique
1488 2072 1564 2115 ille
1585 2072 1815 2115 Fabricius

349 2141 426 2198 qui
447 2140 668 2183 difficilius
693 2155 720 2183 a
744 2141 914 2183 uirtute
935 2155 1067 2197 quam
1088 2141 1153 2183 sol
1180 2156 1207 2183 a
1233 2155 1365 2184 cursu
1385 2155 1465 2183 suo
1484 2140 1629 2183 auerti
1655 2143 1815 2198 potest.

349 2210 600 2267 Imperator
625 2209 761 2253 Cesar
787 2209 1018 2267 Augustus
1045 2209 1332 2252 Germanicus
1357 2224 1408 2253 00
1434 2209 1548 2252 bello
1569 2224 1656 2266 quo
1682 2209 1815 2253 uictis

349 2279 552 2322 hostibus
583 2278 833 2321 Germanici
873 2293 1113 2334 cognomen
1143 2279 1317 2331 meruit,
1347 2293 1447 2322 cum
1476 2279 1524 2320 in
1552 2278 1716 2321 finibus
1745 2292 1815 2321 co-
1832 2293 1878 2327 3ο

350 2348 525 2405 piarum
556 2347 738 2391 castella
763 2350 957 2403 poneret,
977 2361 1057 2404 pro
1083 2346 1304 2390 fructibus
1331 2347 1536 2399 locorum,
1557 2362 1669 2404 quae
1696 2347 1815 2390 uallo

350 2418 760 2474 comprehendebat,
792 2417 985 2474 pretium
1020 2416 1132 2459 solui
1167 2416 1308 2467 iussit,
1342 2419 1475 2473 atque
1515 2416 1580 2459 ita
1618 2416 1815 2461 iustitiae
1866 2443 1869 2445 -

1853 0 1878 105 ’1

1864 98 1878 229 ἓ

353 2530 621 2614 ἑᾏῖτοῶὺοιέἓ]
635 2530 844 2625 ὃῧῖεέῗξὲε
861 2530 901 2566 Μ
1077 2540 1121 2575 14
1146 2530 1294 2568 comodi
1310 2529 1334 2566 S
1533 2531 1575 2566 16
1600 2529 1816 2567 huiusmodi

402 2678 433 2712 7,
454 2670 474 2704 8
503 2670 673 2706 Consules
687 2671 844 2706 Romani
868 2671 966 2706 etc.·
993 2668 1087 2706 Gell.
1103 2668 1157 2705 111.
1176 2671 1197 2706 8
1215 2669 1233 2716 ξ
1254 2671 1296 2712 8,
1325 2667 1615 2716 discrepantiam
1638 2668 1817 2706 lectionis

354 2715 457 2752 inter
474 2714 653 2753 Ioannem
670 2719 840 2754 nostrum
857 2719 896 2753 et
929 2717 1034 2753 codd
1050 2716 1166 2753 Gellii
1191 2719 1467 2770 commentatus
1492 2718 1547 2753 est
1573 2716 1748 2753 Hertzius
1772 2715 1816 2752 111

355 2763 411 2800 ed.
437 2763 592 2799 maiore.
770 2775 812 2810 19
836 2777 916 2800 cum
934 2766 967 2799 ei
982 2766 1085 2809 requi
1108 2767 1202 2800 etc:
1227 2776 1260 2799 v.
1280 2763 1373 2800 Flor.
1393 2763 1418 2799 i.
1442 2774 1482 2808 13
1503 2763 1520 2807 ᾗ
1540 2773 1595 2798 21.
1771 2774 1816 2799 22

358 2811 448 2845 Cum
465 2822 550 2846 uero
579 2811 708 2846 Cineas
724 2813 818 2848 etc.·
810 2839 818 2847 .
845 2823 876 2847 v.
897 2810 1082 2857 Eutrop.
1071 2810 1111 2847 11.
1135 2822 1175 2857 13
1196 2810 1213 2857 §
1233 2822 1264 2857 3.
1419 2821 1463 2857 29
1487 2811 1691 2856 Imperator
1709 2811 1820 2847 Cesar

355 2860 450 2894 etc.:
476 2857 644 2894 Frontin.
663 2859 771 2894 Strat.
790 2858 829 2894 ii.
852 2869 890 2895 11
912 2858 929 2905 ξ
950 2868 982 2903 7.

463 2937 528 2971 312
