1820 3138
806 127 1258 174 PROLEGOMENA

359 247 536 292 PLAVTI
549 248 632 291 sub
644 248 820 292 nomine
833 262 945 305 quae
960 247 1351 292 circumferebatur
1364 248 1585 293 comoedia
1598 251 1760 294 saeculi

300 318 594 362 Theodosiani
631 318 702 362 cui
742 333 902 362 nomen
934 321 1002 361 est
1038 318 1299 362 Aulularia
1331 318 1427 362 siue
1461 317 1680 372 Querolus
1713 320 1761 363 in

302 388 506 430 manibus
541 387 699 431 habuit
741 387 956 438 Ioannes;
1006 386 1182 430 fabulas
1220 401 1324 431 uere
1364 387 1592 432 Plautinas
1630 389 1761 446 plane

299 457 535 516 ignorauit.

358 526 656 577 ΗῙΕΒΟΝΥΜΟ,
673 539 803 582 quem
822 525 1055 569 doctorum
1073 524 1388 568 doctissimum
1402 524 1584 582 (Polior.
1603 526 1649 568 ii.
1676 526 1762 580 22),

295 595 519 640 doctorem
533 595 764 638 doctorum
778 594 868 651 (vii.
889 594 958 652 10)
975 593 1181 650 appellat,
1198 593 1533 651 diligentissime
1547 595 1762 639 incubuit.

302 662 484 709 Praeter
513 663 923 721 interpretationem
957 663 1003 706 S.
1037 662 1291 720 Scripturae
1319 663 1536 719 Epistolis
1564 667 1610 708 et
1637 665 1763 708 libris

300 735 521 778 aduersus
532 734 567 777 I
561 733 850 777 ouinianum
860 732 1026 789 passim
1039 746 1146 774 usus
1161 734 1247 784 est3
1263 732 1531 788 Apoloyiam
1543 734 1764 778 aduersus

301 803 543 860 Rufinum,
582 801 925 846 commentarios
972 801 1031 844 in
1073 801 1266 854 Isaiam,
1312 801 1369 845 in
1410 802 1667 856 Ieremiam,
1706 803 1762 847 in

301 872 553 925 Danielem,
572 871 629 914 in
649 870 830 923 Ionam,
855 870 912 914 in
937 870 1190 914 Michaeam
1216 870 1408 928 (nostrae
1432 871 1637 916 editionis
1656 875 1762 918 tom.

301 942 332 984 i.
357 955 422 998 29.
449 955 495 985 11
521 955 622 992 non,
650 943 702 983 ut
728 940 775 982 in
803 940 966 991 Indice,
988 953 1057 996 29.
1078 940 1136 996 4),
1163 939 1299 983 libros
1327 940 1380 984 de
1407 939 1636 998 Perpetua
1661 941 1764 986 Vir-

301 1011 495 1068 9initate
532 1010 583 1053 B.
616 1009 808 1062 Mariae,
837 1009 891 1052 de
930 1008 1057 1052 Viris
1094 1008 1374 1061 Illustribus,
1414 1025 1504 1053 non
1542 1011 1763 1069 neglexit;
1818 1019 1820 1021 '

304 1095 361 1123 ex
387 1080 501 1123 libro
531 1080 584 1123 de
611 1077 894 1122 Nominibus
923 1077 1158 1122 Hebraicis
1187 1078 1400 1122 nonnulla
1426 1080 1626 1137 sumpsit,
1652 1095 1764 1138 quae
1816 1077 1820 1116 Ᾰ

302 1154 453 1192 tamen
499 1148 547 1191 in
586 1148 700 1191 libro
739 1148 929 1205 Remigii
968 1148 1363 1191 Autissiodorensis
1405 1148 1475 1204 (de
1510 1163 1597 1205 quo
1631 1165 1672 1193 V.
1706 1150 1765 1193 ad
1818 1163 1820 1209 j

302 1215 467 1260 Polior.
491 1215 583 1258 viii.
616 1228 683 1267 22,
715 1216 796 1269 807
830 1215 884 1265 D,
913 1217 1090 1258 nostrae
1115 1214 1182 1257 ed.
1211 1218 1241 1258 t.
1269 1214 1313 1258 ii.
1341 1225 1436 1271 397.
1466 1215 1536 1273 14)
1565 1215 1765 1260 inuenire

301 1285 461 1342 potuit.
521 1284 644 1337 Quae
674 1284 728 1326 de
758 1286 909 1326 sancto
938 1286 1148 1326 uenatore
1174 1283 1222 1325 in
1248 1283 1383 1326 sacris
1406 1283 1649 1342 Scripturis
1675 1300 1764 1329 non

301 1354 486 1396 inuento
516 1367 573 1395 ex
602 1352 867 1409 Hieronymi
897 1352 1209 1395 commentario
1239 1352 1286 1394 in
1318 1352 1386 1396 Ps.
1413 1367 1481 1404 xc,
1516 1368 1646 1410 quem
1675 1369 1764 1398 non
1815 1343 1817 1345 ’

303 1423 422 1465 inter
451 1422 571 1465 illius
600 1436 734 1478 opera
762 1421 976 1474 inuenies,
1004 1421 1145 1464 citant
1168 1420 1249 1464 Iuo
1277 1420 1560 1466 Carnotensis
1586 1425 1632 1466 et
1655 1423 1792 1484 Gra--

303 1492 466 1544 tianus,
488 1505 539 1534 ea
568 1490 733 1534 Noster
758 1489 924 1533 Polior.
946 1490 973 1533 i.
989 1504 1028 1543 4,
1049 1504 1138 1533 non
1165 1493 1315 1533 tamen
1334 1492 1387 1533 ut
1414 1491 1471 1533 ab
1492 1491 1766 1549 Hieronymo
1815 1503 1818 1506 ’

305 1561 436 1612 dicta,
456 1560 605 1603 refert.
666 1559 912 1602 Historiam
932 1559 986 1602 de
1007 1559 1282 1616 Hieronymo
1301 1561 1347 1602 et
1368 1559 1513 1603 tribus
1532 1560 1699 1604 clericis
1718 1561 1765 1604 in
1814 1583 1816 1586 >

302 1629 467 1672 Polior.
487 1629 579 1671 viii.
604 1641 656 1672 12
678 1643 733 1671 ex
760 1628 868 1672 Vita
882 1627 1161 1683 Hieronymi
1180 1628 1366 1685 antiqua
1391 1631 1556 1672 narrat.
1616 1630 1764 1674 Testa-

303 1701 454 1741 mento
474 1697 692 1741 Ecclesiae
708 1696 971 1741 Carnotensi
990 1696 1159 1754 legauit
1178 1696 1212 1740 I
1209 1697 1472 1740 eronimum
1485 1713 1621 1754 super
1638 1699 1766 1742 Mar·
1812 1699 1820 1756 J

302 1781 419 1819 cwm,
431 1781 566 1824 super
581 1767 771 1817 haiam,
783 1780 919 1822 super
931 1765 1210 1818 Ezechielem,
1222 1780 1357 1822 super
1368 1766 1617 1818 Danielem,
1631 1782 1766 1825 super

302 1836 529 1894 Epistolas
556 1835 715 1886 Pauli,
741 1849 876 1891 super
902 1835 972 1878 mii
995 1834 1244 1891 prophetas,
1271 1834 1432 1878 minus
1461 1836 1765 1882 Breuiarium
1816 1844 1820 1890 ἶ

301 1902 500 1947 eiusdem
518 1916 654 1958 super
673 1901 887 1955 Psalmos,
911 1901 1199 1944 leronimum
1217 1905 1375 1944 contra
1394 1901 1428 1945 I
1425 1901 1720 1947 ouinianum.

362 1971 558 2014 Nomvu
579 1971 871 2014 MARCELLVM
891 1969 1037 2021 semel,
1057 1969 1223 2012 scilicet
1242 1969 1407 2014 Polior.
1425 1970 1517 2014 viii.
1542 1984 1606 2023 11,
1629 1972 1765 2015 citat:
1815 1963 1820 1983 ³

304 2040 508 2098 Nuptiae
520 2055 550 2084 a
562 2039 772 2083 nubendo
784 2039 879 2082 clici
891 2039 1084 2082 maiores
1098 2039 1409 2093 tradiderunt,
1420 2039 1535 2097 quia
1547 2040 1766 2097 pudenda
1809 1995 1820 2088 ξ

301 2110 533 2153 humanae
551 2107 844 2165 infirmitatis
864 2107 1010 2159 nubit,
1025 2108 1078 2151 iol
1094 2112 1153 2151 est
1168 2107 1409 2160 abscondit,
1423 2113 1477 2153 ut
1495 2109 1566 2153 ait
1585 2109 1767 2154 Nonixas
1808 2140 1812 2142 v

303 2178 555 2229 Marcellus,
581 2177 877 2233 indulyentia
905 2177 1023 2233 leyis.
1083 2176 1206 2220 Haec
1234 2192 1376 2234 neque
1405 2177 1452 2220 in
1482 2178 1618 2221 Nonii
1649 2179 1764 2222 Mar·

303 2247 401 2290 celli
422 2246 691 2290 editionibus
716 2246 916 2289 inuenies
942 2260 1084 2302 neque
1110 2246 1176 2288 illi
1197 2261 1225 2289 a
1244 2246 1410 2290 Nostro
1436 2247 1654 2290 attributa
1673 2262 1765 2291 esse

305 2316 624 2359 animaduertit
654 2315 772 2371 quod
806 2315 941 2358 sciam
975 2315 1208 2371 quisquam
1242 2315 1471 2358 editorum.
1543 2314 1765 2360 Ciceronis

305 2384 473 2428 dictum
501 2384 617 2441 quod
638 2383 803 2427 Polic‘r.
826 2383 888 2427 iii.
917 2396 969 2428 12
989 2383 1154 2434 laudat,
1176 2382 1416 2439 Optimum
1445 2384 1639 2441 uectiqal
1653 2399 1765 2442 par-

304 2452 506 2496 simonia
526 2457 598 2506 est,
615 2452 789 2495 Nonius
809 2452 987 2509 quidem
1002 2451 1150 2502 refert,
1171 2452 1358 2495 Ioannes
1377 2454 1526 2495 tamen
1544 2453 1613 2508 (ut
1631 2468 1766 2511 supra
1787 2462 1820 2527 ξ

305 2522 518 2579 uidimus)
555 2522 648 2578 ipse
679 2522 727 2563 in
762 2521 888 2564 libris
921 2521 976 2564 de
1007 2521 1072 2564 Re
1098 2520 1287 2577 publica
1320 2521 1464 2578 legere
1492 2522 1650 2578 potuit.
1709 2522 1764 2565 In
1802 2521 1820 2581 ’ἐξ

306 2590 474 2634 Polior.
487 2589 545 2632 vi.
561 2604 586 2646 3
608 2590 662 2632 de
678 2590 918 2646 qradariis
933 2589 1057 2646 equis
1071 2589 1277 2646 loquitur,
1292 2604 1478 2646 quorum
1497 2591 1763 2634 mentionem
1807 2579 1820 2616 '3

305 2673 395 2702 non
419 2673 511 2701 esse
538 2658 657 2715 apud
682 2662 881 2702 auctores
908 2660 1113 2716 antiquos
1140 2659 1303 2704 factam
1324 2660 1410 2703 nisi
1430 2660 1549 2718 apud
1568 2660 1763 2705 Nonium
1798 2649 1818 2702 ·

307 2742 363 2771 ex
383 2727 551 2770 Lucilio
570 2731 755 2771 narrant
776 2728 1106 2785 Lexicographi.
1795 2667 1820 2805 ἕ

423 2796 565 2838 xxxvi
1795 2800 1820 2825 '¹³

1803 2349 1820 2462 m*
1815 2301 1820 2319 .-
