1878 3172
77 188 174 222 cu.
189 178 259 234 11]
602 171 999 219 POLICRATICV
1001 171 1034 216 S
1544 168 1668 221 5671}

80 297 198 341 uires
217 295 471 354 exequendi,
491 297 537 338 et
551 296 822 338 sacramento
835 292 994 336 debeat
1008 305 1100 335 esse
1119 290 1290 348 legibus
1306 289 1528 347 obligatus

76 363 132 408 'ut
174 365 258 408 sibi
306 364 483 408 omnino
527 362 729 406 illicitum
773 361 949 404 nouerit
986 360 1044 402 ab
1082 374 1232 402 earum
1277 359 1528 402 sinceritate

78 433 308 477 diuertere.
367 433 484 476 Nam
504 432 558 475 de
578 430 792 488 sapientia
816 429 909 473 eius
929 428 1157 486 Sapientia
1176 428 1313 471 docet.
1374 428 1529 479 Iudex,

79 502 226 559 inquit
264 502 448 559 sapiens,
485 499 699 544 iudicauit
742 498 953 556 populum
999 511 1127 541 suum
1171 500 1216 540 et
1254 496 1528 554 principatus

43 583 63 618 5
79 571 243 614 sensati
282 569 454 613 stabilis
491 569 585 612 erit.
664 567 913 611 Secundum
955 566 1143 609 iudicem
1181 565 1343 622 populi,
1382 565 1444 608 sic
1483 568 1528 608 et

78 639 271 682 ministri
291 639 402 690 eius3
431 640 477 680 et
505 636 646 694 qualis
672 638 814 679 rector
838 639 906 679 est
927 635 1133 684 ciuitatis,
1154 634 1265 677 tales
1291 636 1336 676 et
1355 633 1527 675 inhabi-

79 710 226 751 tantes
263 707 311 749 in
349 722 412 750 ea.
471 706 558 748 Sed
596 709 642 748 et
678 705 796 747 uires
833 703 1096 747 necessarias
1127 717 1219 745 esse
1253 717 1342 745 non
1376 702 1527 752 tacuit,

79 776 250 819 dicens:
279 775 383 818 Noli
399 788 606 831 quaerere
624 773 758 816 iudex
781 773 888 824 fieri,
907 772 993 815 nisi
1013 772 1162 815 ualeas
1180 772 1349 814 uirtute
1369 771 1528 813 irrum-

80 859 183 902 pere
215 844 484 900 iniquitates,
520 857 577 885 ne
615 841 730 885 forte
769 842 1026 885 extimescas
1060 840 1218 884 faciem
1256 840 1449 897 potentis
1484 842 1530 882 et
1545 837 1628 887 568
1648 848 1679 877 a

22 925 66 953 xo
80 927 218 971 ponas
246 911 498 955 scandalum
526 911 574 952 in
603 910 803 967 agilitate
831 912 920 952 tua.
990 909 1092 951 Non
1122 923 1270 966 pecces
1301 909 1349 951 in
1379 908 1528 950 multi-

80 982 234 1025 tudine
253 980 447 1025 ciuitatis
466 994 545 1023 nec
569 982 614 1022 te
642 979 857 1021 immittas
882 979 931 1021 in
953 978 1186 1035 populum3
1216 992 1357 1035 neque
1375 977 1530 1035 alliges

80 1050 273 1107 duplicia
291 1051 569 1107 peccata,nec
590 1048 706 1090 enim
730 1048 777 1090 in
796 1062 885 1090 uno
913 1047 1000 1090 eris
1022 1047 1243 1090 immunis.
1302 1046 1407 1089 Noli
1437 1059 1531 1089 esse
1574 1045 1579 1053 ’

80 1118 371 1176 pusillanimis
400 1118 449 1160 in
477 1117 624 1160 anima
654 1119 756 1168 tua3
794 1131 974 1159 exorare
1002 1118 1048 1158 et
1077 1114 1220 1158 facere
1249 1115 1529 1158 elemosinam

79 1202 170 1230 non
189 1187 411 1244 despicias.
460 1186 529 1229 Ne
549 1186 689 1228 dicas:
713 1185 769 1227 In
782 1184 1067 1227 multitudine
1082 1198 1313 1227 munerum
1333 1197 1530 1227 meorum

23 1267 65 1302 15
82 1255 284 1313 respiciet
302 1255 432 1305 Deua
452 1258 498 1298 et
517 1254 723 1306 offerente
742 1268 811 1296 me
838 1253 932 1296 Deo
958 1253 1171 1295 altissimo
1197 1253 1404 1309 suscipiet
1433 1268 1531 1296 mu-

82 1339 189 1368 nera
206 1339 313 1367 mea.
373 1323 475 1366 Non
502 1323 685 1365 irrideas
713 1323 934 1365 hominem
953 1322 1000 1364 in
1020 1321 1314 1364 amaritudine
1333 1322 1531 1376 animae;

82 1396 149 1436 est
167 1393 284 1436 enim
311 1392 387 1449 qui
409 1391 615 1434 humiliat
640 1394 685 1433 et
711 1390 880 1433 exaltat
908 1388 1243 1447 circumspector
1271 1389 1404 1434 Deus.
1458 1391 1530 1433 Ex

79 1461 150 1504 his
169 1461 371 1519 diligenti
389 1460 539 1504 lectori
559 1462 755 1503 occurret
775 1459 891 1516 quod
909 1459 1116 1502 uoluntas
1136 1454 1238 1501 boni
1265 1473 1354 1501 non
1382 1459 1530 1503 minus

81 1529 214 1574 iudici
247 1530 488 1573 necessaria
522 1532 589 1572 est
619 1543 750 1586 quam
784 1528 945 1571 notitia
975 1528 1047 1571 uel
1075 1530 1281 1585 potestas,
1311 1542 1410 1571 cum
1439 1544 1530 1572 non

24 1617 66 1643 ιο
81 1599 219 1642 modo
243 1599 297 1642 de
336 1599 426 1641 suis
460 1598 536 1641 sed
571 1613 626 1640 ex
659 1597 813 1640 alienis
844 1597 1014 1640 delictis
1049 1599 1254 1640 teneatur
1287 1599 1333 1640 et
1364 1597 1530 1654 duplici

82 1681 259 1710 suorum
289 1670 334 1710 et
362 1667 547 1709 aliorum
575 1668 800 1723 prematur
825 1680 954 1709 onere
983 1669 1036 1708 ut
1061 1680 1140 1710 nec
1169 1666 1217 1707 in
1244 1665 1530 1709 multitudine

0 1743 2 1816 ἱ
82 1749 312 1786 munerum
345 1735 457 1778 citra
489 1735 753 1777 munditiam
783 1734 1027 1778 uoluntatis
1061 1735 1120 1777 sit
1159 1735 1199 1777 ei
1230 1735 1391 1778 fiducia
1426 1739 1529 1779 ante
1546 1744 1576 1782 b

0 1817 2 1836 *
82 1803 236 1846 Deum.
293 1803 420 1846 Vnde
453 1806 499 1846 et
530 1803 655 1846 Plato
689 1803 861 1860 egregie
900 1803 1076 1859 quidem
1115 1806 1160 1846 et
1198 1803 1442 1846 luculenter
1475 1802 1529 1859 (si

83 1874 231 1914 tamen
251 1871 474 1928 audiatur)
492 1886 564 1914 eos
585 1871 660 1927 qui
682 1871 736 1914 de
756 1871 819 1913 rei
839 1871 1038 1927 publicae
1057 1871 1247 1928 gerendo
1266 1872 1531 1929 magistratu

26 1960 67 1994 ²5
83 1939 365 1989 contendunt,
394 1939 459 1981 ita
492 1939 609 1981 inter
637 1953 682 1981 se
711 1939 878 1981 uersari
908 1939 1064 1981 asserit
1098 1942 1150 1982 ut
1184 1940 1221 1982 si
1252 1943 1415 1982 nautae
1449 1940 1531 1982 sub

84 2007 269 2050 aduersa
286 2009 545 2063 tempestate
565 2006 787 2049 decertent
802 2000 900 2062 quis
916 2021 1065 2049 eorum
1080 2006 1237 2049 debeat
1254 2007 1531 2063 potissimum

83 2075 340 2132 gubernare.
396 2074 452 2116 In
482 2088 568 2130 quo
594 2073 798 2117 fortunae
826 2074 991 2117 calculo
1016 2077 1095 2116 aut
1126 2075 1275 2117 nullus
1301 2077 1381 2117 aut
1405 2089 1531 2118 rarus

83 2143 284 2198 idemque
315 2140 573 2185 temerarius
602 2145 669 2184 est
698 2142 773 2197 qui
803 2142 896 2184 sine
926 2144 1022 2184 arte
1051 2144 1095 2184 et
1129 2142 1300 2184 uiribus
1328 2143 1532 2186 uendicet

84 2210 403 2267 magistratum.
461 2210 520 2252 Et
538 2224 634 2252 meo
659 2210 834 2265 quidem
861 2213 1055 2266 tempore
1081 2210 1217 2252 nichil
1240 2210 1531 2254 miserabilius
1600 2227 1624 2267 ,s

25 2300 69 2334 30
84 2278 178 2321 uidi
198 2292 330 2334 quam
353 2277 517 2320 iudices
546 2277 751 2319 scientiae
777 2277 887 2334 legis
915 2277 1103 2334 ignaros,
1123 2277 1261 2320 bonae
1287 2278 1531 2322 uoluntatis

85 2347 249 2396 inanes,
279 2345 395 2402 quod
429 2345 649 2388 conuincit
680 2359 802 2386 amor
834 2359 1066 2387 munerum
1098 2349 1143 2388 et
1178 2346 1530 2398 retributionum,

84 2415 131 2458 id
149 2413 312 2456 uirium
333 2413 448 2469 quod
467 2412 662 2455 habent
650 2427 697 2454 in
722 2412 928 2468 obsequio
951 2412 1164 2455 auaritiae
1192 2413 1428 2456 iactantiae
1450 2418 1530 2457 aut

84 2482 228 2526 carnis
256 2484 302 2524 et
330 2481 556 2538 sanguinis
586 2483 835 2524 exercentes
862 2483 907 2523 et
932 2495 960 2522 a
984 2481 1240 2524 necessitate
1267 2483 1529 2526 sacramenti

88 2599 132 2628 12
156 2588 345 2635 dupplitia
359 2588 392 2623 A
533 2588 578 2624 26
601 2598 734 2624 auersa
750 2587 790 2622 M
878 2627 880 2630 v

133 2701 154 2736 3
177 2691 293 2726 Iudex
319 2691 411 2726 etc.:
445 2688 548 2725 Eccli
572 2699 606 2723 1.
634 2698 666 2730 1,
690 2697 724 2740 2.
931 2699 955 2733 4
978 2690 1176 2726 iudicauit:
1213 2693 1389 2728 iudicabit
1413 2692 1525 2740 Vulg.

88 2737 110 2773 8
133 2738 218 2772 Noli
240 2747 405 2782 quaerere
429 2737 520 2772 etc.:
546 2733 650 2770 Eccli
666 2734 726 2770 vii.
742 2735 847 2770 6-12.
999 2746 1043 2781 23
1074 2738 1171 2773 Vnde
1194 2743 1226 2774 et
1249 2740 1352 2776 Plato
1377 2741 1469 2776 etc.:
1493 2752 1527 2777 v.

86 2782 163 2820 Cic.
179 2784 221 2819 de
239 2784 305 2828 Off.
326 2781 351 2819 i.
372 2791 415 2829 25
435 2781 454 2828 ξ
475 2783 518 2827 87
538 2781 599 2827 (ex
617 2780 712 2818 Plat.
727 2782 828 2827 Reip.
846 2780 893 2817 vi.
910 2783 978 2827 488
993 2788 1047 2828 Β).

1356 2863 1415 2897 331
