1878 3172
127 112 221 203 v405
238 162 269 192 a
612 147 872 192 IOANNIS
915 147 1428 191 SARESBERIENSIS
1538 136 1541 138 v
1605 146 1715 207 [ms.
1731 157 1750 189 1

239 370 270 398 a
339 353 447 410 Cap.
471 355 509 397 8.
561 352 625 396 De
653 352 953 396 histrionibus
973 356 1012 395 et
1031 351 1191 395 mimis
1211 355 1250 395 et
1264 350 1702 409 praestiyiatoribus.

301 504 303 506 ,
345 467 457 510 Eum
477 481 584 509 uero
604 467 748 509 adhuc
768 466 906 522 aliqui
932 480 1013 523 pro
1039 468 1166 523 parte
1190 465 1438 516 imitantur,
1458 465 1542 522 etsi
1566 464 1754 508 feditate

286 536 406 578 illius
426 550 555 578 nemo
570 536 781 592 dignetur
794 535 977 585 inuolui‚
992 549 1093 578 cum
1107 535 1299 592 gratiam
1319 549 1446 577 suam
1464 534 1755 578 histrionibus

288 609 334 648 et
352 605 500 647 mimis
519 604 650 647 multi
677 604 960 661 prostituant,
982 606 1027 646 et
1056 604 1103 645 in
1132 603 1382 646 exhibenda
1407 603 1580 647 malitia
1602 618 1755 647 eorum

287 689 387 718 ceca
411 674 600 730 quadam
630 676 675 716 et
699 673 1021 729 contemptibili
1045 673 1375 730 magnificentia
1397 687 1487 716 11011
1509 675 1603 716 tam
1622 673 1754 715 mira-
1775 693 1794 726 5

287 743 397 785 biles
428 757 561 799 quam
590 742 861 784 miserabiles
891 741 1064 784 faciunt
1091 745 1308 798 sumptus.
1369 741 1454 784 Illa
1480 745 1631 785 tamen
1659 743 1756 784 etas

288 811 359 870 (ut
399 812 461 854 sic
500 811 680 854 interim
720 810 881 867 dicam)
921 811 1194 854 honestiores
1232 811 1391 854 habuit
1430 811 1679 862 histriones,
1717 810 1756 854 si

288 885 438 924 tamen
458 881 607 937 aliquo
627 880 757 923 modo
776 881 1011 922 honestum
1032 883 1110 930 est,
1131 880 1249 936 quod
1276 880 1396 923 omni
1420 880 1598 923 homine
1617 879 1756 923 libero

289 950 600 1007 comprobatur
620 949 866 1006 indignum.
927 949 1022 992 Nec
1042 952 1193 992 tamen
1212 949 1474 992 histrionem
1495 964 1642 992 assem
1661 952 1755 992 tur-

289 1020 406 1077 piter
437 1019 485 1061 in
516 1022 612 1062 arte
643 1034 724 1061 sua
753 1019 934 1069 uersari,
964 1019 1047 1062 etsi
1079 1019 1386 1062 indubitanter
1413 1022 1545 1076 turpe
1574 1019 1634 1062 sit
1663 1033 1757 1062 esse
1777 1035 1819 1060 10

290 1089 563 1131 histrionem.
624 1087 683 1130 Et
703 1088 881 1144 quidem
902 1088 1139 1132 histriones
1158 1091 1297 1139 erant,
1318 1088 1395 1145 qui
1414 1091 1543 1146 gestu
1563 1088 1758 1145 corporis

291 1160 473 1214 arteque
502 1157 740 1200 uerborum
771 1160 816 1199 et
844 1157 1144 1200 modulatione
1178 1157 1299 1200 uocis
1329 1157 1472 1200 factas
1511 1159 1592 1199 aut
1632 1157 1759 1200 fictas

243 1231 272 1269 b
290 1227 498 1269 historias
518 1227 601 1269 sub
620 1229 800 1283 aspectu
816 1227 991 1283 publico
1011 1226 1275 1281 referebant,
1291 1241 1400 1283 quos
1415 1226 1535 1283 apud
1550 1226 1758 1268 Plautum

290 1297 465 1339 1111161118
493 1299 538 1338 et
564 1296 869 1346 Menandrum,
890 1298 935 1338 et
961 1295 1121 1351 quibus
1147 1310 1220 1338 ars
1245 1296 1387 1338 nostri
1410 1295 1606 1338 Terentii
1631 1295 1757 1338 inno·

291 1365 430 1408 tescit.
506 1365 641 1407 Porro
680 1364 856 1407 comicis
886 1367 931 1406 et
959 1364 1140 1421 tragicis
1173 1364 1450 1414 abeuntibus,
1477 1379 1578 1407 cum
1609 1364 1758 1407 omnia
1779 1379 1819 1414 15

291 1434 451 1476 leuitas
495 1433 788 1489 occupauerit,
821 1432 1002 1476 clientes
1052 1447 1215 1484 eorum,
1255 1433 1424 1476 comedi
1466 1433 1674 1476 uidelicet
1713 1437 1759 1476 et
1840 1452 1846 1456 ·

292 1502 479 1559 tragedi,
515 1501 799 1544 exterminati
839 1504 956 1544 sunt.
1019 1501 1106 1544 Sed
1139 1516 1212 1544 eos
1246 1502 1293 1544 in
1328 1502 1479 1545 seruili
1509 1502 1760 1546 conditione

293 1571 530 1613 dumtaxat
569 1571 827 1627 plerumque
866 1570 1068 1627 reperies,
1149 1570 1259 1623 Quis
1307 1585 1415 1614 uero
1463 1585 1614 1614 eorum
1653 1586 1760 1615 usus

295 1640 507 1692 extiterit,
536 1639 707 1696 poetica
736 1639 895 1682 docens
925 1639 1090 1695 aperit:

469 1730 563 1773 Aut
591 1730 796 1787 prodesse
826 1731 996 1781 uolunt,
1026 1734 1106 1773 aut
1135 1731 1351 1774 delectare
1380 1734 1547 1788 poetae,
1781 1759 1824 1783 20

469 1791 548 1831 aut
578 1789 709 1831 simul
740 1792 785 1831 et
815 1789 1004 1832 iocunda
1034 1792 1079 1831 et
1108 1789 1267 1832 idonea
1295 1790 1439 1833 dicere
1467 1790 1601 1833 uitae.

296 1880 360 1922 At
385 1882 538 1922 nostra
566 1882 660 1922 etas
687 1879 892 1936 prolapsa
922 1880 979 1922 ad
1007 1879 1181 1922 fabulas
1210 1883 1255 1923 et
1279 1880 1464 1937 quaeuis
1491 1881 1644 1924 inania
1671 1896 1762 1924 non

296 1949 426 1991 modo
466 1963 595 1991 aures
637 1952 683 1991 et
725 1963 800 1991 cor
833 1949 1065 2005 prostituit
1103 1949 1310 2001 uanitati,
1345 1949 1423 1992 sed
1456 1950 1683 1993 oculorum
1717 1953 1764 1994 et

297 2018 472 2060 aurium
492 2018 723 2074 uoluptate
743 2033 868 2060 suam
884 2019 1047 2061 mulcet
1067 2019 1292 2074 desidiam,
1307 2019 1532 2062 luxuriam
1552 2019 1763 2071 accendit,

257 2102 282 2131 c
298 2087 559 2143 conquirens
582 2087 778 2143 undique
805 2087 1003 2130 fomenta
1031 2088 1257 2131 uitiorum.
1318 2088 1478 2131 Nonne
1497 2088 1624 2146 piger
1649 2088 1762 2132 desi·
1782 2109 1824 2144 ²⁵

298 2157 417 2199 diam
430 2156 614 2199 instruit
629 2159 675 2199 et
686 2171 891 2213 sompnos
907 2162 1118 2214 prouocat
1130 2157 1526 2200 instrumentorum
1541 2157 1764 2200 suauitate

299 2229 378 2269 aut
404 2241 563 2269 uocum
590 2226 791 2282 modulis,
815 2227 1042 2270 hilaritate
1071 2227 1324 2270 canentium
1355 2230 1436 2270 aut
1464 2226 1764 2270 fabulantium

302 2373 317 2398 1
345 2362 577 2408 ystrionibus
595 2362 619 2398 S
637 2366 679 2399 in
696 2365 842 2399 rubrica
859 2376 935 2409 cap.
950 2366 1123 2409 praefixa
1241 2374 1262 2409 3
1288 2361 1544 2409 hystrionibus
1559 2362 1601 2398 M
1721 2374 1764 2410 13

299 2409 489 2455 hystorias
506 2410 580 2445 AM
766 2413 808 2447 18
833 2411 1027 2457 repperies
1043 2411 1116 2446 AM
1299 2420 1345 2455 24
1371 2410 1554 2447 desidiam
1571 2410 1715 2448 mulcet
1730 2411 1764 2447 A

304 2458 349 2492 26
373 2468 521 2493 somnos
539 2457 562 2492 S
706 2467 751 2503 27
777 2458 984 2504 hylaritate
1002 2458 1042 2493 M

353 2596 367 2621 1
396 2587 451 2621 De
475 2587 747 2622 histrionibus:
783 2588 831 2623 cf.
858 2589 989 2623 Polior.
1015 2587 1061 2623 iv.
1088 2598 1123 2632 4,
1151 2586 1228 2623 viii.
1256 2597 1289 2632 2,
1314 2598 1347 2632 4,
1378 2597 1442 2632 12;
1481 2589 1552 2634 Ep.
1589 2588 1680 2631 260;
1713 2587 1762 2624 cf.

302 2632 419 2669 etiam
442 2633 684 2676 Abaclardus,
710 2636 826 2670 Theol.
856 2637 1076 2677 Christiana,
1097 2634 1137 2670 ii.
1161 2635 1223 2670 fin.
1251 2635 1322 2680 (ed.
1351 2634 1497 2678 Gousin,
1521 2634 1561 2670 ii.
1588 2647 1651 2681 pp.
1681 2644 1765 2681 445,

301 2680 387 2725 446)
401 2692 409 2725 ;
435 2693 469 2716 v.
486 2680 508 2715 J
511 2682 701 2724 usserand,
716 2684 887 2727 Literary
898 2684 992 2717 Hist.
1010 2684 1055 2727 of
1064 2684 1121 2717 the
1133 2683 1289 2728 Enylish
1305 2684 1443 2728 People,
1462 2694 1498 2728 p.
1515 2692 1597 2726 440.

300 2730 376 2763 Illa
393 2733 512 2763 tamen
529 2733 603 2764 etas
619 2730 692 2765 etc.
708 2742 716 2764 ε
743 2730 791 2766 cf.
811 2730 975 2766 Macrob.
994 2731 1068 2765 Sat.
1087 2729 1143 2765 iii.
1167 2740 1220 2774 14.
1326 2740 1373 2765 20
1396 2730 1473 2765 Aut
1482 2731 1651 2776 prodesse
1668 2731 1764 2767 etc.:

302 2775 392 2810 Hor.
412 2777 458 2811 Α.
476 2777 518 2812 P.
535 2786 615 2821 333,
633 2786 712 2822 334.
1591 2782 1594 2785 '
1829 2779 1831 2781 ’
1874 2782 1878 2783 ’

410 2846 455 2888 46
