1878 3172
185 185 268 234 564
287 181 317 222 d

190 648 269 697 565
289 658 319 686 a

291 1617 321 1654 b
340 1613 443 1656 Non
472 1613 601 1656 modo
631 1613 778 1656 leones
806 1617 852 1656 et
885 1613 1070 1671 tigrides
1100 1615 1374 1671 eloquentiae
1404 1616 1614 1659 beneficio
1641 1615 1800 1659 lenisse
1819 1627 1835 1650 ²

285 2332 289 2336 .
340 2298 557 2343 Cerberus
588 2313 704 2341 unus
735 2302 828 2351 est3
869 2302 978 2355 quot
1011 2303 1117 2343 sunt
1155 2301 1418 2344 diuerticula
1455 2303 1698 2354 curialium,
1733 2306 1802 2347 tot
1818 2303 1854 2351 ad

660 182 921 228 IOANNIS
961 182 1471 229 SARESBERIENSIS
1635 183 1751 246 [ΜΒ.
1766 192 1798 230 V
1872 219 1878 243 ,ξ

333 304 512 360 rogaret
537 303 717 360 accepit.
778 303 856 346 Bis
881 303 999 346 enim
1019 303 1128 347 emit
1147 304 1223 360 qui
1244 306 1398 361 rogat3
1437 305 1496 348 ad
1521 305 1584 348 rei
1609 316 1801 363 namque
1872 300 1878 348 ἔ

333 372 406 415 uel
426 371 519 429 spei
538 372 733 429 pretium
752 373 1064 416 uerecundiam
1084 373 1299 416 uendidit.
1348 374 1512 417 Munus
1531 389 1638 418 uero
1656 375 1799 418 iustae
1872 350 1878 430 l

334 441 686 498 reprehensionis
712 456 802 484 non
829 442 965 484 habet
991 445 1143 485 notam
1171 442 1289 499 quod
1315 442 1493 486 deuotio
1518 443 1799 487 liberalitatis

334 510 510 562 obtulit,
542 525 631 553 non
670 510 930 567 improbitas
965 511 1240 568 deprecantis
1278 511 1498 564 extorsit3
1546 512 1612 555 ita
1649 514 1800 556 tamen
1873 431 1878 569 i

333 582 387 622 ut
415 579 668 636 iniquorum
697 594 882 622 munera
910 595 999 623 non
1037 583 1246 637 acceptet,
1275 595 1376 623 cum
1409 581 1575 639 ingrati
1609 581 1800 624 hominis
1819 597 1839 632 5
1875 571 1878 639 1

334 648 394 691 sit
420 649 538 691 uotis
568 663 658 691 non
684 648 835 692 fouere
861 649 1122 692 beneficium
1149 652 1195 692 et
1225 650 1412 707 impium
1437 664 1518 707 pro
1544 651 1800 693 muneribus
1875 642 1878 744 1

334 717 572 761 iustificare
593 718 766 761 dicente
786 718 976 761 Domino
997 718 1057 761 sit
1083 718 1296 775 iniquum.
1356 719 1521 777 Vtique
1541 719 1801 763 beneficium
1875 745 1878 772 1

334 787 529 844 accipere
549 790 617 830 est
636 787 827 830 uendere
847 788 1122 840 libertatem;
1148 791 1194 831 et
1214 788 1425 832 dedecens
1444 791 1512 832 est
1537 803 1687 832 seruos
1709 802 1802 832 esse
1874 777 1878 858 l

335 856 412 912 qui
447 856 610 899 debent
644 856 743 899 aliis
778 857 1006 913 imperare.
1077 857 1397 900 Verumtamen
1427 860 1474 901 et
1500 872 1657 901 causae
1685 857 1801 900 ratio
1872 863 1878 919 ¹¹.

335 925 539 967 habenda
568 927 635 968 est
665 928 711 968 et
749 939 972 982 personae,
1001 928 1054 968 ut
1082 941 1163 970 nec
1193 941 1221 968 a
1249 927 1372 983 turpi
1401 941 1481 970 nec
1510 927 1703 984 turpiter
1731 940 1799 970 ac-
1820 922 1878 964 1⁸2>¹

334 994 527 1050 cipiatur
556 994 673 1050 quod
696 991 761 1037 'ex
790 995 884 1038 loco
914 997 960 1037 et
989 997 1185 1052 tempore
1216 997 1262 1038 et
1290 995 1420 1038 modo
1458 995 1593 1038 latius
1627 997 1802 1052 oportet
1871 1024 1875 1036 «-

335 1062 512 1119 inquiri.
586 1063 705 1105 Nam
744 1063 1003 1120 plerumque
1042 1078 1069 1106 a
1107 1078 1254 1114 manu,
1293 1063 1551 1121 plerumque
1590 1079 1618 1107 a
1658 1078 1802 1114 causa,
1869 1037 1878 1107 i

335 1146 364 1174 a
392 1134 589 1188 tempore
618 1132 855 1183 interdum,
875 1132 1100 1175 interdum
1129 1147 1157 1175 a
1186 1133 1279 1176 loco
1308 1133 1381 1176 uel
1410 1133 1540 1176 modo
1569 1132 1801 1190 splendent

335 1215 519 1243 munera
539 1200 612 1244 uel
635 1201 902 1244 sordescunt.
962 1203 1025 1244 At
1051 1202 1311 1259 improbitas
1329 1202 1562 1245 curialium
1588 1216 1639 1245 eo
1661 1216 1801 1258 usque

336 1269 535 1312 innotuit
553 1272 606 1312 ut
623 1264 681 1312 vde
701 1270 954 1312 testimonio
974 1271 1275 1322 conscientiae,
1288 1271 1343 1314 de
1365 1273 1601 1314 uenustate
1615 1285 1800 1321 morum,
1816 1287 1866 1322 15-¹

336 1338 391 1381 de
422 1338 554 1381 odore
585 1339 817 1395 opinionis,
837 1338 891 1381 de
926 1339 1179 1382 sinceritate
1210 1354 1378 1393 causae,
1399 1340 1454 1382 de
1484 1342 1680 1383 torrente
1713 1339 1801 1382 elo·

338 1407 556 1463 quentiae,
575 1407 662 1449 nisi
682 1407 825 1463 pretio
845 1407 1168 1451 interueniente
1188 1409 1287 1465 quis
1306 1408 1476 1451 frustra
1494 1409 1696 1452 confidat.

512 1481 615 1538 Ipse
644 1481 747 1524 licet
776 1481 929 1524 uenias
961 1481 1100 1525 Musis
1129 1483 1376 1533 comitatus,
1401 1483 1571 1533 Omere,

569 1539 607 1582 si
636 1539 773 1582 nichil
802 1539 1017 1590 attuleris,
1046 1540 1131 1583 ibis
1162 1541 1320 1584 Omere
1349 1540 1480 1584 foras.

338 1682 483 1725 dictus
515 1685 583 1724 est
618 1681 821 1738 Orpheus
855 1683 932 1725 sed
970 1683 1089 1739 apud
1128 1683 1274 1740 ipsum
1314 1684 1464 1734 Ditem
1503 1699 1593 1727 uox
1631 1685 1802 1728 dulcior
1877 1707 1878 1739 1

338 1751 563 1808 perorauit
593 1765 831 1807 canemque
860 1751 1100 1808 tricipitem
1128 1753 1331 1796 exorauit
1356 1768 1488 1797 causa
1514 1753 1802 1797 fauorabilior
1877 1741 1878 1750 ἵ

338 1822 391 1862 ut
430 1819 666 1862 admissam
709 1819 842 1862 semel
886 1820 1121 1863 Euridicen
1161 1824 1314 1865 contra
1351 1837 1517 1865 morem
1555 1822 1801 1866 inferorum

338 1888 489 1931 liceret
528 1888 722 1931 educere.
797 1889 865 1931 Tu
903 1903 1020 1939 uero,
1059 1889 1163 1933 licet
1203 1890 1406 1947 Orpheus
1444 1892 1504 1935 sis
1542 1895 1623 1935 aut
1660 1892 1800 1934 Arion
1863 1924 1865 1928 .

338 1957 411 1999 uel
440 1956 514 1999 ille
544 1957 620 2012 qui
650 1957 741 1999 solo
768 1957 1005 2000 testudinis
1029 1972 1135 2001 sono
1159 1973 1278 2010 saxa,
1301 1962 1354 2002 ut
1380 1959 1553 2011 dicitur,
1574 1961 1801 2011 emolliuit‚
1821 1975 1838 1999 2
1859 1934 1865 1974 ¹

339 2025 476 2068 nichil
491 2025 610 2082 apud
630 2025 815 2068 curiales
836 2025 1005 2077 efficies,
1021 2027 1107 2069 nisi
1127 2027 1333 2084 plumbea
1353 2042 1504 2071 eorum
1523 2030 1654 2072 corda
1668 2043 1801 2072 aureo

338 2093 410 2136 uel
431 2097 640 2150 argenteo
659 2094 817 2137 malleo
831 2095 1046 2137 uanitatis
1061 2095 1133 2138 uel
1147 2096 1404 2152 cupiditatis
1423 2097 1581 2141 incude
1596 2098 1801 2142 emollias.

338 2162 672 2205 Inclementiam
713 2162 892 2206 Cerberi
932 2177 1081 2206 omnes
1119 2164 1389 2218 abhorrent;
1439 2180 1520 2223 ego
1564 2180 1635 2208 me
1673 2167 1802 2210 credo
1834 2202 1836 2210 s

339 2230 503 2273 uidisse
537 2230 772 2273 hostiarios
807 2229 996 2274 Cerbero
1028 2231 1238 2276 duriores.
1296 2233 1431 2290 Apud
1457 2233 1623 2277 inferos
1651 2237 1802 2278 tamen

339 2406 363 2440 4
388 2395 529 2441 optulit
543 2394 577 2430 A
731 2403 748 2441 5
776 2396 821 2430 ut
838 2407 905 2431 om.
925 2395 965 2430 M
1131 2396 1154 2433 6
1178 2396 1390 2434 beneficum
1413 2397 1438 2434 S
1603 2406 1626 2445 9
1649 2398 1802 2437 Verum·
1835 2387 1843 2417 '¹

338 2444 497 2489 ptamen
513 2442 547 2477 A
690 2452 736 2488 29
760 2442 931 2479 ostiarios
947 2441 1036 2477 A²M
1832 2450 1835 2454 ·

390 2537 406 2563 1
433 2529 500 2563 Bis
526 2530 611 2563 emit
638 2530 732 2565 etc.:
770 2528 831 2564 Sic
860 2528 1028 2565 converti
1054 2530 1183 2575 potest
1211 2531 1279 2566 Bis
1300 2535 1446 2576 yratum
1469 2543 1538 2578 quo
1561 2543 1652 2578 opus
1679 2537 1738 2576 est,
1766 2535 1800 2570 si
1826 2551 1827 2554 ¹

338 2576 469 2619 offeras
483 2576 578 2611 ultro
594 2577 720 2611 datum
736 2575 843 2612 Publ.
862 2575 940 2622 Syr.
961 2576 1033 2622 (ed.
1060 2575 1253 2613 Friedrich
1277 2589 1313 2623 p.
1336 2582 1408 2622 31).
1597 2581 1620 2616 6
1644 2581 1800 2625 impium
1824 2582 1825 2587 ’

340 2624 414 2658 etc.
430 2633 438 2657 ε
465 2633 498 2656 v.
516 2622 586 2659 Isa.
605 2635 636 2658 v.
658 2633 713 2668 23.
862 2625 903 2659 18
928 2624 1011 2668 Ipse
1027 2625 1107 2659 licet
1122 2626 1215 2659 etc.:
1240 2623 1305 2660 Ov.
1324 2626 1406 2660 Art.
1422 2626 1542 2661 Amat.
1560 2624 1600 2661 ii.
1619 2635 1699 2672 279,
1717 2628 1798 2664 280.
1822 2624 1831 2669 {-

340 2679 382 2704 21
414 2670 594 2714 orpheus:
619 2681 652 2706 v.
669 2670 780 2716 Verg.
801 2671 925 2715 Geor-9.
942 2669 990 2705 iv.
1006 2679 1182 2724 454—503,
1199 2670 1265 2707 Ov.
1281 2673 1426 2707 Metam.
1443 2684 1478 2709 x.
1494 2673 1598 2718 4-63.
1752 2684 1797 2710 22

339 2727 462 2751 canem
493 2717 704 2762 tricipitem:
746 2716 822 2753 Cic.
859 2718 959 2753 Tusc.
994 2718 1098 2763 Disp.
1131 2717 1171 2753 i1.
1208 2727 1251 2753 10
1284 2717 1302 2764 ξ
1338 2727 1393 2754 22.
1549 2729 1590 2765 25
1626 2721 1710 2756 ille:
1747 2732 1798 2757 sc.
1818 2735 1840 2767 ς,

337 2761 553 2807 Amphion;
583 2775 615 2798 v.
643 2763 730 2800 Hor.
758 2765 804 2800 A.
832 2765 873 2800 P.
900 2773 978 2810 394,
1008 2773 1103 2810 3953
1137 2763 1203 2809 qui
1230 2764 1346 2801 etiam
1372 2777 1404 2803 v.
1430 2776 1497 2813 393
1525 2766 1666 2813 Orphei
1690 2769 1799 2814 tigres

339 2810 548 2856 rabidosque
564 2811 678 2846 leones
693 2809 872 2847 lenientis
888 2809 1122 2848 mentionem
1139 2810 1244 2849 facit.
1835 2842 1837 2851 ,

448 2878 514 2923 326
