1878 3172
224 153 301 193 522
322 152 352 183 a
400 187 402 189 ,
694 139 953 184 IOANNIS
994 139 1504 184 SARESBERIENSIS
1644 138 1756 200 [ΗΒ.
1770 151 1822 184 IV
1866 175 1869 198 3

365 260 549 304 Vtinam
569 274 728 303 aurum
747 275 847 304 cum
867 263 1053 318 argento
1075 254 1270 312 uilescat,
1289 260 1395 303 dum
1415 260 1474 303 sit
1497 259 1590 303 sola
1608 260 1753 304 uirtus
1773 260 1821 303 in

364 330 508 388 pretio
543 332 589 373 et
622 329 700 373 illa
735 344 922 387 quorum
952 344 1082 372 usum
1113 329 1283 386 optima
1315 329 1409 372 dux
1443 329 1626 373 uiuendi
1660 331 1824 372 natura

363 399 651 443 commendat.
711 399 884 456 Pauper
914 398 1065 455 itaque
1098 413 1188 441 non
1221 398 1393 450 iacebit,
1423 412 1503 442 nec
1533 398 1658 441 diues
1686 398 1824 441 solius

365 467 575 524 pecuniae
595 467 804 512 beneficio
823 468 1124 518 honorabitur,
1145 468 1251 510 dum
1275 468 1576 525 unusquisque
1595 467 1664 510 sui
1683 467 1822 524 ipsius
1871 453 1878 541 l

368 537 471 580 dote
510 537 596 580 erit
633 537 682 579 in
719 537 863 594 pretio
901 537 974 580 uel
1012 537 1203 580 uilescet.
1262 537 1398 580 Porro
1440 537 1656 594 quaedam
1697 551 1726 579 a
1764 550 1823 587 se,
1840 542 1878 594 ⁵!

368 606 583 662 quaedam
622 606 679 649 ab
713 606 900 650 aliorum
934 607 1139 663 opinione
1177 606 1344 649 habent
1381 606 1513 663 pretii
1546 605 1822 663 dignitatem.
1876 599 1878 613 ¹

369 674 501 718 Panis
539 675 756 732 siquidem
791 677 871 718 aut
904 675 1128 727 uictualia,
1163 690 1275 732 quae
1307 675 1355 718 in
1386 675 1607 718 alimentis
1641 678 1721 718 aut
1753 675 1822 717 in·

322 747 352 786 b
369 744 591 787 dumentis
617 744 872 788 necessariis
898 747 1113 795 constant,
1133 744 1329 788 dictante
1353 746 1515 787 natura
1534 746 1640 787 sunt
1658 743 1823 800 ubique

366 816 588 857 terrarum
626 813 674 867 in
712 813 867 870 pretio.
938 813 1062 866 Quae
1099 828 1252 857 sensus
1296 813 1520 857 oblectant
1559 813 1824 856 naturaliter

366 883 570 926 omnibus
603 884 734 940 grata
766 885 883 926 sunt.
942 882 1060 935 Quid
1094 883 1267 926 multa?
1326 882 1449 936 Quae
1482 885 1667 926 naturae
1705 884 1822 933 sunt,
1841 893 1878 921 1«

367 966 456 995 non
485 952 616 995 modo
642 951 794 995 eadem
825 951 901 994 sed
934 952 1090 1009 uigent
1115 952 1235 1009 apud
1257 966 1409 995 omnes
1421 965 1433 1005 ;
1465 966 1577 1008 quae
1592 951 1823 1009 'opinionis
1870 999 1873 1001 ,

367 1021 604 1064 arbitrium
619 1023 877 1077 sequuntur,
891 1021 1060 1065 incerta
1074 1025 1197 1074 sunt3
1217 1023 1272 1072 et,
1284 1021 1399 1064 sicut
1412 1020 1471 1064 ad
1481 1020 1693 1078 placitum
1706 1023 1823 1071 sunt,

366 1090 433 1133 ita
453 1092 498 1132 et
517 1089 574 1132 ad
593 1089 805 1146 placitum
825 1092 1104 1133 euanesount.
1162 1090 1266 1133 Non
1286 1089 1436 1133 fuerat
1454 1104 1560 1147 ergo
1577 1089 1823 1132 timendum

366 1158 623 1216 imperatori
646 1173 703 1202 ne
729 1159 916 1202 materia
943 1159 1299 1202 commerciorum
1324 1158 1539 1209 deficeret,
1558 1172 1658 1201 cum
1688 1158 1822 1201 etiam

366 1227 511 1271 adhuc
530 1227 650 1286 apud
669 1228 768 1271 illos
787 1228 1049 1271 uenalitium
1069 1227 1276 1285 frequens
1295 1228 1366 1278 sit,
1387 1227 1463 1284 qui
1482 1227 1713 1284 pecuniam
1732 1241 1822 1270 non
1841 1234 1878 1286 ¹1

366 1301 601 1341 nouerunt.
637 1297 737 1341 Scio
750 1298 952 1355 equidem
964 1300 1116 1341 tantae
1131 1297 1374 1355 sapientiae
1385 1296 1523 1340 fuisse
1535 1296 1823 1346 Salomonem,
1875 1294 1878 1321 ³

366 1369 419 1410 ut
452 1381 695 1424 numquam
735 1367 938 1411 timuerit
968 1381 1023 1410 ne
1063 1381 1222 1409 aurum
1257 1369 1302 1409 et
1330 1368 1565 1424 argentum
1594 1365 1841 1409 uilesceret·

365 1436 564 1492 posteris,
592 1450 779 1493 quorum
808 1439 1015 1479 naturam
1044 1435 1226 1479 uidebat
1263 1449 1355 1478 esse
1390 1434 1639 1478 famelicam
1668 1437 1714 1477 et
1742 1448 1823 1491 pro
1877 1427 1878 1431 ¹

365 1508 493 1562 parte
504 1505 700 1548 maxima
714 1505 850 1548 nichil
862 1504 984 1548 aliud
997 1519 1129 1562 quam
1141 1504 1372 1561 pecuniam
1387 1503 1564 1548 esurire.
1602 1503 1732 1547 Vnde
1741 1517 1822 1560 per
1870 1502 1878 1515 ³

365 1574 627 1631 inspiratam
647 1574 910 1631 sapientiam
929 1574 1042 1617 hanc
1062 1574 1310 1631 rubiginem
1325 1588 1405 1617 rex
1419 1573 1683 1630 contempsit
1701 1587 1821 1630 egre-
1839 1563 1878 1616 κ

366 1643 478 1700 gius,
493 1645 545 1685 ut
560 1643 617 1686 ad
632 1646 933 1700 contemptum
947 1643 1157 1700 pecuniae
1172 1643 1241 1686 sui
1256 1643 1395 1700 ipsius
1410 1642 1610 1699 exemplo
1625 1644 1823 1699 posteros
1871 1653 1878 1691 ἴ

325 1726 351 1757 c
367 1711 591 1756 inuitaret
660 1711 892 1756 Praeterea
939 1726 1032 1755 esse
1074 1726 1222 1770 regem
1266 1711 1446 1769 expedit
1485 1711 1719 1768 copiosum,
1757 1710 1825 1754 ita
1875 1757 1878 1763 ⁴

366 1784 516 1824 tamen
542 1783 595 1824 ut
621 1781 803 1825 diuitias
831 1795 933 1824 suas
959 1781 1111 1838 populi
1138 1783 1325 1839 reputet.
1383 1780 1487 1824 Non
1511 1780 1693 1823 habebit
1718 1793 1823 1837 ergo

364 1849 547 1893 diuitias
567 1862 677 1907 quas
702 1850 879 1893 nomine
904 1850 1099 1907 possidet
1119 1850 1272 1901 alieno,
1291 1863 1371 1893 nec
1390 1849 1475 1893 sibi
1495 1849 1673 1906 priuata
1691 1851 1823 1892 erunt

365 1919 481 1962 bona
499 1919 666 1963 fiscalia
685 1934 797 1976 quae
817 1919 994 1976 publica
1013 1920 1257 1964 confitetur.
1317 1918 1410 1963 Nec
1429 1918 1603 1970 mirum,
1622 1933 1723 1962 cum
1742 1932 1821 1962 nec
1838 1926 1878 1972 a}

365 1988 459 2045 ipse
479 2002 584 2032 suus
603 1988 664 2032 sit
682 1988 759 2031 sed
778 1988 1068 2032 subditorum.

366 2110 472 2170 Cap.
494 2114 534 2155 6.
573 2111 700 2166 Quod
722 2111 840 2156 debet
868 2113 1001 2170 leye‘m
1028 2113 1112 2156 Dei
1137 2112 1291 2157 habere
1312 2127 1424 2170 prae
1449 2117 1593 2157 mente
1615 2117 1655 2156 et
1684 2113 1824 2157 oculis

479 2196 657 2238 semper,
681 2186 720 2226 et
742 2182 921 2239 pm‘tus
948 2197 1031 2226 csse
1060 2183 1114 2226 in
1144 2182 1316 2234 litteris,
1345 2187 1382 2226 et
1412 2182 1715 2228 litteratorum
1743 2183 1823 2240 agi

481 2250 692 2294 consiliis.

422 2330 662 2387 Postquam
686 2333 835 2374 autem
855 2331 1017 2374 sederit
1041 2331 1089 2373 in
1115 2331 1224 2374 solio
1247 2331 1371 2389 regni
1398 2331 1479 2382 sui,
1498 2331 1714 2375 describet
1736 2331 1821 2375 sibi
1837 2345 1878 2383 3⁴¹

364 2398 756 2442 Deuteronomium
772 2400 881 2457 legis
893 2401 1025 2443 huius
1039 2400 1086 2442 in
1101 2400 1337 2444 uolumine.
1381 2399 1489 2443 Ecce
1502 2400 1606 2456 quia
1620 2401 1822 2457 princeps

364 2482 453 2510 non
493 2468 624 2511 debet
663 2483 756 2511 esse
795 2469 905 2512 iuris
944 2470 1125 2526 ignarus
1161 2472 1216 2520 et,
1248 2469 1350 2512 licet
1388 2468 1541 2511 multis
1575 2469 1821 2526 priuilegiis
1863 2461 1865 2463 ¹

364 2536 567 2593 gaudeat,
594 2552 674 2581 nec
700 2538 885 2581 militiae
912 2540 1147 2595 praetextu
1173 2538 1315 2595 legem
1340 2537 1520 2581 Domini
1546 2538 1822 2594 permittitur

367 2648 410 2676 12
436 2642 612 2675 secuntur
629 2639 670 2675 M

366 2770 399 2808 D
413 2735 434 2760 2
449 2727 593 2807 pptivfffia
609 2728 687 2808 οἶδμα)
703 2728 801 2764 etc.:
826 2739 859 2763 v.
878 2725 953 2763 Cic.
973 2728 1015 2762 de
1031 2727 1178 2764 Amicit.
1197 2734 1215 2773 5
1237 2725 1255 2773 ξ
1277 2735 1332 2772 19.
1443 2736 1490 2772 30
1513 2727 1705 2773 Postquam
1722 2727 1821 2763 etc.:

401 2782 446 2808 eu
469 2797 478 2807 .
497 2783 583 2807 xm.
606 2782 620 2808 1
651 2799 659 2809 .

474 2850 542 2886 ²50
