<?xml version="1.0" encoding="UTF-8"?>
<!DOCTYPE html PUBLIC "-//W3C//DTD XHTML 1.0 Transitional//EN"
    "http://www.w3.org/TR/xhtml1/DTD/xhtml1-transitional.dtd">
<html xmlns="http://www.w3.org/1999/xhtml" xml:lang="en" lang="en">
 <head>
  <title>
</title>
<meta http-equiv="Content-Type" content="text/html;charset=utf-8" />
  <meta name='ocr-system' content='tesseract 3.04.00' />
  <meta name='ocr-capabilities' content='ocr_page ocr_carea ocr_par ocr_line ocrx_word'/>
</head>
<body>
  <div class='ocr_page' id='page_1' title='image "./ioannissaresberi01johnuoft_0244.png"; bbox 0 0 1878 3172; ppageno 0'>
   <div class='ocr_carea' id='block_1_1' title="bbox 187 175 1793 238">
    <p class='ocr_par' dir='ltr' id='par_1_1' title="bbox 187 175 1793 238">
     <span class='ocr_line' id='line_1_1' title="bbox 187 175 1793 238; baseline 0.001 -18"><span class='ocrx_word' id='word_1_1' title='bbox 187 180 268 230; x_wconf 87' lang='lat'><strong>487</strong></span> <span class='ocrx_word' id='word_1_2' title='bbox 289 189 314 220; x_wconf 84' lang='lat' dir='ltr'><strong>c</strong></span> <span class='ocrx_word' id='word_1_3' title='bbox 658 176 919 220; x_wconf 87' lang='lat' dir='ltr'>IOANNIS</span> <span class='ocrx_word' id='word_1_4' title='bbox 951 176 1461 221; x_wconf 86' lang='lat' dir='ltr'><strong>SARESBERIENSIS</strong></span> <span class='ocrx_word' id='word_1_5' title='bbox 1609 175 1719 238; x_wconf 77' lang='lat' dir='ltr'><strong>[Lm.</strong></span> <span class='ocrx_word' id='word_1_6' title='bbox 1732 189 1793 222; x_wconf 89' lang='lat'><strong>111</strong></span> 
     </span>
    </p>
   </div>
   <div class='ocr_carea' id='block_1_2' title="bbox 291 296 1878 1386">
    <p class='ocr_par' dir='ltr' id='par_1_2' title="bbox 291 296 1878 1386">
     <span class='ocr_line' id='line_1_2' title="bbox 331 296 1796 354; baseline 0.001 -15"><span class='ocrx_word' id='word_1_7' title='bbox 331 297 426 340; x_wconf 83' lang='lat' dir='ltr'><strong>trix</strong></span> <span class='ocrx_word' id='word_1_8' title='bbox 446 299 513 340; x_wconf 90' lang='lat' dir='ltr'><strong>est</strong></span> <span class='ocrx_word' id='word_1_9' title='bbox 533 297 657 340; x_wconf 91' lang='lat' dir='ltr'><strong>cuius</strong></span> <span class='ocrx_word' id='word_1_10' title='bbox 677 297 834 340; x_wconf 88' lang='lat' dir='ltr'><strong>indicit</strong></span> <span class='ocrx_word' id='word_1_11' title='bbox 849 296 1016 354; x_wconf 82' lang='lat' dir='ltr'><strong>fugam.</strong></span> <span class='ocrx_word' id='word_1_12' title='bbox 1075 297 1235 349; x_wconf 87' lang='lat' dir='ltr'><strong>Fauus,</strong></span> <span class='ocrx_word' id='word_1_13' title='bbox 1259 297 1418 354; x_wconf 89' lang='lat' dir='ltr'><strong>inquit,</strong></span> <span class='ocrx_word' id='word_1_14' title='bbox 1438 297 1658 340; x_wconf 72' lang='lat' dir='ltr'><strong>distillans</strong></span> <span class='ocrx_word' id='word_1_15' title='bbox 1676 297 1796 340; x_wconf 88' lang='lat' dir='ltr'><strong>labia</strong></span> 
     </span>
     <span class='ocr_line' id='line_1_3' title="bbox 332 366 1795 423; baseline 0.001 -15"><span class='ocrx_word' id='word_1_16' title='bbox 332 366 575 409; x_wconf 89' lang='lat' dir='ltr'><strong>meretricis</strong></span> <span class='ocrx_word' id='word_1_17' title='bbox 602 369 647 409; x_wconf 93' lang='lat' dir='ltr'><strong>et</strong></span> <span class='ocrx_word' id='word_1_18' title='bbox 673 366 859 409; x_wconf 72' lang='lat' dir='ltr'><strong>nitidius</strong></span> <span class='ocrx_word' id='word_1_19' title='bbox 886 366 980 409; x_wconf 91' lang='lat' dir='ltr'><strong>oleo</strong></span> <span class='ocrx_word' id='word_1_20' title='bbox 1006 369 1165 423; x_wconf 84' lang='lat' dir='ltr'><strong>guttur</strong></span> <span class='ocrx_word' id='word_1_21' title='bbox 1195 367 1300 410; x_wconf 90' lang='lat' dir='ltr'><strong>eius.</strong></span> <span class='ocrx_word' id='word_1_22' title='bbox 1365 366 1619 410; x_wconf 84' lang='lat' dir='ltr'><strong>Nouissima</strong></span> <span class='ocrx_word' id='word_1_23' title='bbox 1645 369 1795 409; x_wconf 91' lang='lat' dir='ltr'><strong>autem</strong></span> 
     </span>
     <span class='ocr_line' id='line_1_4' title="bbox 333 435 1869 493; baseline -0.003 -15"><span class='ocrx_word' id='word_1_24' title='bbox 333 436 428 478; x_wconf 91' lang='lat' dir='ltr'><strong>eius</strong></span> <span class='ocrx_word' id='word_1_25' title='bbox 452 435 578 492; x_wconf 83' lang='lat' dir='ltr'><strong>quasi</strong></span> <span class='ocrx_word' id='word_1_26' title='bbox 608 435 849 478; x_wconf 88' lang='lat' dir='ltr'><strong>absintium</strong></span> <span class='ocrx_word' id='word_1_27' title='bbox 875 450 1026 478; x_wconf 89' lang='lat' dir='ltr'><strong>amara</strong></span> <span class='ocrx_word' id='word_1_28' title='bbox 1050 438 1095 478; x_wconf 91' lang='lat' dir='ltr'><strong>et</strong></span> <span class='ocrx_word' id='word_1_29' title='bbox 1121 438 1252 479; x_wconf 90' lang='lat' dir='ltr'><strong>acuta</strong></span> <span class='ocrx_word' id='word_1_30' title='bbox 1279 435 1405 492; x_wconf 83' lang='lat' dir='ltr'><strong>quasi</strong></span> <span class='ocrx_word' id='word_1_31' title='bbox 1431 436 1607 493; x_wconf 84' lang='lat' dir='ltr'><strong>gladius</strong></span> <span class='ocrx_word' id='word_1_32' title='bbox 1633 436 1793 492; x_wconf 85' lang='lat' dir='ltr'><strong>biceps.</strong></span> <span class='ocrx_word' id='word_1_33' title='bbox 1867 472 1869 474; x_wconf 79' lang='grc'>,</span> 
     </span>
     <span class='ocr_line' id='line_1_5' title="bbox 333 500 1878 563; baseline 0 -16"><span class='ocrx_word' id='word_1_34' title='bbox 333 500 470 548; x_wconf 84' lang='lat' dir='ltr'><strong>Pedes</strong></span> <span class='ocrx_word' id='word_1_35' title='bbox 485 504 605 547; x_wconf 90' lang='lat' dir='ltr'><strong>illius</strong></span> <span class='ocrx_word' id='word_1_36' title='bbox 620 504 889 547; x_wconf 90' lang='lat' dir='ltr'><strong>descendunt</strong></span> <span class='ocrx_word' id='word_1_37' title='bbox 909 504 956 546; x_wconf 90' lang='lat' dir='ltr'><strong>in</strong></span> <span class='ocrx_word' id='word_1_38' title='bbox 976 508 1163 547; x_wconf 92' lang='lat' dir='ltr'><strong>mortem</strong></span> <span class='ocrx_word' id='word_1_39' title='bbox 1184 507 1229 548; x_wconf 92' lang='lat' dir='ltr'><strong>et</strong></span> <span class='ocrx_word' id='word_1_40' title='bbox 1249 505 1306 547; x_wconf 88' lang='lat' dir='ltr'><strong>ad</strong></span> <span class='ocrx_word' id='word_1_41' title='bbox 1325 504 1491 548; x_wconf 84' lang='lat' dir='ltr'><strong>inferos</strong></span> <span class='ocrx_word' id='word_1_42' title='bbox 1510 519 1686 563; x_wconf 87' lang='lat' dir='ltr'><strong>gressus</strong></span> <span class='ocrx_word' id='word_1_43' title='bbox 1701 505 1795 547; x_wconf 91' lang='lat' dir='ltr'><strong>eius</strong></span> <span class='ocrx_word' id='word_1_44' title='bbox 1877 555 1878 559; x_wconf 10' lang='grc' dir='ltr'><strong>Ἰ</strong></span> 
     </span>
     <span class='ocr_line' id='line_1_6' title="bbox 332 574 1878 631; baseline 0 -15"><span class='ocrx_word' id='word_1_45' title='bbox 332 576 579 631; x_wconf 86' lang='lat' dir='ltr'><strong>penetrant,</strong></span> <span class='ocrx_word' id='word_1_46' title='bbox 613 588 692 630; x_wconf 89' lang='lat' dir='ltr'><strong>per</strong></span> <span class='ocrx_word' id='word_1_47' title='bbox 731 574 933 616; x_wconf 88' lang='lat' dir='ltr'><strong>semitam</strong></span> <span class='ocrx_word' id='word_1_48' title='bbox 972 574 1093 617; x_wconf 90' lang='lat' dir='ltr'><strong>uitae</strong></span> <span class='ocrx_word' id='word_1_49' title='bbox 1131 589 1221 616; x_wconf 90' lang='lat' dir='ltr'><strong>non</strong></span> <span class='ocrx_word' id='word_1_50' title='bbox 1255 574 1512 626; x_wconf 80' lang='lat' dir='ltr'><strong>ambulant3</strong></span> <span class='ocrx_word' id='word_1_51' title='bbox 1550 574 1655 631; x_wconf 85' lang='lat' dir='ltr'><strong>uagi</strong></span> <span class='ocrx_word' id='word_1_52' title='bbox 1689 577 1795 617; x_wconf 91' lang='lat' dir='ltr'><strong>sunt</strong></span> <span class='ocrx_word' id='word_1_53' title='bbox 1812 590 1833 626; x_wconf 86' lang='lat'><strong>5</strong></span> <span class='ocrx_word' id='word_1_54' title='bbox 1867 575 1878 608; x_wconf 74' lang='lat'><strong>.‘</strong></span> 
     </span>
     <span class='ocr_line' id='line_1_7' title="bbox 331 643 1871 702; baseline -0.001 -16"><span class='ocrx_word' id='word_1_55' title='bbox 331 658 507 701; x_wconf 87' lang='lat' dir='ltr'><strong>gressus</strong></span> <span class='ocrx_word' id='word_1_56' title='bbox 528 643 622 686; x_wconf 92' lang='lat' dir='ltr'><strong>eius</strong></span> <span class='ocrx_word' id='word_1_57' title='bbox 637 646 682 686; x_wconf 90' lang='lat' dir='ltr'><strong>et</strong></span> <span class='ocrx_word' id='word_1_58' title='bbox 694 643 1035 700; x_wconf 87' lang='lat' dir='ltr'><strong>inuestigabiles.</strong></span> <span class='ocrx_word' id='word_1_59' title='bbox 1085 643 1216 686; x_wconf 89' lang='lat' dir='ltr'><strong>Nunc</strong></span> <span class='ocrx_word' id='word_1_60' title='bbox 1237 657 1353 700; x_wconf 91' lang='lat' dir='ltr'><strong>ergo,</strong></span> <span class='ocrx_word' id='word_1_61' title='bbox 1367 643 1433 685; x_wconf 86' lang='lat' dir='ltr'><strong>ffli</strong></span> <span class='ocrx_word' id='word_1_62' title='bbox 1453 644 1526 696; x_wconf 89' lang='lat' dir='ltr'><strong>mi,</strong></span> <span class='ocrx_word' id='word_1_63' title='bbox 1541 643 1646 686; x_wconf 89' lang='lat' dir='ltr'><strong>audi</strong></span> <span class='ocrx_word' id='word_1_64' title='bbox 1665 658 1735 686; x_wconf 89' lang='lat' dir='ltr'><strong>me</strong></span> <span class='ocrx_word' id='word_1_65' title='bbox 1751 645 1797 686; x_wconf 87' lang='lat' dir='ltr'><strong>et</strong></span> <span class='ocrx_word' id='word_1_66' title='bbox 1866 675 1871 702; x_wconf 72' lang='lat'><em>3</em></span> 
     </span>
     <span class='ocr_line' id='line_1_8' title="bbox 332 706 1878 769; baseline 0.001 -15"><span class='ocrx_word' id='word_1_67' title='bbox 332 727 388 755; x_wconf 90' lang='lat' dir='ltr'><strong>ne</strong></span> <span class='ocrx_word' id='word_1_68' title='bbox 408 712 583 755; x_wconf 84' lang='lat' dir='ltr'><strong>recedas</strong></span> <span class='ocrx_word' id='word_1_69' title='bbox 604 727 631 755; x_wconf 91' lang='lat' dir='ltr'><strong>a</strong></span> <span class='ocrx_word' id='word_1_70' title='bbox 650 712 798 755; x_wconf 89' lang='lat' dir='ltr'><strong>uerbis</strong></span> <span class='ocrx_word' id='word_1_71' title='bbox 818 712 906 755; x_wconf 88' lang='lat' dir='ltr'><strong>oris</strong></span> <span class='ocrx_word' id='word_1_72' title='bbox 926 713 1023 755; x_wconf 89' lang='lat' dir='ltr'><strong>mei.</strong></span> <span class='ocrx_word' id='word_1_73' title='bbox 1075 712 1224 769; x_wconf 90' lang='lat' dir='ltr'><strong>Longe</strong></span> <span class='ocrx_word' id='word_1_74' title='bbox 1240 712 1311 756; x_wconf 85' lang='lat' dir='ltr'><strong>fac</strong></span> <span class='ocrx_word' id='word_1_75' title='bbox 1331 713 1388 755; x_wconf 88' lang='lat' dir='ltr'><strong>ab</strong></span> <span class='ocrx_word' id='word_1_76' title='bbox 1409 727 1460 756; x_wconf 90' lang='lat' dir='ltr'><strong>ea</strong></span> <span class='ocrx_word' id='word_1_77' title='bbox 1475 713 1596 756; x_wconf 90' lang='lat' dir='ltr'><strong>uiam</strong></span> <span class='ocrx_word' id='word_1_78' title='bbox 1611 716 1735 756; x_wconf 90' lang='lat' dir='ltr'><strong>tuam</strong></span> <span class='ocrx_word' id='word_1_79' title='bbox 1751 715 1797 755; x_wconf 88' lang='lat' dir='ltr'><strong>et</strong></span> <span class='ocrx_word' id='word_1_80' title='bbox 1862 706 1878 763; x_wconf 63' lang='lat'><strong>3¹·-</strong></span> 
     </span>
     <span class='ocr_line' id='line_1_9' title="bbox 332 781 1868 838; baseline -0.001 -14"><span class='ocrx_word' id='word_1_81' title='bbox 332 796 388 824; x_wconf 92' lang='lat' dir='ltr'><strong>ne</strong></span> <span class='ocrx_word' id='word_1_82' title='bbox 409 781 733 838; x_wconf 88' lang='lat' dir='ltr'><strong>appropinques</strong></span> <span class='ocrx_word' id='word_1_83' title='bbox 756 781 926 837; x_wconf 83' lang='lat' dir='ltr'><strong>foribus</strong></span> <span class='ocrx_word' id='word_1_84' title='bbox 946 781 1102 824; x_wconf 90' lang='lat' dir='ltr'><strong>domus</strong></span> <span class='ocrx_word' id='word_1_85' title='bbox 1122 782 1227 825; x_wconf 89' lang='lat' dir='ltr'><strong>eius.</strong></span> <span class='ocrx_word' id='word_1_86' title='bbox 1286 781 1420 834; x_wconf 91' lang='lat' dir='ltr'><strong>Haec,</strong></span> <span class='ocrx_word' id='word_1_87' title='bbox 1441 782 1524 825; x_wconf 90' lang='lat' dir='ltr'><strong>etsi</strong></span> <span class='ocrx_word' id='word_1_88' title='bbox 1545 782 1603 825; x_wconf 91' lang='lat' dir='ltr'><strong>ad</strong></span> <span class='ocrx_word' id='word_1_89' title='bbox 1632 784 1796 825; x_wconf 88' lang='lat' dir='ltr'><strong>sectam</strong></span> <span class='ocrx_word' id='word_1_90' title='bbox 1860 783 1868 811; x_wconf 62' lang='grc' dir='ltr'>ἵ</span> 
     </span>
     <span class='ocr_line' id='line_1_10' title="bbox 333 849 1796 907; baseline 0.001 -15"><span class='ocrx_word' id='word_1_91' title='bbox 333 851 625 893; x_wconf 68' lang='lat' dir='ltr'><strong>hereticorum</strong></span> <span class='ocrx_word' id='word_1_92' title='bbox 647 853 909 893; x_wconf 72' lang='lat' dir='ltr'><strong>censeantur</strong></span> <span class='ocrx_word' id='word_1_93' title='bbox 928 851 1161 907; x_wconf 86' lang='lat' dir='ltr'><strong>praecipue</strong></span> <span class='ocrx_word' id='word_1_94' title='bbox 1187 849 1430 904; x_wconf 85' lang='lat' dir='ltr'><strong>referenda,</strong></span> <span class='ocrx_word' id='word_1_95' title='bbox 1451 851 1508 894; x_wconf 90' lang='lat' dir='ltr'><strong>ab</strong></span> <span class='ocrx_word' id='word_1_96' title='bbox 1528 851 1796 894; x_wconf 88' lang='lat' dir='ltr'><strong>adulationis</strong></span> 
     </span>
     <span class='ocr_line' id='line_1_11' title="bbox 333 919 1857 976; baseline 0 -14"><span class='ocrx_word' id='word_1_97' title='bbox 333 919 492 962; x_wconf 78' lang='lat' dir='ltr'><strong>fraude</strong></span> <span class='ocrx_word' id='word_1_98' title='bbox 512 934 601 962; x_wconf 89' lang='lat' dir='ltr'><strong>non</strong></span> <span class='ocrx_word' id='word_1_99' title='bbox 621 919 765 962; x_wconf 89' lang='lat' dir='ltr'><strong>aliena</strong></span> <span class='ocrx_word' id='word_1_100' title='bbox 790 922 907 962; x_wconf 91' lang='lat' dir='ltr'><strong>sunt.</strong></span> <span class='ocrx_word' id='word_1_101' title='bbox 967 919 1016 962; x_wconf 84' lang='lat' dir='ltr'><strong>Si</strong></span> <span class='ocrx_word' id='word_1_102' title='bbox 1044 934 1149 976; x_wconf 89' lang='lat' dir='ltr'><strong>ergo</strong></span> <span class='ocrx_word' id='word_1_103' title='bbox 1173 919 1230 962; x_wconf 90' lang='lat' dir='ltr'><strong>ad</strong></span> <span class='ocrx_word' id='word_1_104' title='bbox 1260 919 1377 963; x_wconf 87' lang='lat' dir='ltr'><strong>fores</strong></span> <span class='ocrx_word' id='word_1_105' title='bbox 1404 920 1559 964; x_wconf 89' lang='lat' dir='ltr'><strong>domus</strong></span> <span class='ocrx_word' id='word_1_106' title='bbox 1586 921 1680 963; x_wconf 90' lang='lat' dir='ltr'><strong>eius</strong></span> <span class='ocrx_word' id='word_1_107' title='bbox 1705 934 1795 962; x_wconf 93' lang='lat' dir='ltr'><strong>non</strong></span> <span class='ocrx_word' id='word_1_108' title='bbox 1815 933 1857 959; x_wconf 82' lang='lat'><strong>10</strong></span> 
     </span>
     <span class='ocr_line' id='line_1_12' title="bbox 333 988 1865 1047; baseline 0.001 -17"><span class='ocrx_word' id='word_1_109' title='bbox 333 988 437 1031; x_wconf 90' lang='lat' dir='ltr'><strong>licet</strong></span> <span class='ocrx_word' id='word_1_110' title='bbox 466 988 679 1041; x_wconf 90' lang='lat' dir='ltr'><strong>accedere,</strong></span> <span class='ocrx_word' id='word_1_111' title='bbox 709 988 925 1045; x_wconf 90' lang='lat' dir='ltr'><strong>numquid</strong></span> <span class='ocrx_word' id='word_1_112' title='bbox 956 988 1231 1032; x_wconf 89' lang='lat' dir='ltr'><strong>admittenda</strong></span> <span class='ocrx_word' id='word_1_113' title='bbox 1261 992 1328 1032; x_wconf 89' lang='lat' dir='ltr'><strong>est</strong></span> <span class='ocrx_word' id='word_1_114' title='bbox 1357 990 1405 1031; x_wconf 89' lang='lat' dir='ltr'><strong>in</strong></span> <span class='ocrx_word' id='word_1_115' title='bbox 1433 989 1688 1047; x_wconf 86' lang='lat' dir='ltr'><strong>praecordia</strong></span> <span class='ocrx_word' id='word_1_116' title='bbox 1721 1003 1795 1046; x_wconf 90' lang='lat' dir='ltr'><strong>pe·</strong></span> <span class='ocrx_word' id='word_1_117' title='bbox 1863 996 1865 1004; x_wconf 68' lang='lat'><strong><em>⁴</em></strong></span> 
     </span>
     <span class='ocr_line' id='line_1_13' title="bbox 335 1057 1867 1114; baseline 0 -14"><span class='ocrx_word' id='word_1_118' title='bbox 335 1058 499 1101; x_wconf 59' lang='lat' dir='ltr'><strong>ctoris&#39;i</strong></span> <span class='ocrx_word' id='word_1_119' title='bbox 559 1057 766 1101; x_wconf 83' lang='lat' dir='ltr'><strong>Ceterum</strong></span> <span class='ocrx_word' id='word_1_120' title='bbox 794 1072 894 1101; x_wconf 89' lang='lat' dir='ltr'><strong>cum</strong></span> <span class='ocrx_word' id='word_1_121' title='bbox 919 1058 1155 1114; x_wconf 84' lang='lat' dir='ltr'><strong>multiplex</strong></span> <span class='ocrx_word' id='word_1_122' title='bbox 1175 1058 1235 1102; x_wconf 93' lang='lat' dir='ltr'><strong>sit</strong></span> <span class='ocrx_word' id='word_1_123' title='bbox 1264 1058 1427 1101; x_wconf 92' lang='lat' dir='ltr'><strong>uitium</strong></span> <span class='ocrx_word' id='word_1_124' title='bbox 1456 1058 1677 1109; x_wconf 82' lang='lat' dir='ltr'><strong>adulandi,</strong></span> <span class='ocrx_word' id='word_1_125' title='bbox 1698 1058 1797 1101; x_wconf 89' lang='lat' dir='ltr'><strong>aliis</strong></span> <span class='ocrx_word' id='word_1_126' title='bbox 1862 1107 1867 1111; x_wconf 43' lang='grc'>,</span> 
     </span>
     <span class='ocr_line' id='line_1_14' title="bbox 291 1127 1865 1184; baseline 0.001 -15"><span class='ocrx_word' id='word_1_127' title='bbox 291 1132 320 1172; x_wconf 86' lang='lat' dir='ltr'><strong>d</strong></span> <span class='ocrx_word' id='word_1_128' title='bbox 337 1127 468 1169; x_wconf 92' lang='lat' dir='ltr'><strong>uultu</strong></span> <span class='ocrx_word' id='word_1_129' title='bbox 507 1127 605 1170; x_wconf 89' lang='lat' dir='ltr'><strong>aliis</strong></span> <span class='ocrx_word' id='word_1_130' title='bbox 644 1128 780 1170; x_wconf 91' lang='lat' dir='ltr'><strong>uerbo</strong></span> <span class='ocrx_word' id='word_1_131' title='bbox 820 1127 918 1170; x_wconf 89' lang='lat' dir='ltr'><strong>aliis</strong></span> <span class='ocrx_word' id='word_1_132' title='bbox 957 1142 1087 1184; x_wconf 88' lang='lat' dir='ltr'><strong>opere</strong></span> <span class='ocrx_word' id='word_1_133' title='bbox 1126 1128 1198 1170; x_wconf 92' lang='lat' dir='ltr'><strong>uel</strong></span> <span class='ocrx_word' id='word_1_134' title='bbox 1237 1142 1418 1171; x_wconf 89' lang='lat' dir='ltr'><strong>munere</strong></span> <span class='ocrx_word' id='word_1_135' title='bbox 1455 1127 1796 1179; x_wconf 84' lang='lat' dir='ltr'><strong>assentantibus,</strong></span> <span class='ocrx_word' id='word_1_136' title='bbox 1863 1171 1865 1174; x_wconf 75' lang='grc'>,</span> 
     </span>
     <span class='ocr_line' id='line_1_15' title="bbox 335 1195 1795 1240; baseline 0.001 -2"><span class='ocrx_word' id='word_1_137' title='bbox 335 1195 630 1239; x_wconf 89' lang='lat' dir='ltr'><strong>efficacissima</strong></span> <span class='ocrx_word' id='word_1_138' title='bbox 659 1198 726 1239; x_wconf 91' lang='lat' dir='ltr'><strong>est</strong></span> <span class='ocrx_word' id='word_1_139' title='bbox 755 1196 1021 1239; x_wconf 86' lang='lat' dir='ltr'><strong>adulationis</strong></span> <span class='ocrx_word' id='word_1_140' title='bbox 1051 1196 1175 1239; x_wconf 83' lang='lat' dir='ltr'><strong>fraus</strong></span> <span class='ocrx_word' id='word_1_141' title='bbox 1204 1211 1304 1240; x_wconf 91' lang='lat' dir='ltr'><strong>cum</strong></span> <span class='ocrx_word' id='word_1_142' title='bbox 1338 1197 1663 1240; x_wconf 89' lang='lat' dir='ltr'><strong>simulationem</strong></span> <span class='ocrx_word' id='word_1_143' title='bbox 1694 1211 1795 1240; x_wconf 85' lang='lat' dir='ltr'><strong>con·</strong></span> 
     </span>
     <span class='ocr_line' id='line_1_16' title="bbox 331 1263 1871 1323; baseline 0 -16"><span class='ocrx_word' id='word_1_144' title='bbox 331 1265 512 1308; x_wconf 90' lang='lat' dir='ltr'><strong>firmant</strong></span> <span class='ocrx_word' id='word_1_145' title='bbox 550 1280 734 1308; x_wconf 89' lang='lat' dir='ltr'><strong>munera</strong></span> <span class='ocrx_word' id='word_1_146' title='bbox 773 1267 852 1308; x_wconf 92' lang='lat' dir='ltr'><strong>aut</strong></span> <span class='ocrx_word' id='word_1_147' title='bbox 887 1265 927 1308; x_wconf 88' lang='lat' dir='ltr'><strong>ei</strong></span> <span class='ocrx_word' id='word_1_148' title='bbox 960 1265 1179 1309; x_wconf 89' lang='lat' dir='ltr'><strong>difficilius</strong></span> <span class='ocrx_word' id='word_1_149' title='bbox 1214 1266 1471 1323; x_wconf 88' lang='lat' dir='ltr'><strong>obsequium</strong></span> <span class='ocrx_word' id='word_1_150' title='bbox 1510 1268 1794 1310; x_wconf 89' lang='lat' dir='ltr'><strong>contestatur.</strong></span> <span class='ocrx_word' id='word_1_151' title='bbox 1814 1263 1871 1316; x_wconf 62' lang='lat'><strong>15⁹</strong></span> 
     </span>
     <span class='ocr_line' id='line_1_17' title="bbox 334 1333 1865 1386; baseline 0.001 -10"><span class='ocrx_word' id='word_1_152' title='bbox 334 1333 384 1377; x_wconf 89' lang='lat' dir='ltr'><strong>Si</strong></span> <span class='ocrx_word' id='word_1_153' title='bbox 415 1335 545 1377; x_wconf 89' lang='lat' dir='ltr'><strong>aliter</strong></span> <span class='ocrx_word' id='word_1_154' title='bbox 573 1334 725 1386; x_wconf 90' lang='lat' dir='ltr'><strong>credis,</strong></span> <span class='ocrx_word' id='word_1_155' title='bbox 1863 1349 1865 1353; x_wconf 91' lang='lat'>·</span> 
     </span>
    </p>
   </div>
   <div class='ocr_carea' id='block_1_3' title="bbox 1861 745 1878 1248">
    <p class='ocr_par' dir='ltr' id='par_1_3' title="bbox 1861 745 1878 1248">
     <span class='ocr_line' id='line_1_18' title="bbox 1861 745 1878 1248; baseline 0 1924"><span class='ocrx_word' id='word_1_156' title='bbox 1861 745 1878 1248; x_wconf 95' lang='lat' dir='ltr'><strong> </strong></span> 
     </span>
    </p>
   </div>
   <div class='ocr_carea' id='block_1_4' title="bbox 1833 1258 1878 2452">
    <p class='ocr_par' dir='ltr' id='par_1_4' title="bbox 1833 1258 1878 2452">
     <span class='ocr_line' id='line_1_19' title="bbox 1833 1258 1878 2452; baseline 0 0"><span class='ocrx_word' id='word_1_157' title='bbox 1833 1258 1878 2452; x_wconf 95' lang='lat' dir='ltr'><strong> </strong></span> 
     </span>
    </p>
   </div>
   <div class='ocr_carea' id='block_1_5' title="bbox 451 1403 1705 1519">
    <p class='ocr_par' dir='ltr' id='par_1_5' title="bbox 451 1403 1705 1519">
     <span class='ocr_line' id='line_1_20' title="bbox 967 1403 1705 1461; baseline 0 -15"><span class='ocrx_word' id='word_1_158' title='bbox 967 1418 1100 1460; x_wconf 92' lang='lat' dir='ltr'><strong>quam</strong></span> <span class='ocrx_word' id='word_1_159' title='bbox 1130 1407 1175 1447; x_wconf 90' lang='lat' dir='ltr'><strong>te</strong></span> <span class='ocrx_word' id='word_1_160' title='bbox 1204 1407 1284 1447; x_wconf 92' lang='lat' dir='ltr'><strong>tua</strong></span> <span class='ocrx_word' id='word_1_161' title='bbox 1313 1407 1512 1461; x_wconf 90' lang='lat' dir='ltr'><strong>tempora</strong></span> <span class='ocrx_word' id='word_1_162' title='bbox 1540 1403 1705 1447; x_wconf 80' lang='lat' dir='ltr'><strong>fallunt</strong></span> 
     </span>
     <span class='ocr_line' id='line_1_21' title="bbox 451 1461 1489 1519; baseline 0.003 -16"><span class='ocrx_word' id='word_1_163' title='bbox 451 1461 529 1518; x_wconf 90' lang='lat' dir='ltr'><strong>qui</strong></span> <span class='ocrx_word' id='word_1_164' title='bbox 558 1461 672 1517; x_wconf 91' lang='lat' dir='ltr'><strong>stipe</strong></span> <span class='ocrx_word' id='word_1_165' title='bbox 701 1461 787 1503; x_wconf 91' lang='lat' dir='ltr'><strong>mel</strong></span> <span class='ocrx_word' id='word_1_166' title='bbox 817 1464 994 1518; x_wconf 91' lang='lat' dir='ltr'><strong>sumpta</strong></span> <span class='ocrx_word' id='word_1_167' title='bbox 1023 1462 1195 1505; x_wconf 92' lang='lat' dir='ltr'><strong>dulcius</strong></span> <span class='ocrx_word' id='word_1_168' title='bbox 1224 1477 1317 1505; x_wconf 90' lang='lat' dir='ltr'><strong>esse</strong></span> <span class='ocrx_word' id='word_1_169' title='bbox 1345 1465 1489 1519; x_wconf 88' lang='lat' dir='ltr'><strong>putas.</strong></span> 
     </span>
    </p>
   </div>
   <div class='ocr_carea' id='block_1_6' title="bbox 333 1557 1862 1753">
    <p class='ocr_par' dir='ltr' id='par_1_6' title="bbox 333 1557 1862 1753">
     <span class='ocr_line' id='line_1_22' title="bbox 335 1557 1862 1617; baseline 0.001 -17"><span class='ocrx_word' id='word_1_170' title='bbox 335 1557 544 1601; x_wconf 90' lang='lat' dir='ltr'><strong>Probatio</strong></span> <span class='ocrx_word' id='word_1_171' title='bbox 564 1558 780 1614; x_wconf 90' lang='lat' dir='ltr'><strong>siquidem</strong></span> <span class='ocrx_word' id='word_1_172' title='bbox 800 1573 930 1602; x_wconf 90' lang='lat' dir='ltr'><strong>uerae</strong></span> <span class='ocrx_word' id='word_1_173' title='bbox 951 1559 1197 1602; x_wconf 88' lang='lat' dir='ltr'><strong>dilectionis</strong></span> <span class='ocrx_word' id='word_1_174' title='bbox 1217 1561 1284 1602; x_wconf 87' lang='lat' dir='ltr'><strong>est</strong></span> <span class='ocrx_word' id='word_1_175' title='bbox 1303 1559 1386 1602; x_wconf 88' lang='lat' dir='ltr'><strong>sub</strong></span> <span class='ocrx_word' id='word_1_176' title='bbox 1406 1560 1538 1602; x_wconf 89' lang='lat' dir='ltr'><strong>huius</strong></span> <span class='ocrx_word' id='word_1_177' title='bbox 1559 1562 1794 1617; x_wconf 90' lang='lat' dir='ltr'><strong>tempesta·</strong></span> <span class='ocrx_word' id='word_1_178' title='bbox 1859 1579 1862 1614; x_wconf 76' lang='lat' dir='ltr'>j</span> 
     </span>
     <span class='ocr_line' id='line_1_23' title="bbox 333 1626 1831 1683; baseline 0.001 -13"><span class='ocrx_word' id='word_1_179' title='bbox 333 1628 394 1670; x_wconf 91' lang='lat' dir='ltr'><strong>tis</strong></span> <span class='ocrx_word' id='word_1_180' title='bbox 422 1627 701 1683; x_wconf 87' lang='lat' dir='ltr'><strong>corruptione</strong></span> <span class='ocrx_word' id='word_1_181' title='bbox 732 1626 1030 1683; x_wconf 85' lang='lat' dir='ltr'><strong>frequentatio</strong></span> <span class='ocrx_word' id='word_1_182' title='bbox 1056 1628 1262 1672; x_wconf 91' lang='lat' dir='ltr'><strong>muneris.</strong></span> <span class='ocrx_word' id='word_1_183' title='bbox 1320 1628 1407 1672; x_wconf 91' lang='lat' dir='ltr'><strong>Ars</strong></span> <span class='ocrx_word' id='word_1_184' title='bbox 1432 1629 1597 1671; x_wconf 89' lang='lat' dir='ltr'><strong>artium</strong></span> <span class='ocrx_word' id='word_1_185' title='bbox 1624 1632 1713 1672; x_wconf 87' lang='lat' dir='ltr'><strong>est:</strong></span> <span class='ocrx_word' id='word_1_186' title='bbox 1744 1628 1794 1673; x_wconf 85' lang='lat' dir='ltr'><strong>Si</strong></span> <span class='ocrx_word' id='word_1_187' title='bbox 1813 1642 1831 1667; x_wconf 79' lang='lat'><em>2</em></span> 
     </span>
     <span class='ocr_line' id='line_1_24' title="bbox 334 1695 1141 1753; baseline 0.002 -16"><span class='ocrx_word' id='word_1_188' title='bbox 334 1696 506 1753; x_wconf 89' lang='lat' dir='ltr'><strong>placere</strong></span> <span class='ocrx_word' id='word_1_189' title='bbox 529 1696 609 1746; x_wconf 83' lang='lat' dir='ltr'><strong>uis,</strong></span> <span class='ocrx_word' id='word_1_190' title='bbox 636 1695 891 1752; x_wconf 83' lang='lat' dir='ltr'><strong>frequenter</strong></span> <span class='ocrx_word' id='word_1_191' title='bbox 917 1696 1033 1741; x_wconf 79' lang='lat' dir='ltr'><strong>dato,</strong></span> <span class='ocrx_word' id='word_1_192' title='bbox 1092 1697 1141 1740; x_wconf 86' lang='lat' dir='ltr'><strong>Si</strong></span> 
     </span>
    </p>
   </div>
   <div class='ocr_carea' id='block_1_7' title="bbox 451 1788 1656 1898">
    <p class='ocr_par' dir='ltr' id='par_1_7' title="bbox 451 1788 1656 1898">
     <span class='ocr_line' id='line_1_25' title="bbox 968 1788 1656 1846; baseline 0 -15"><span class='ocrx_word' id='word_1_193' title='bbox 968 1788 1158 1831; x_wconf 89' lang='lat' dir='ltr'><strong>calidum</strong></span> <span class='ocrx_word' id='word_1_194' title='bbox 1189 1789 1272 1832; x_wconf 90' lang='lat' dir='ltr'><strong>scis</strong></span> <span class='ocrx_word' id='word_1_195' title='bbox 1300 1803 1461 1846; x_wconf 87' lang='lat' dir='ltr'><strong>ponere</strong></span> <span class='ocrx_word' id='word_1_196' title='bbox 1490 1803 1656 1840; x_wconf 90' lang='lat' dir='ltr'><strong>sumen,</strong></span> 
     </span>
     <span class='ocr_line' id='line_1_26' title="bbox 451 1845 1619 1898; baseline 0.002 -10"><span class='ocrx_word' id='word_1_197' title='bbox 451 1845 535 1888; x_wconf 89' lang='lat' dir='ltr'><strong>scis</strong></span> <span class='ocrx_word' id='word_1_198' title='bbox 564 1845 768 1888; x_wconf 91' lang='lat' dir='ltr'><strong>comitem</strong></span> <span class='ocrx_word' id='word_1_199' title='bbox 797 1845 1074 1889; x_wconf 86' lang='lat' dir='ltr'><strong>horridulum</strong></span> <span class='ocrx_word' id='word_1_200' title='bbox 1102 1847 1212 1890; x_wconf 89' lang='lat' dir='ltr'><strong>trita</strong></span> <span class='ocrx_word' id='word_1_201' title='bbox 1241 1847 1405 1890; x_wconf 88' lang='lat' dir='ltr'><strong>donare</strong></span> <span class='ocrx_word' id='word_1_202' title='bbox 1434 1847 1619 1898; x_wconf 87' lang='lat' dir='ltr'><strong>lacerna,</strong></span> 
     </span>
    </p>
   </div>
   <div class='ocr_carea' id='block_1_8' title="bbox 337 1941 1863 2090">
    <p class='ocr_par' dir='ltr' id='par_1_8' title="bbox 337 1941 1863 2090">
     <span class='ocr_line' id='line_1_27' title="bbox 337 1941 1580 2002; baseline 0.003 -19"><span class='ocrx_word' id='word_1_203' title='bbox 337 1941 450 1984; x_wconf 91' lang='lat' dir='ltr'><strong>alter</strong></span> <span class='ocrx_word' id='word_1_204' title='bbox 470 1941 713 1985; x_wconf 87' lang='lat' dir='ltr'><strong>Mercurius</strong></span> <span class='ocrx_word' id='word_1_205' title='bbox 736 1942 821 1985; x_wconf 90' lang='lat' dir='ltr'><strong>eris</strong></span> <span class='ocrx_word' id='word_1_206' title='bbox 841 1942 882 1985; x_wconf 91' lang='lat' dir='ltr'><strong>ei</strong></span> <span class='ocrx_word' id='word_1_207' title='bbox 903 1945 958 1993; x_wconf 89' lang='lat' dir='ltr'><strong>et,</strong></span> <span class='ocrx_word' id='word_1_208' title='bbox 978 1943 1016 1985; x_wconf 93' lang='lat' dir='ltr'><strong>si</strong></span> <span class='ocrx_word' id='word_1_209' title='bbox 1036 1943 1105 1985; x_wconf 89' lang='lat' dir='ltr'><strong>uis</strong></span> <span class='ocrx_word' id='word_1_210' title='bbox 1125 1943 1325 2000; x_wconf 91' lang='lat' dir='ltr'><strong>amplius,</strong></span> <span class='ocrx_word' id='word_1_211' title='bbox 1346 1958 1391 1987; x_wconf 88' lang='lat' dir='ltr'><strong>es</strong></span> <span class='ocrx_word' id='word_1_212' title='bbox 1410 1944 1580 2002; x_wconf 88' lang='lat' dir='ltr'><strong>Apollo,</strong></span> 
     </span>
     <span class='ocr_line' id='line_1_28' title="bbox 453 2033 1863 2090; baseline 0.001 -15"><span class='ocrx_word' id='word_1_213' title='bbox 453 2033 687 2090; x_wconf 90' lang='lat' dir='ltr'><strong>Pheboque</strong></span> <span class='ocrx_word' id='word_1_214' title='bbox 715 2033 940 2090; x_wconf 89' lang='lat' dir='ltr'><strong>pulchrior</strong></span> <span class='ocrx_word' id='word_1_215' title='bbox 969 2037 1014 2077; x_wconf 89' lang='lat' dir='ltr'><strong>et</strong></span> <span class='ocrx_word' id='word_1_216' title='bbox 1044 2049 1191 2077; x_wconf 91' lang='lat' dir='ltr'><strong>sorore</strong></span> <span class='ocrx_word' id='word_1_217' title='bbox 1221 2034 1371 2079; x_wconf 88' lang='lat' dir='ltr'><strong>Phebi.</strong></span> <span class='ocrx_word' id='word_1_218' title='bbox 1814 2051 1832 2076; x_wconf 81' lang='lat'>2</span> <span class='ocrx_word' id='word_1_219' title='bbox 1860 2066 1863 2068; x_wconf 85' lang='lat'><em>-</em></span> 
     </span>
    </p>
   </div>
   <div class='ocr_carea' id='block_1_9' title="bbox 192 2123 1863 2391">
    <p class='ocr_par' dir='ltr' id='par_1_9' title="bbox 192 2123 1878 2391">
     <span class='ocr_line' id='line_1_29' title="bbox 192 2123 1860 2184; baseline 0.002 -18"><span class='ocrx_word' id='word_1_220' title='bbox 192 2131 273 2181; x_wconf 86' lang='lat'><strong>488</strong></span> <span class='ocrx_word' id='word_1_221' title='bbox 292 2142 322 2171; x_wconf 85' lang='lat' dir='ltr'><strong>a</strong></span> <span class='ocrx_word' id='word_1_222' title='bbox 339 2123 433 2167; x_wconf 92' lang='lat' dir='ltr'><strong>Nec</strong></span> <span class='ocrx_word' id='word_1_223' title='bbox 453 2127 520 2179; x_wconf 89' lang='lat' dir='ltr'><strong>est</strong></span> <span class='ocrx_word' id='word_1_224' title='bbox 544 2124 661 2181; x_wconf 92' lang='lat' dir='ltr'><strong>quod</strong></span> <span class='ocrx_word' id='word_1_225' title='bbox 681 2124 735 2167; x_wconf 92' lang='lat' dir='ltr'><strong>de</strong></span> <span class='ocrx_word' id='word_1_226' title='bbox 755 2126 965 2183; x_wconf 87' lang='lat' dir='ltr'><strong>suffragio</strong></span> <span class='ocrx_word' id='word_1_227' title='bbox 991 2126 1130 2183; x_wconf 89' lang='lat' dir='ltr'><strong>ipsius</strong></span> <span class='ocrx_word' id='word_1_228' title='bbox 1156 2126 1358 2183; x_wconf 86' lang='lat' dir='ltr'><strong>desperes</strong></span> <span class='ocrx_word' id='word_1_229' title='bbox 1384 2141 1514 2184; x_wconf 91' lang='lat' dir='ltr'><strong>quem</strong></span> <span class='ocrx_word' id='word_1_230' title='bbox 1542 2127 1798 2170; x_wconf 92' lang='lat' dir='ltr'><strong>muneribus</strong></span> <span class='ocrx_word' id='word_1_231' title='bbox 1856 2175 1860 2180; x_wconf 56' lang='grc'><strong>,</strong></span> 
     </span>
     <span class='ocr_line' id='line_1_30' title="bbox 338 2193 1799 2253; baseline 0.003 -18"><span class='ocrx_word' id='word_1_232' title='bbox 338 2193 492 2250; x_wconf 66' lang='lat' dir='ltr'><strong>pascis</strong></span> <span class='ocrx_word' id='word_1_233' title='bbox 561 2193 787 2236; x_wconf 91' lang='lat' dir='ltr'><strong>Alimenta</strong></span> <span class='ocrx_word' id='word_1_234' title='bbox 816 2194 1032 2251; x_wconf 88' lang='lat' dir='ltr'><strong>siquidem</strong></span> <span class='ocrx_word' id='word_1_235' title='bbox 1059 2196 1310 2238; x_wconf 89' lang='lat' dir='ltr'><strong>umbratilis</strong></span> <span class='ocrx_word' id='word_1_236' title='bbox 1338 2196 1509 2253; x_wconf 89' lang='lat' dir='ltr'><strong>gratiae</strong></span> <span class='ocrx_word' id='word_1_237' title='bbox 1538 2199 1584 2239; x_wconf 93' lang='lat' dir='ltr'><strong>et</strong></span> <span class='ocrx_word' id='word_1_238' title='bbox 1608 2197 1799 2240; x_wconf 91' lang='lat' dir='ltr'><strong>nominis</strong></span> 
     </span>
     <span class='ocr_line' id='line_1_31' title="bbox 338 2261 1863 2326; baseline 0.003 -23"><span class='ocrx_word' id='word_1_239' title='bbox 338 2261 569 2318; x_wconf 89' lang='lat' dir='ltr'><strong>prostituti</strong></span> <span class='ocrx_word' id='word_1_240' title='bbox 589 2263 850 2305; x_wconf 91' lang='lat' dir='ltr'><strong>munuscula</strong></span> <span class='ocrx_word' id='word_1_241' title='bbox 870 2266 986 2314; x_wconf 90' lang='lat' dir='ltr'><strong>sunt,</strong></span> <span class='ocrx_word' id='word_1_242' title='bbox 1006 2267 1052 2306; x_wconf 91' lang='lat' dir='ltr'><strong>et</strong></span> <span class='ocrx_word' id='word_1_243' title='bbox 1071 2264 1157 2307; x_wconf 91' lang='lat' dir='ltr'><strong>nisi</strong></span> <span class='ocrx_word' id='word_1_244' title='bbox 1184 2264 1353 2308; x_wconf 81' lang='lat' dir='ltr'><strong>fuerint</strong></span> <span class='ocrx_word' id='word_1_245' title='bbox 1382 2264 1664 2322; x_wconf 85' lang='lat' dir='ltr'><strong>frequentata</strong></span> <span class='ocrx_word' id='word_1_246' title='bbox 1689 2266 1797 2308; x_wconf 90' lang='lat' dir='ltr'><strong>ami·</strong></span> <span class='ocrx_word' id='word_1_247' title='bbox 1858 2314 1863 2326; x_wconf 31' lang='grc' dir='ltr'>ι</span> 
     </span>
     <span class='ocr_line' id='line_1_32' title="bbox 338 2330 1797 2391; baseline 0.003 -19"><span class='ocrx_word' id='word_1_248' title='bbox 338 2330 468 2373; x_wconf 90' lang='lat' dir='ltr'><strong>citiae</strong></span> <span class='ocrx_word' id='word_1_249' title='bbox 497 2345 657 2373; x_wconf 91' lang='lat' dir='ltr'><strong>nomen</strong></span> <span class='ocrx_word' id='word_1_250' title='bbox 686 2331 960 2375; x_wconf 86' lang='lat' dir='ltr'><strong>interimunt.</strong></span> <span class='ocrx_word' id='word_1_251' title='bbox 1019 2333 1205 2376; x_wconf 86' lang='lat' dir='ltr'><strong>Frustra</strong></span> <span class='ocrx_word' id='word_1_252' title='bbox 1235 2334 1290 2376; x_wconf 93' lang='lat' dir='ltr'><strong>de</strong></span> <span class='ocrx_word' id='word_1_253' title='bbox 1323 2334 1517 2376; x_wconf 89' lang='lat' dir='ltr'><strong>muneris</strong></span> <span class='ocrx_word' id='word_1_254' title='bbox 1547 2334 1797 2391; x_wconf 87' lang='lat' dir='ltr'><strong>quantitate</strong></span> 
     </span>
    </p>
   </div>
   <div class='ocr_carea' id='block_1_10' title="bbox 339 2449 1878 2598">
    <p class='ocr_par' dir='ltr' id='par_1_10' title="bbox 339 2449 1878 2598">
     <span class='ocr_line' id='line_1_33' title="bbox 341 2449 1878 2509; baseline 0.003 -18"><span class='ocrx_word' id='word_1_255' title='bbox 341 2467 363 2492; x_wconf 89' lang='lat'>2</span> <span class='ocrx_word' id='word_1_256' title='bbox 387 2456 530 2493; x_wconf 85' lang='lat' dir='ltr'><strong>nitidus</strong></span> <span class='ocrx_word' id='word_1_257' title='bbox 547 2457 579 2491; x_wconf 95' lang='lat' dir='ltr'>A</span> <span class='ocrx_word' id='word_1_258' title='bbox 691 2468 711 2502; x_wconf 91' lang='lat'>3</span> <span class='ocrx_word' id='word_1_259' title='bbox 736 2456 968 2494; x_wconf 85' lang='lat' dir='ltr'><strong>absinthium</strong></span> <span class='ocrx_word' id='word_1_260' title='bbox 986 2458 1037 2493; x_wconf 94' lang='lat' dir='ltr'><strong>B:</strong></span> <span class='ocrx_word' id='word_1_261' title='bbox 1063 2457 1171 2504; x_wconf 83' lang='lat' dir='ltr'><strong>quasi</strong></span> <span class='ocrx_word' id='word_1_262' title='bbox 1188 2469 1318 2494; x_wconf 87' lang='lat' dir='ltr'><strong>amara</strong></span> <span class='ocrx_word' id='word_1_263' title='bbox 1333 2457 1566 2494; x_wconf 88' lang='lat' dir='ltr'><strong>abscincium</strong></span> <span class='ocrx_word' id='word_1_264' title='bbox 1585 2457 1646 2495; x_wconf 74' lang='lat'><strong>5¹:</strong></span> <span class='ocrx_word' id='word_1_265' title='bbox 1671 2471 1797 2496; x_wconf 67' lang='lat' dir='ltr'><strong>amase</strong></span> <span class='ocrx_word' id='word_1_266' title='bbox 1852 2449 1878 2509; x_wconf 54' lang='lat'><strong>{333</strong></span> 
     </span>
     <span class='ocr_line' id='line_1_34' title="bbox 340 2503 1796 2553; baseline 0.003 -15"><span class='ocrx_word' id='word_1_267' title='bbox 340 2503 446 2548; x_wconf 84' lang='lat' dir='ltr'><strong>quasi</strong></span> <span class='ocrx_word' id='word_1_268' title='bbox 463 2503 696 2540; x_wconf 83' lang='lat' dir='ltr'><strong>absinthium</strong></span> <span class='ocrx_word' id='word_1_269' title='bbox 713 2505 753 2540; x_wconf 91' lang='lat' dir='ltr'>M</span> <span class='ocrx_word' id='word_1_270' title='bbox 909 2507 1042 2541; x_wconf 86' lang='lat' dir='ltr'><strong>acutus</strong></span> <span class='ocrx_word' id='word_1_271' title='bbox 1058 2506 1098 2541; x_wconf 89' lang='lat' dir='ltr'>M</span> <span class='ocrx_word' id='word_1_272' title='bbox 1253 2515 1295 2550; x_wconf 92' lang='lat'><strong>14</strong></span> <span class='ocrx_word' id='word_1_273' title='bbox 1319 2505 1545 2542; x_wconf 85' lang='lat' dir='ltr'><strong>confirment</strong></span> <span class='ocrx_word' id='word_1_274' title='bbox 1560 2505 1594 2541; x_wconf 88' lang='lat' dir='ltr'>A</span> <span class='ocrx_word' id='word_1_275' title='bbox 1751 2516 1796 2553; x_wconf 86' lang='lat'><strong>23</strong></span> 
     </span>
     <span class='ocr_line' id='line_1_35' title="bbox 339 2550 1041 2598; baseline 0.006 -13"><span class='ocrx_word' id='word_1_276' title='bbox 339 2550 494 2586; x_wconf 86' lang='lat' dir='ltr'><strong>lucerna</strong></span> <span class='ocrx_word' id='word_1_277' title='bbox 510 2551 588 2586; x_wconf 85' lang='lat' dir='ltr'><strong>BA1</strong></span> <span class='ocrx_word' id='word_1_278' title='bbox 731 2562 751 2588; x_wconf 89' lang='lat'><strong>2</strong></span> <span class='ocrx_word' id='word_1_279' title='bbox 756 2561 774 2598; x_wconf 80' lang='lat'>5</span> <span class='ocrx_word' id='word_1_280' title='bbox 801 2551 968 2598; x_wconf 86' lang='lat' dir='ltr'><strong>pulcrior</strong></span> <span class='ocrx_word' id='word_1_281' title='bbox 983 2552 1041 2589; x_wconf 83' lang='lat' dir='ltr'><strong>AS</strong></span> 
     </span>
    </p>
   </div>
   <div class='ocr_carea' id='block_1_11' title="bbox 342 2665 1865 2858">
    <p class='ocr_par' dir='ltr' id='par_1_11' title="bbox 342 2665 1865 2858">
     <span class='ocr_line' id='line_1_36' title="bbox 390 2665 1796 2714; baseline 0.003 -14"><span class='ocrx_word' id='word_1_282' title='bbox 390 2675 404 2700; x_wconf 95' lang='lat'>1</span> <span class='ocrx_word' id='word_1_283' title='bbox 433 2666 561 2700; x_wconf 81' lang='lat' dir='ltr'><strong>Fauus</strong></span> <span class='ocrx_word' id='word_1_284' title='bbox 578 2667 666 2701; x_wconf 90' lang='lat' dir='ltr'><strong>etc.:</strong></span> <span class='ocrx_word' id='word_1_285' title='bbox 694 2665 797 2701; x_wconf 91' lang='lat' dir='ltr'><strong>Prov.</strong></span> <span class='ocrx_word' id='word_1_286' title='bbox 814 2678 847 2701; x_wconf 87' lang='lat' dir='ltr'><strong>v.</strong></span> <span class='ocrx_word' id='word_1_287' title='bbox 865 2667 945 2711; x_wconf 85' lang='lat'><strong>3-8.</strong></span> <span class='ocrx_word' id='word_1_288' title='bbox 1091 2675 1132 2710; x_wconf 94' lang='lat'><strong>17</strong></span> <span class='ocrx_word' id='word_1_289' title='bbox 1157 2678 1265 2712; x_wconf 80' lang='lat' dir='ltr'><strong>quam</strong></span> <span class='ocrx_word' id='word_1_290' title='bbox 1281 2671 1313 2702; x_wconf 81' lang='lat' dir='ltr'><strong>te</strong></span> <span class='ocrx_word' id='word_1_291' title='bbox 1326 2667 1420 2702; x_wconf 89' lang='lat' dir='ltr'><strong>etc.:</strong></span> <span class='ocrx_word' id='word_1_292' title='bbox 1443 2666 1548 2702; x_wconf 87' lang='lat' dir='ltr'><strong>Ovid.</strong></span> <span class='ocrx_word' id='word_1_293' title='bbox 1562 2669 1662 2703; x_wconf 73' lang='lat' dir='ltr'><strong>Fast.</strong></span> <span class='ocrx_word' id='word_1_294' title='bbox 1676 2667 1701 2703; x_wconf 90' lang='lat' dir='ltr'><strong>i.</strong></span> <span class='ocrx_word' id='word_1_295' title='bbox 1719 2676 1796 2714; x_wconf 87' lang='lat'>191,</span> 
     </span>
     <span class='ocr_line' id='line_1_37' title="bbox 346 2713 1798 2760; baseline 0.001 -12"><span class='ocrx_word' id='word_1_296' title='bbox 346 2722 410 2757; x_wconf 90' lang='lat'><strong>192</strong></span> <span class='ocrx_word' id='word_1_297' title='bbox 429 2713 438 2731; x_wconf 90' lang='lat'><em>‘</em></span> <span class='ocrx_word' id='word_1_298' title='bbox 449 2724 469 2747; x_wconf 90' lang='grc' dir='ltr'><em>ο</em></span> <span class='ocrx_word' id='word_1_299' title='bbox 485 2724 593 2757; x_wconf 81' lang='lat' dir='ltr'><strong>quam</strong></span> <span class='ocrx_word' id='word_1_300' title='bbox 610 2718 642 2747; x_wconf 82' lang='lat' dir='ltr'><strong>te</strong></span> <span class='ocrx_word' id='word_1_301' title='bbox 647 2714 793 2757; x_wconf 77' lang='lat' dir='ltr'><strong>fallunt</strong></span> <span class='ocrx_word' id='word_1_302' title='bbox 808 2718 871 2748; x_wconf 78' lang='lat' dir='ltr'><strong>tua</strong></span> <span class='ocrx_word' id='word_1_303' title='bbox 887 2713 1048 2748; x_wconf 81' lang='lat' dir='ltr'><strong>saecula’</strong></span> <span class='ocrx_word' id='word_1_304' title='bbox 1065 2715 1161 2748; x_wconf 73' lang='lat' dir='ltr'><strong>discit</strong></span> <span class='ocrx_word' id='word_1_305' title='bbox 1178 2715 1258 2760; x_wconf 78' lang='lat' dir='ltr'><strong>‘qui</strong></span> <span class='ocrx_word' id='word_1_306' title='bbox 1273 2741 1282 2749; x_wconf 95' lang='lat'><strong>.</strong></span> <span class='ocrx_word' id='word_1_307' title='bbox 1299 2741 1308 2749; x_wconf 94' lang='lat'><em>.</em></span> <span class='ocrx_word' id='word_1_308' title='bbox 1326 2715 1346 2749; x_wconf 92' lang='grc'><strong>.’</strong></span> <span class='ocrx_word' id='word_1_309' title='bbox 1364 2715 1436 2749; x_wconf 92' lang='lat' dir='ltr'><strong>etc.</strong></span> <span class='ocrx_word' id='word_1_310' title='bbox 1570 2725 1615 2750; x_wconf 89' lang='lat'><strong>22</strong></span> <span class='ocrx_word' id='word_1_311' title='bbox 1640 2716 1798 2751; x_wconf 82' lang='lat' dir='ltr'><strong>calidum</strong></span> 
     </span>
     <span class='ocr_line' id='line_1_38' title="bbox 342 2759 1798 2807; baseline 0.003 -12"><span class='ocrx_word' id='word_1_312' title='bbox 342 2761 433 2795; x_wconf 89' lang='lat' dir='ltr'><strong>etc.:</strong></span> <span class='ocrx_word' id='word_1_313' title='bbox 458 2759 557 2795; x_wconf 87' lang='lat' dir='ltr'><strong>Pers.</strong></span> <span class='ocrx_word' id='word_1_314' title='bbox 573 2760 646 2794; x_wconf 81' lang='lat' dir='ltr'><strong>Sat.</strong></span> <span class='ocrx_word' id='word_1_315' title='bbox 661 2759 685 2794; x_wconf 90' lang='lat' dir='ltr'><strong>i.</strong></span> <span class='ocrx_word' id='word_1_316' title='bbox 701 2769 756 2805; x_wconf 89' lang='lat'><strong>53,</strong></span> <span class='ocrx_word' id='word_1_317' title='bbox 772 2769 826 2805; x_wconf 89' lang='lat'><strong>54.</strong></span> <span class='ocrx_word' id='word_1_318' title='bbox 921 2770 964 2805; x_wconf 88' lang='lat'><strong>23</strong></span> <span class='ocrx_word' id='word_1_319' title='bbox 990 2762 1126 2796; x_wconf 78' lang='lat' dir='ltr'><strong>donare</strong></span> <span class='ocrx_word' id='word_1_320' title='bbox 1142 2763 1305 2796; x_wconf 72' lang='lat' dir='ltr'><strong>lacerna:</strong></span> <span class='ocrx_word' id='word_1_321' title='bbox 1331 2760 1492 2807; x_wconf 82' lang='lat' dir='ltr'><strong>glossam</strong></span> <span class='ocrx_word' id='word_1_322' title='bbox 1509 2761 1624 2799; x_wconf 88' lang='lat' dir='ltr'><strong>habet</strong></span> <span class='ocrx_word' id='word_1_323' title='bbox 1641 2762 1679 2807; x_wconf 86' lang='lat' dir='ltr'><strong>C,</strong></span> <span class='ocrx_word' id='word_1_324' title='bbox 1692 2764 1732 2798; x_wconf 81' lang='lat' dir='ltr'><strong>id</strong></span> <span class='ocrx_word' id='word_1_325' title='bbox 1747 2767 1798 2798; x_wconf 74' lang='lat' dir='ltr'><strong>est</strong></span> 
     </span>
     <span class='ocr_line' id='line_1_39' title="bbox 342 2807 1865 2858; baseline 0.001 -15"><span class='ocrx_word' id='word_1_326' title='bbox 342 2817 472 2843; x_wconf 85' lang='lat' dir='ltr'><strong>ornare</strong></span> <span class='ocrx_word' id='word_1_327' title='bbox 487 2808 704 2842; x_wconf 78' lang='lat' dir='ltr'><strong>uestimento.</strong></span> <span class='ocrx_word' id='word_1_328' title='bbox 848 2815 890 2853; x_wconf 84' lang='lat'><strong>25</strong></span> <span class='ocrx_word' id='word_1_329' title='bbox 916 2808 1031 2844; x_wconf 80' lang='lat' dir='ltr'><strong>Phebo</strong></span> <span class='ocrx_word' id='word_1_330' title='bbox 1047 2808 1141 2844; x_wconf 90' lang='lat' dir='ltr'><strong>etc.:</strong></span> <span class='ocrx_word' id='word_1_331' title='bbox 1166 2808 1317 2845; x_wconf 80' lang='lat' dir='ltr'><strong>Petron.</strong></span> <span class='ocrx_word' id='word_1_332' title='bbox 1334 2809 1411 2845; x_wconf 84' lang='lat' dir='ltr'><strong>Sat.</strong></span> <span class='ocrx_word' id='word_1_333' title='bbox 1432 2807 1450 2855; x_wconf 66' lang='grc' dir='ltr'><strong>ξ</strong></span> <span class='ocrx_word' id='word_1_334' title='bbox 1485 2818 1562 2854; x_wconf 91' lang='lat'>109.</span> <span class='ocrx_word' id='word_1_335' title='bbox 1854 2821 1865 2858; x_wconf 63' lang='lat' dir='ltr'><em>g</em></span> 
     </span>
    </p>
   </div>
   <div class='ocr_carea' id='block_1_12' title="bbox 455 2877 518 2911">
    <p class='ocr_par' dir='ltr' id='par_1_12' title="bbox 455 2877 518 2911">
     <span class='ocr_line' id='line_1_40' title="bbox 455 2877 518 2911; baseline -0.032 0"><span class='ocrx_word' id='word_1_336' title='bbox 455 2877 518 2911; x_wconf 90' lang='lat'><strong>188</strong></span> 
     </span>
    </p>
   </div>
  </div>
 </body>
</html>
