1820 3138
807 111 1256 156 PROLEGOMENA

299 226 556 271 difficillima
575 229 643 270 cst·
662 229 708 270 ct·
725 227 874 283 potius
899 226 956 270 ad
975 226 1228 283 Metaloyici
1253 241 1386 283 quam
1412 227 1469 270 ad
1496 227 1760 271 Policratici

300 296 655 353 explanationem
667 296 873 353 pertinet.
932 296 1078 339 Verba
1091 299 1240 339 tamen
1253 296 1432 340 Ioannis
1445 297 1494 339 in
1506 297 1612 340 locis
1626 311 1761 354 supra

301 365 493 409 laudatis
505 369 550 408 et
569 366 616 408 in
632 366 718 422 Ep.
738 378 786 409 21
798 379 817 408 1
837 366 1113 423 subiungam‚
1126 368 1180 408 ut,
1195 380 1281 422 quo
1301 366 1431 409 modo
1450 381 1520 409 res
1534 381 1580 410 se
1600 366 1762 410 habeat·

301 435 477 478 facilius
489 435 689 479 uideatis.
733 435 790 478 In
803 436 951 478 Metal.
959 436 986 478 i.
1000 447 1070 492 15:
1089 435 1193 478 Non
1198 434 1368 491 piyebit
1379 436 1544 492 referre
1557 450 1636 479 nec
1642 437 1764 492 forte

302 505 468 549 audire
487 503 739 560 displicebit
758 505 877 560 quod
895 519 926 547 a
944 505 1105 548 Graeco
1125 504 1367 560 interprete
1385 508 1424 548 et
1443 505 1527 561 qui
1541 505 1763 548 Latinam

302 571 516 630 linyuam
529 574 750 617 commode
765 577 968 626 nouerat,
984 573 1100 617 dum
1114 573 1170 616 in
1183 573 1363 629 Apulia
1374 587 1589 625 nwrarer,
1602 574 1763 631 accepi.

304 644 359 687 In
378 643 527 686 Metal.
549 643 609 685 iii.
638 653 665 698 5
686 645 787 699 post
811 657 863 685 ea.
891 643 945 685 dc
976 642 1244 698 Topieorum
1263 641 1311 684 in
1330 656 1460 685 usum
1486 643 1765 686 reuocations

306 726 418 769 quae
437 727 570 769 supra
589 712 725 754 citaui
746 711 875 762 dicta,
896 712 961 753 ita
980 711 1149 768 pergit:
1182 710 1334 767 Neque
1358 712 1486 755 enim
1503 727 1765 757 sermonum

305 786 389 825 aut
417 795 573 824 rerum
603 784 735 823 tanta
765 784 824 823 est
853 779 1095 836 difficultas
1123 783 1177 823 ut
1200 795 1230 823 a
1259 781 1476 825 studiosis
1505 796 1602 824 non
1629 782 1766 838 possit

307 849 506 906 intelli9i
532 853 572 892 et
598 850 780 892 utilitas
800 853 933 892 tanta
953 853 1012 892 est
1031 853 1086 892 ut
1107 863 1222 905 prae
1240 850 1392 894 ceteris
1411 851 1616 906 expediat
1644 851 1766 894 hunc

306 919 499 975 aynosci.
557 919 683 962 Satis
702 918 837 970 enim,
853 918 974 961 inter
986 922 1126 961 cetera
1145 933 1259 974 quae
1272 920 1590 964 translationis
1609 921 1766 964 arctis-
1818 959 1820 962 .

305 989 426 1032 sima
446 988 534 1044 leye
554 1003 584 1031 a
613 987 790 1031 Graecis
808 991 954 1030 tracta
973 992 1097 1040 sunt,
1112 988 1288 1044 planus
1306 993 1365 1032 est
1378 1003 1397 1040 ;
1431 989 1500 1033 ita
1529 994 1684 1033 tamen
1713 993 1768 1033 ut
1818 985 1820 1042 j

299 1058 440 1115 facile
460 1058 518 1100 sit
539 1057 740 1101 auctoris
759 1057 836 1100 sui
854 1057 1014 1100 stilum
1033 1071 1274 1112 aynoscere,
1294 1062 1333 1102 et
1359 1058 1414 1101 ab
1441 1059 1506 1102 iis
1525 1059 1768 1103 dumtaaeat
1814 1080 1820 1099 .·.

297 1127 496 1183 fideliter
511 1126 812 1182 intelliyatur,
827 1126 910 1182 qui
925 1131 1180 1182 sequuntur
1193 1127 1530 1185 indifferentiae
1542 1128 1769 1172 rationem
1814 1123 1820 1170 s3

311 1196 408 1240 sine
421 1210 513 1252 qua
526 1210 658 1238 nemo
667 1210 879 1251 unquam
890 1210 968 1238 nec
980 1196 1110 1251 apud
1121 1210 1202 1239 nos
1216 1211 1293 1240 nec
1305 1197 1434 1253 apud
1450 1198 1641 1249 Graecos,
1652 1198 1769 1241 sicut
1814 1187 1820 1212 '³

315 1265 508 1309 Graecus
526 1264 762 1320 interpres,
775 1264 962 1306 natione
980 1264 1289 1317 Seueritams,
1304 1265 1446 1309 dicere
1465 1269 1769 1318 consueuerat,
1817 1289 1820 1326 1

313 1334 592 1377 Aristotelem
615 1333 848 1377 intellexit.
909 1333 1027 1376 Hinc
1055 1333 1164 1375 mihi
1185 1333 1369 1377 dubium
1401 1337 1468 1378 est,
1495 1350 1553 1377 an
1576 1335 1771 1379 Graecus
1813 1334 1820 1357 ’ἶ

311 1403 534 1458 interpres
568 1402 684 1444 idem
720 1402 779 1444 sib
819 1402 895 1458 qui
928 1401 1197 1457 Topieorum
1232 1404 1579 1447 translationem
1601 1404 1769 1461 feeerit,

313 1472 368 1515 de
384 1486 471 1528 qua
491 1486 627 1528 supra
646 1471 752 1513 dixi.
793 1471 849 1513 In
869 1471 1018 1514 Metal.
1040 1471 1098 1514 iv.
1117 1484 1140 1514 2
1162 1472 1371 1529 legimus:
1401 1473 1434 1516 I
1432 1478 1632 1530 nterpres
1645 1477 1820 1523 meus

314 1555 420 1584 cum
445 1539 638 1583 uerbum
664 1539 848 1583 audiret
878 1539 1102 1596 iynotum,
1130 1544 1170 1582 et
1197 1542 1396 1584 maxime
1424 1541 1481 1584 in
1510 1542 1771 1598 compositis,

314 1609 483 1654 dicebat
510 1609 763 1653 ‘analetiza
785 1609 860 1652 hoc
877 1609 887 1626 ’
910 1609 1030 1665 quod
1049 1609 1220 1653 uolebat
1239 1611 1579 1667 aequiualenter
1598 1611 1770 1667 eoeponi.
1811 1604 1820 1665 ⁷,

317 1679 452 1721 Porro
482 1678 530 1720 in
569 1679 652 1733 Ep.
691 1691 768 1720 211
801 1678 858 1720 ad
897 1678 1134 1721 Ricardum
1174 1683 1460 1736 cognomento
1495 1680 1771 1737 Episcopum,
1810 1681 1820 1734 s}

315 1750 423 1790 tunc
442 1747 653 1803 temporis
673 1746 1028 1789 archidiaconum
1049 1746 1442 1799 Constantisnsem,
1456 1751 1608 1805 postca
1622 1752 1771 1792 autem

318 1816 567 1873 episcopum
599 1815 926 1867 Abrincensem,
962 1816 1128 1872 scripta
1166 1817 1231 1859 ait
1268 1817 1482 1860 Ioannes:
1528 1817 1592 1860 De
1634 1821 1768 1861 cetero
1805 1823 1811 1851 ἶ

316 1885 417 1928 iam
436 1900 467 1928 a
486 1885 630 1928 multo
650 1888 840 1940 tempore
861 1889 1085 1940 porrectas
1105 1886 1215 1928 itero
1228 1900 1377 1941 preces
1395 1889 1620 1942 quatenus
1638 1885 1773 1930 libros
1800 1876 1811 1900 ⁵

319 1953 582 2006 Aristotelis,
618 1968 726 2009 quos
764 1953 940 2004 habetis,
980 1953 1100 1996 mihi
1128 1954 1320 2010 faciatis
1357 1954 1543 1998 exscribi
1563 1987 1574 1997 .
1594 1988 1605 1999 .
1626 1989 1636 1999 .
1663 1955 1774 1999 meis
1816 1991 1818 1993 .

319 2028 473 2067 tamen
492 2022 761 2079 sumptibus,
783 2037 954 2079 quaec-50,
969 2022 1026 2066 in
1045 2023 1126 2066 hac
1148 2038 1197 2066 re
1215 2023 1351 2067 nulla
1369 2025 1543 2068 ratione
1557 2025 1773 2081 parcatis.
1802 2013 1807 2022 Ι

319 2093 483 2136 Precor
512 2092 652 2136 etiam
681 2092 846 2135 iterata
879 2092 1205 2148 supplicatione
1239 2097 1461 2149 quatemus
1488 2093 1543 2136 in
1573 2093 1777 2150 operibus
1814 2087 1816 2091 ’

321 2161 581 2211 Aristotelis,
596 2160 677 2204 ubi
693 2160 949 2217 difficiliora
960 2161 1154 2218 fuerint,
1174 2162 1358 2205 notulas
1367 2161 1572 2217 faciatis,
1592 2177 1638 2205 eo
1659 2163 1777 2219 quod
1813 2171 1814 2174 ’

318 2231 608 2286 interpretem
636 2229 927 2285 aliquatenus
954 2234 1208 2286 suspectum
1235 2230 1377 2281 habeo,
1406 2231 1529 2286 quia,
1563 2231 1661 2274 licet
1693 2232 1776 2275 elo-
1808 2260 1810 2264 ·

321 2313 461 2355 quens
478 2298 629 2355 fuerit
652 2299 781 2348 alias,
802 2303 856 2341 ut
885 2314 1009 2356 saepe
1035 2299 1218 2351 audiui,
1237 2299 1396 2342 minus
1418 2303 1570 2342 tamen
1587 2299 1694 2355 fuit
1722 2300 1777 2343 in
1809 2313 1815 2357 ς

321 2367 622 2423 grammatica
656 2367 914 2411 institutus.
981 2369 1143 2411 Verum
1175 2368 1230 2411 dc
1263 2368 1425 2411 ueteris
1456 2383 1513 2410 an
1547 2369 1602 2411 dc
1630 2383 1778 2413 nouae
1809 2374 1816 2419 53

321 2435 637 2478 translationis
655 2439 833 2479 auctore
853 2437 960 2480 haec
983 2437 1102 2480 dicta
1122 2437 1212 2479 sint
1235 2436 1438 2479 dubitare
1457 2436 1573 2479 licet.
1786 2477 1790 2482 .
1807 2480 1811 2483 Α

382 2504 510 2557 Quod
544 2504 601 2546 ad
640 2505 965 2548 Policraticum
1004 2506 1179 2556 attinet,
1214 2519 1269 2547 ex
1307 2505 1395 2547 alia
1426 2519 1558 2583 quarn
1593 2507 1776 2564 uulgata.
1804 2516 1816 2566 J5

324 2573 689 2629 interpretatione
731 2572 894 2629 Topica
927 2575 1064 2617 citare
1097 2573 1276 2616 uidetur
1312 2573 1499 2617 Ioannes
1534 2575 1581 2616 in
1614 2575 1776 2619 Polior.
1802 2575 1818 2609 '5'

325 2642 418 2687 viii.
441 2643 468 2684 6
488 2641 591 2698 (729
607 2643 647 2698 c)
667 2656 868 2685 amorem
896 2658 1027 2699 quem
1056 2641 1225 2705 diffinit
1248 2642 1536 2698 philosophus
1564 2659 1647 2687 esse
1675 2658 1795 2689 eon-
1793 2652 1815 2675 *ἓ

326 2709 650 2765 cupiscentiam
691 2711 894 2761 coeundi,
926 2711 1003 2753 ubi
1042 2710 1301 2753 Axisboteles
1341 2709 1462 2767 (Top.
1495 2712 1555 2755 vi.
1593 2713 1674 2765 146
1686 2726 1715 2755 a.
1734 2711 1802 2768 9)
