1878 3172
196 180 263 221 εει
281 181 312 210 a
655 167 916 211 10ANN1s
956 165 1469 210 SARESBERIENSIS
1633 165 1742 228 [mn.
1758 177 1790 208 v
1872 167 1878 228 ⁴:

328 289 376 330 in
395 287 591 330 humeris
610 287 840 330 hominum
859 301 994 330 onera
1012 286 1321 343 importabilia,
1334 301 1446 343 quae
1466 301 1544 330 nec
1564 287 1792 344 superficie

329 356 461 414 digiti
481 356 607 413 tangi
627 356 782 399 solent.
843 356 1041 399 Docebat
1068 355 1185 398 enim
1205 370 1379 398 omnem
1406 356 1589 399 uirtutis
1616 355 1792 398 laudem
1868 387 1871 394 .

328 427 376 482 in
403 426 575 469 actione
603 425 850 475 consistere,
872 439 1131 481 cassumque
1152 439 1244 467 esse
1270 424 1545 482 splendorem
1571 425 1697 468 uerbi
1721 424 1792 467 cui

329 510 419 538 11011
434 495 585 538 subest
600 494 799 537 soliditas
819 494 974 551 operis.
1030 494 1086 536 In
1106 494 1226 536 omni
1246 509 1387 551 opere,
1406 494 1554 551 inquit
1574 494 1793 542 Salomon,

331 564 418 607 erit
446 564 745 616 abundantia3
775 563 852 606 ubi
883 565 1032 606 autem
1062 563 1200 605 uerba
1229 566 1334 606 sunt
1373 563 1575 620 plurima,
1604 563 1667 605 ibi
1706 562 1794 604 fre-
1813 577 1832 612 5

332 636 519 690 quenter
548 635 732 690 egestas.
794 633 1048 689 Principum
1078 646 1185 675 11010
1215 635 1260 674 et
1294 632 1455 675 ducum
1495 636 1562 675 est
1600 631 1709 674 alios
1747 631 1795 673 in

331 703 408 746 uia
452 717 625 745 morum
675 701 944 759 praecedere,
993 716 1082 744 non
1132 715 1244 758 quae
1293 701 1496 744 facienda
1544 704 1649 744 sunt
1697 700 1796 743 aliis

332 771 503 814 tumide
523 771 737 814 intonare.
797 770 932 813 Auris
954 770 1138 813 audiens
1159 773 1203 813 et
1223 770 1374 813 oculus
1394 771 1550 813 uidens
1575 770 1796 813 beatifica-

333 841 411 883 bat
440 855 522 884 me.
581 839 888 882 Instrumenta
917 839 1111 896 corporis
1141 839 1366 896 eleganter
1390 840 1617 896 expressit,
1637 839 1797 896 quibus

285 912 315 950 b
334 924 487 952 sensus
521 909 694 951 animae
729 909 921 951 maxime
961 908 1250 960 conualescit3
1299 909 1568 951 exteriorum
1606 922 1796 964 namque
1818 926 1859 951 10

334 979 497 1022 notitia
516 978 631 1021 oculi
652 980 698 1020 et
717 977 838 1020 auris
853 977 1062 1034 obsequio
1077 977 1328 1020 fidelissime
1344 978 1507 1021 transit
1521 977 1579 1020 ad
1594 977 1799 1027 animam,

336 1053 381 1090 et
400 1047 632 1089 thesauros
651 1046 795 1089 cordis
815 1046 990 1102 saepius
1014 1046 1167 1103 lingua
1187 1046 1366 1089 incauta
1385 1046 1611 1103 dispergit.
1671 1045 1799 1098 Quod

335 1131 442 1159 11010
462 1116 679 1159 ‘audiens'
693 1118 738 1158 et
754 1115 945 1158 ‘uidens'
959 1115 1130 1166 adiecit,
1143 1115 1356 1172 sapientis
1366 1115 1576 1158 iudicium
1590 1114 1801 1172 exprimit

336 1186 465 1228 iuxta
494 1185 632 1228 illud:
662 1185 827 1228 Beatus
857 1185 933 1242 qui
962 1185 1160 1241 loquitur
1189 1185 1237 1227 in
1267 1200 1373 1227 aure
1402 1184 1635 1229 audientis.
1696 1184 1800 1227 Non

336 1256 487 1312 itaque
535 1255 836 1298 beatificatum
885 1269 931 1297 se
971 1254 1079 1297 dicit
1127 1254 1294 1312 linguis
1333 1255 1561 1298 hominum
1601 1268 1712 1311 quae
1751 1253 1799 1295 in
1819 1271 1860 1305 15

338 1325 600 1368 alterutram
631 1327 803 1382 partem
833 1324 906 1367 uel
936 1338 1083 1367 amore
1112 1324 1184 1367 uel
1215 1324 1315 1367 odio
1358 1323 1615 1380 frequenter
1647 1323 1800 1380 impel-
1837 1362 1843 1365 .

338 1395 504 1437 luntur.
583 1394 756 1437 Sufficit
790 1393 830 1436 ei
870 1393 1173 1435 testimonium
1207 1393 1508 1443 conscientiae,
1543 1392 1801 1450 praesertim

339 1478 440 1507 cum
474 1463 730 1506 roboratum
762 1462 822 1505 sit
854 1461 1017 1504 iudicio
1048 1462 1311 1518 sapientum.
1383 1462 1458 1512 Eo,
1492 1462 1650 1518 inquit,
1685 1461 1803 1518 quod

339 1532 593 1575 liberassem
613 1546 862 1588 pauperem,
879 1531 1109 1587 pupillum,
1126 1535 1171 1574 et
1190 1531 1457 1588 periturum;
1488 1538 1533 1574 et
1553 1531 1802 1574 consolatus

341 1616 440 1644 sum
469 1615 541 1644 cor
569 1601 742 1643 uiduae.
802 1601 857 1642 In
887 1600 957 1642 his
992 1600 1109 1643 enim
1140 1600 1332 1642 maxime
1370 1600 1626 1657 principalis
1665 1600 1802 1643 claret
1822 1614 1865 1638 20

342 1670 582 1713 auctoritas
610 1684 722 1726 quae
746 1684 774 1712 a
801 1669 991 1711 Domino
1011 1669 1220 1711 instituta
1240 1672 1307 1712 est
1326 1669 1383 1711 ad
1411 1669 1597 1712 iniurias
1624 1669 1803 1727 propul-

343 1739 515 1782 sandas.
593 1738 715 1781 Haec
747 1738 926 1795 quidem
962 1741 1067 1780 sunt
1101 1752 1235 1794 opera
1268 1738 1602 1790 misericordiae,
1639 1741 1685 1781 et
1719 1738 1805 1781 erit

301 1819 326 1848 c
342 1823 502 1851 nomen
533 1807 707 1864 agentis
741 1822 792 1850 ea
823 1806 1103 1849 benedictum
1138 1807 1185 1849 in
1220 1807 1378 1850 secula.
1439 1807 1538 1858 Sed,
1567 1822 1624 1850 ne
1653 1807 1805 1850 credas

343 1892 443 1921 eum
492 1876 737 1919 remissiore
785 1876 1018 1919 clementia
1064 1875 1189 1918 uitiis
1239 1876 1467 1919 audaciam
1510 1876 1804 1933 praestitisse:

342 1946 535 1998 Iustitia,
569 1946 727 2002 inquit,
762 1945 946 1988 indutus
979 1960 1089 1995 sum,
1124 1948 1170 1988 et
1208 1944 1455 1988 diademate
1485 1945 1646 1988 iudicio
1685 1959 1804 1997 meo;
1825 1962 1841 1985 2
1847 1961 1866 1995 5

343 2030 532 2066 causam,
581 2029 714 2071 quam
773 2014 1031 2065 nesciebam,
1080 2014 1417 2071 diligentissime
1470 2014 1804 2071 inuestigabam.

346 2086 535 2142 Oportet
574 2084 691 2127 enim
731 2083 919 2127 iudicem
959 2087 1118 2127 cuncta
1157 2083 1310 2125 rimari
1350 2085 1395 2126 et
1428 2083 1626 2126 ordinem
1660 2098 1808 2126 rerum

347 2155 478 2212 plena
497 2153 783 2210 inquisitione
813 2153 1142 2203 discutere,>nec
1172 2155 1274 2195 ante
1305 2152 1484 2195 obuiare
1515 2152 1645 2195 alicui
1676 2167 1808 2208 quam

347 2238 480 2267 causa
525 2223 586 2265 sit
633 2222 844 2279 legitimis
883 2221 1129 2264 rationibus
1178 2221 1428 2278 plenissime
1467 2221 1669 2264 limitata.
1747 2221 1811 2264 Vt

349 2293 468 2337 enim
500 2292 566 2335 ait
604 2291 785 2341 ethicus,
817 2290 874 2333 ad
913 2289 1201 2347 penitendum
1239 2293 1447 2346 properat
1486 2290 1684 2347 quisquis
1722 2290 1810 2333 cito
1828 2304 1870 2337 30

350 2421 374 2455 4
398 2408 542 2455 subest]
561 2410 618 2445 est
634 2409 674 2444 M
828 2416 845 2453 5
872 2405 1138 2443 habundantia
1154 2404 1271 2441 A¹SM
1318 2414 1321 2417 '
1424 2407 1447 2443 6
1471 2405 1626 2453 ducum]
1644 2405 1811 2443 diuitum

351 2458 391 2493 M
534 2467 578 2492 22
604 2467 720 2502 opera
737 2457 826 2491 sunt
843 2455 882 2490 M
1026 2463 1070 2499 29
1095 2452 1295 2499 legittimis
1313 2451 1413 2488 BSM

400 2578 423 2610 4
447 2567 495 2600 In
511 2567 610 2601 omni
622 2577 724 2610 opere
735 2565 835 2601 etc.:
860 2563 965 2598 Prov.
980 2561 1053 2596 xiv.
1066 2571 1121 2605 23
1266 2561 1288 2597 8
1305 2563 1420 2597 Auris
1437 2562 1529 2597 etc.:
1556 2560 1623 2597 Iob
1639 2561 1740 2597 xxix.
1758 2571 1811 2598 11.

356 2623 401 2657 14
433 2614 566 2648 Beatus
593 2614 655 2658 qui
684 2613 844 2657 loquitur
870 2612 964 2646 etc.:
1007 2609 1053 2643 In
1082 2608 1153 2644 hoc
1181 2607 1421 2662 proverbium
1450 2607 1542 2644 alibi
1571 2619 1648 2643 non
1681 2608 1811 2646 incidi.

355 2669 400 2704 27
429 2661 568 2705 Oportet
585 2661 680 2694 enim
697 2660 790 2694 eta:
815 2654 1285 2693 v.1v0n.carn0t.1)eoret
1298 2654 1343 2691 vi.
1357 2656 1426 2708 316
1446 2654 1590 2701 (Migne
1607 2657 1649 2690 P.
1661 2657 1704 2691 L.
1722 2655 1811 2692 clxi.

385 2717 427 2742 10
453 2672 583 2742 P.Grat
610 2707 743 2741 Decret.
772 2705 820 2740 ΙΙ.
846 2715 930 2739 xxx.
958 2713 986 2739 1.
1014 2714 1044 2739 0.
1076 2713 1112 2756 11
1144 2701 1363 2748 (Friedberg
1389 2701 1414 2737 i.
1446 2702 1549 2747 1107)
1576 2713 1623 2739 ex
1651 2702 1812 2748 epistola

358 2706 583 2789 {lleu’therii
591 2764 713 2798 papae
739 2752 787 2788 ad
812 2750 958 2787 Galliae
985 2748 1210 2796 provincias.
1365 2759 1411 2794 30
1426 2750 1580 2784 ethicus.
1608 2750 1713 2785 Publ.
1731 2749 1812 2797 Syr.

358 2800 430 2848 (ed.
450 2765 667 2836 Friedrichp
661 2811 698 2845 p.
717 2800 777 2845 29)
797 2800 856 2834 Ad
866 2798 1125 2844 paenitendum
1137 2801 1310 2842 properat
1326 2797 1393 2832 cito
1409 2799 1472 2842 qui
1488 2797 1637 2833 iudicat

467 2874 530 2906 302
