1878 3172
198 153 273 194 519
294 153 319 183 e
662 141 920 185 IoANNIS
961 139 1469 184 SARESBERIENSIS
1611 139 1721 200 [mn.
1739 152 1790 184 1v
1856 125 1864 201 ‘-

332 261 606 305 necessitatis
645 263 725 304 aut
762 261 973 303 utilitatis
1012 261 1220 318 exposcit,
1249 260 1315 304 ita
1342 262 1493 304 tamen
1522 262 1574 304 ut
1603 261 1715 304 utile
1743 264 1790 304 et

333 332 566 373 honestum
600 333 897 387 coaequentur
927 333 973 373 et
1014 330 1207 373 ciuilitas
1243 330 1545 373 conscribatur
1583 330 1790 374 honestis.

288 403 317 442 d
334 399 610 457 Philosophis
630 399 747 442 enim
767 400 855 442 iam
875 399 1045 456 pridem
1065 399 1232 456 placuit
1252 399 1603 456 perniciosiorem
1623 399 1792 442 nullam

334 472 426 512 esse
466 469 716 526 opinionem
759 469 936 511 illorum
975 468 1180 525 opinione
1220 468 1295 525 qui
1336 468 1446 511 utile
1486 470 1694 525 separant
1735 468 1792 511 ab

333 540 543 591 honest03
584 540 629 582 et
669 534 934 581 sententiam
973 538 1249 580 uerissimam
1289 539 1334 580 et
1371 537 1653 580 utilissimam
1687 552 1792 590 esse,
1811 555 1830 589 5

333 609 566 651 honestum
596 610 642 651 et
670 607 780 650 utile
809 607 857 649 in
886 622 932 650 se
961 621 1274 663 usquequaque
1304 606 1515 651 conuerti.
1574 606 1711 658 Plato,
1739 610 1793 650 ut
1865 601 1878 636 -²

334 677 486 721 ferunt
515 677 724 720 historiae
754 676 967 734 gentium,
997 691 1096 719 cum
1126 676 1311 719 uidisset
1339 675 1589 719 Dionisium
1617 676 1792 719 Siciliae
1864 702 1867 703 ν

334 747 562 791 tirannum
596 746 788 803 corporis
823 746 891 788 sui
927 748 1100 802 septum
1133 745 1411 788 custodibus:
1446 744 1574 798 Quod
1603 747 1792 796 tantum,
1866 759 1878 799 j

335 815 492 872 inquit,
531 815 697 858 malum
737 815 894 867 fecisti,
933 817 985 857 ut
1024 829 1051 857 a
1089 816 1182 856 tam
1221 814 1374 857 multis
1412 828 1585 857 necesse
1630 814 1792 857 habeas
1865 783 1878 926 Ξ

1868 927 1878 948 1

1866 956 1878 1024 ἒ

334 885 579 929 custodiri?
639 884 736 927 Hoc
765 884 919 940 utique
945 883 1188 940 principem
1217 898 1306 926 non
1333 885 1517 940 oportet,
1538 883 1614 939 qui
1641 882 1792 926 officiis
1811 899 1854 924 10

335 955 400 997 ita
431 954 515 997 sibi
546 954 742 996 omnium
777 953 918 996 uincit
949 953 1142 1004 affectus,
1175 955 1228 995 ut
1262 952 1446 1009 quisque
1479 952 1683 995 subditus
1712 966 1793 1009 pro

336 1038 412 1070 eo.
439 1023 645 1080 periculis
698 1021 1032 1064 imminentibus
1080 1024 1214 1078 caput
1256 1023 1461 1078 opponat,
1509 1035 1609 1064 cum
1658 1021 1793 1064 etiam

334 1094 521 1150 urgente
559 1095 721 1134 natura
759 1105 804 1133 se
838 1105 919 1147 pro
953 1090 1096 1147 capite
1131 1090 1300 1132 soleant
1333 1090 1530 1133 membra
1563 1104 1792 1147 exponere,
1871 1082 1878 1092 ³

335 1164 381 1205 et
400 1161 558 1218 pellem
584 1175 665 1218 pro
692 1160 805 1217 pelle
830 1163 875 1202 et
903 1163 1061 1202 cuncta
1087 1174 1199 1215 quae
1225 1159 1356 1202 homo
1384 1159 1530 1211 habet,
1549 1162 1686 1216 ponat
1711 1174 1792 1216 pro

185 1241 268 1280 520
289 1241 318 1270 a
334 1231 482 1274 anima
506 1245 598 1274 sua.
659 1229 891 1286 Sequitur:
922 1229 1016 1272 Nec
1045 1229 1223 1272 reducet
1252 1229 1463 1286 populum
1493 1229 1541 1271 in
1568 1229 1791 1286 Egiptum‚
1811 1246 1850 1282 15

335 1301 559 1357 equitatus
588 1314 772 1342 numero
800 1298 1054 1342 sulleuatus.
1114 1298 1277 1355 Magna
1312 1298 1527 1355 siquidem
1561 1297 1792 1355 diligentia
1864 1323 1869 1353 3

334 1369 686 1427 praecauendum
714 1371 781 1411 est
811 1367 930 1410 omni
956 1367 1032 1424 qui
1059 1367 1106 1409 in
1133 1367 1392 1410 sullimitate
1415 1367 1713 1420 constituitur,
1736 1381 1792 1410 ne
1835 1380 1841 1385 ·
1863 1374 1867 1419 ζ

334 1439 564 1481 inferiores
595 1439 848 1494 corrumpat
882 1436 1094 1492 exemplis
1131 1438 1176 1478 et
1216 1436 1425 1479 abusione
1460 1451 1607 1479 rerum
1636 1438 1682 1479 et
1714 1450 1793 1493 per

335 1507 564 1565 superbiae
578 1509 658 1549 aut
676 1505 879 1548 luxuriae
898 1505 1018 1547 uiam
1033 1505 1089 1547 ad
1105 1505 1373 1548 confusionis
1393 1506 1596 1548 tenebras
1611 1506 1793 1548 reducat

335 1577 559 1634 populum.
620 1575 843 1631 Frequens
873 1574 989 1616 enim
1017 1576 1084 1616 est
1109 1577 1161 1616 ut
1184 1574 1350 1616 subditi
1377 1573 1652 1631 superiorum
1676 1575 1791 1618 uitia
1809 1589 1853 1615 ao

335 1646 577 1695 imitentur,
603 1644 707 1701 quia
729 1643 1011 1700 magistratui
1037 1642 1225 1699 populus
1250 1643 1399 1686 studet
1427 1658 1519 1687 esse
1543 1643 1791 1695 conformis,

337 1716 382 1757 et
410 1713 710 1770 unusquisque
740 1712 930 1755 libenter
958 1711 1129 1768 appetit
1159 1711 1206 1753 in
1237 1726 1323 1768 quo
1351 1712 1487 1754 alium
1520 1713 1661 1756 cernit
1690 1713 1792 1755 illu-

337 1786 483 1826 strem.
543 1781 724 1826 Celebre
755 1783 822 1824 est
851 1780 962 1823 illud
993 1780 1304 1824 uersificatoris
1333 1781 1510 1839 egregii,
1539 1797 1715 1825 sensum
1747 1786 1792 1826 et
1863 1824 1866 1825 ⁷

336 1852 473 1894 uerba
492 1851 641 1908 magni
661 1850 894 1893 Theodosii
916 1849 1226 1906 exprimentis:

450 1926 506 1969 In
535 1940 763 1969 commune
793 1925 916 1967 iubes
945 1924 982 1968 si
1012 1924 1119 1980 quid
1149 1939 1352 1968 censesue
1380 1925 1631 1977 tenendum,
1686 1970 1689 1973 ,
1809 1841 1878 1987 ²⁵}

1864 1990 1878 2036 ᾗ,

1862 2058 1878 2126 ἑ

1867 2145 1878 2173 a

450 1984 619 2040 primus
648 1983 767 2026 iussa
795 1983 917 2035 subi;
955 1985 1062 2025 tunc
1091 1982 1396 2026 obseruantior
1423 1984 1552 2040 aequi

450 2042 504 2084 fit
532 2041 732 2098 populus,
762 2056 842 2084 nec
871 2040 987 2083 ferre
1016 2044 1162 2097 negat,
1191 2055 1291 2084 cum
1320 2041 1484 2084 uiderit
1512 2042 1658 2098 ipsum

338 2149 358 2184 7
383 2139 574 2186 hystoriae
593 2138 633 2174 M
778 2147 818 2185 15
845 2139 1028 2185 egyptum
1045 2137 1118 2173 ΒΜ
1263 2121 1306 2174 16
1331 2137 1553 2175 subleuatus
1570 2137 1628 2174 As

385 2231 405 2265 3
431 2221 658 2265 Philosophis
674 2221 768 2255 etc.·
792 2231 826 2254 v.
842 2218 917 2255 Cic.
935 2220 978 2254 de
996 2220 1062 2263 Off.
1080 2217 1134 2253 iii.
1154 2228 1174 2263 3
1194 2217 1211 2264 ξ
1235 2229 1285 2255 11.
1468 2220 1491 2256 6
1514 2221 1619 2255 Plato
1635 2220 1729 2255 etc.:
1757 2232 1789 2255 v.

338 2267 538 2321 Woelfflin.
554 2269 651 2303 Caec.
667 2268 769 2302 Balb.
782 2278 818 2312 p.
832 2276 898 2311 323
925 2266 972 2302 cf.
985 2265 1157 2302 Vincent.
1175 2265 1360 2303 Bellovac.
1372 2267 1564 2319 Speculum
1575 2268 1792 2309 Doctrinale,
1853 2279 1867 2288 ⁴

340 2327 370 2350 v.
390 2324 424 2360 7,
442 2314 502 2349 vii.
514 2325 590 2368 ‚303
615 2314 681 2349 ubi
703 2313 959 2350 Helinandum
977 2312 1079 2355 citat,
1099 2313 1144 2349 de
1162 2323 1234 2358 quo
1250 2325 1282 2348 v.
1294 2312 1564 2350 Vincentium
1553 2325 1677 2359 lpsum
1693 2315 1790 2359 Spec.

339 2363 435 2398 Hist.
461 2361 560 2397 xxix.
594 2362 670 2396 108.
699 2360 902 2396 Helinandi
930 2359 1194 2397 chronicorum
1225 2359 1362 2396 desunt
1387 2360 1477 2396 libri
1509 2370 1622 2405 1-44;
1660 2360 1791 2406 itaque
1862 2366 1864 2368 ’

340 2409 526 2444 incertum
545 2410 601 2444 est
618 2419 667 2443 an
685 2407 760 2444 alio
786 2410 936 2444 auctore
961 2410 1114 2453 praeter
1137 2406 1314 2442 Nostrum
1340 2407 1386 2444 de
1410 2407 1532 2448 rebus,
1548 2419 1640 2452 quas
1665 2419 1794 2444 narra-

338 2455 462 2490 verint
486 2456 607 2499 ambo,
624 2467 712 2491 usus
737 2454 785 2491 sit
810 2466 951 2499 necne3
977 2466 1088 2499 quem
1103 2455 1236 2489 tamen
1256 2453 1380 2490 multa
1400 2465 1446 2490 ex
1467 2456 1678 2490 Policratico
1699 2466 1795 2490 sum-

338 2501 463 2555 psisse
467 2502 556 2537 satis
573 2502 806 2539 demonstrat
818 2502 987 2538 locorum
999 2501 1100 2547 apud.
1111 2500 1356 2536 Vincentium
1373 2501 1574 2537 citatorum
1589 2501 1792 2547 inspectam

339 2559 545 2631 Ξιηῗῗξῗξ.
558 2560 688 2632 ῗὲἷξΐ
705 2550 1120 2633 (1ῗὲἒέᾬῖῗὲξῖθὲἆὲ
1129 2547 1792 2638 zzzjssssssmffzliihfflssfflffl

342 2608 488 2687 241825
478 2608 835 2688 1nvenies.q}1eque
853 2643 898 2696 de
919 2642 1001 2688 ipso
1025 2607 1167 2678 Ioaniie
1193 2607 1605 2687 Saresberiensipneque
1630 2642 1676 2678 de
1700 2643 1794 2679 Poli-

340 2691 470 2725 cratico
486 2689 695 2735 quidquam
712 2689 928 2736 cognovisse
946 2688 1092 2725 videtur
1108 2688 1343 2725 Vincentius.
1488 2699 1530 2733 14
1551 2691 1683 2734 pellem
1699 2690 1791 2725 etc.:

339 2735 514 2830 {gg-1:133.
679 2746 722 2783 25
749 2739 797 2773 In
821 2748 1002 2773 commune
1025 2738 1118 2773 etc.
1144 2735 1337 2774 claudian.
1361 2738 1402 2772 de
1425 2737 1486 2772 IV
1508 2737 1610 2773 Cone.
1627 2737 1792 2780 Hmwrst‘,

479 2836 545 2879 246
