1878 3172
167 163 250 212 563
268 172 295 202 c
638 159 899 204 IOANNIS
939 159 1452 206 SARESBERIENSIS
1613 159 1724 223 [ΜΒ.
1740 173 1772 206 v
1854 183 1861 210 ,-

311 280 489 323 sillabas
529 281 574 323 et
612 279 769 336 apices,
807 279 893 322 nisi
933 293 1034 322 eum
1082 279 1166 323 tibi
1214 280 1456 337 propitium
1504 279 1672 333 feceris,
1710 282 1772 326 sic

311 348 616 405 distorquebit,
651 351 721 392 tot
754 348 839 392 tibi
873 348 1109 391 uerborum
1141 351 1275 406 ponet
1312 349 1569 402 tendiculas,
1601 353 1655 394 ut
1692 364 1773 408 pro
1852 343 1857 349 ⁸

311 432 418 474 pace
447 418 562 461 bella
588 432 668 475 pro
695 418 843 475 quiete
869 417 1063 475 ligitium
1092 418 1221 461 amici
1247 418 1543 462 instrumento
1568 419 1776 463 uideatur

312 487 560 531 inscribere.
639 487 689 530 Si
728 487 955 544 cingulum
995 487 1112 530 forte
1151 487 1235 530 tibi
1273 488 1506 531 uenustius
1544 487 1693 539 fuerit,
1736 487 1775 530 si

312 556 566 599 incisorium
587 556 747 614 aptius,
766 556 803 599 si
831 556 939 613 quid
965 556 1012 598 in
1035 557 1210 600 minuta
1229 557 1520 614 suppellectili
1538 557 1774 609 decentius,
1793 575 1813 610 ⁵

313 625 444 668 rebus
484 625 578 669 eius
616 639 894 676 connumera,
933 625 1019 668 nisi
1059 625 1142 668 tibi
1181 626 1325 683 perire
1363 626 1475 670 uelis
1513 640 1691 683 operam
1729 629 1775 669 et

312 695 568 751 impensam.
646 694 742 737 Aut
780 694 898 737 enim
946 694 1149 751 precibus
1194 695 1530 752 extorquebitur
1574 698 1654 739 aut
1702 709 1776 738 eas

266 766 296 806 d
312 763 579 806 liberalitate
598 763 867 820 praeuenies.
933 763 1129 806 Tandem
1148 763 1342 820 pilleum,
1370 764 1687 822 qualecumque
1705 764 1776 815 sit,

312 832 559 889 asportabit
585 833 752 876 amicus
782 832 830 874 in
859 833 1115 875 memoriam
1145 833 1225 876 tui.
1284 833 1383 876 Iam
1411 848 1440 877 a
1469 833 1604 878 Cosso
1632 833 1775 891 digre-

312 901 441 952 deris,
461 901 538 944 sed
557 901 641 944 tibi
666 902 783 958 ignis
806 902 1090 959 purgatorius
1114 902 1327 953 imminet,
1346 907 1546 960 superest
1564 903 1776 961 Vegento,
1797 923 1839 948 10

313 986 444 1028 quem
464 971 607 1014 multa
626 971 883 1019 sollicitabis
910 971 1126 1014 instantia
1153 974 1198 1015 et
1223 986 1386 1029 magno
1413 972 1600 1016 artificio
1625 975 1777 1030 gestus

313 1054 493 1096 precum
529 1043 575 1083 et
607 1055 841 1083 munerum
870 1042 924 1083 ut
949 1043 994 1083 te
1021 1040 1169 1083 clauso
1194 1040 1353 1084 labello
1379 1041 1597 1098 respiciat.
1655 1041 1778 1085 Tune

314 1110 370 1152 de
389 1109 576 1167 singulis
595 1109 744 1152 uerbis
763 1109 811 1151 in
831 1109 1061 1153 consilium
1081 1110 1183 1161 itur,
1195 1110 1501 1154 deliberationi
1520 1110 1780 1168 praescribit

314 1180 502 1234 tempus,
532 1182 577 1221 et
606 1178 752 1235 apices
781 1178 945 1236 singuli
975 1181 1204 1235 ponuntur
1233 1179 1281 1221 in
1309 1181 1487 1223 statera.
1546 1179 1647 1222 Nisi
1677 1170 1778 1222 eum

314 1247 635 1304 praemulseris,
654 1251 852 1291 occurret
877 1247 960 1290 tibi
987 1262 1077 1291 non
1102 1248 1293 1292 fideliter
1310 1248 1375 1291 rei
1399 1251 1550 1306 gestae
1569 1251 1778 1305 concepta
1798 1268 1839 1303 15
1873 1249 1878 1289 ἐ

316 1318 450 1361 series
469 1320 549 1360 aut
568 1317 698 1360 stilus
717 1317 911 1361 incultus
930 1317 1073 1360 oberit
1099 1320 1179 1360 aut
1204 1332 1232 1360 a
1257 1318 1434 1375 publica
1453 1317 1597 1361 forma
1615 1317 1779 1361 notarii

317 1387 390 1429 uel
424 1386 641 1430 scriniarii
673 1386 898 1429 diuertens
936 1386 1187 1443 benignitas
1222 1389 1302 1430 aut
1335 1386 1606 1444 negligentia
1643 1387 1780 1439 iuris;

318 1458 364 1499 et
401 1455 562 1512 aliquis
601 1469 773 1512 semper
810 1455 952 1498 nodus
991 1455 1178 1511 pecunia
1217 1455 1391 1499 uindice
1431 1456 1661 1513 indigebit.
1717 1455 1781 1499 Vt
1830 1472 1835 1478 ·

166 1533 251 1582 564
271 1541 301 1570 a
317 1540 424 1568 uero
453 1524 686 1566 minimum
716 1524 847 1574 ledat,
873 1523 1006 1581 longa
1032 1524 1336 1581 expectatione
1362 1525 1647 1581 torqueberis,
1673 1524 1780 1567 dum

250 1640 252 1643 ,
318 1593 521 1636 differtur
541 1592 658 1649 quod
678 1592 831 1649 negari
850 1607 940 1634 non
966 1594 1121 1648 potest.
1183 1592 1378 1649 Experto
1397 1593 1536 1644 crede,
1555 1593 1603 1636 in
1622 1608 1780 1636 manus
1800 1614 1843 1638 20

317 1678 470 1708 eorum
499 1662 642 1705 milies
671 1662 818 1712 incidi,
848 1663 894 1704 et
923 1660 993 1718 (ut
1023 1661 1191 1718 aliquid
1225 1662 1279 1705 de
1314 1661 1479 1705 fabulis
1507 1662 1781 1721 mutuemur)

317 1731 507 1788 portitor
533 1730 718 1773 immitis
748 1729 903 1780 Caron,
923 1730 1000 1786 qui
1028 1730 1195 1772 nemini
1221 1731 1416 1788 pepercit
1441 1745 1663 1788 umquam,
1683 1731 1782 1775 istis
1849 1765 1854 1770 ⁷

318 1801 449 1857 longe
475 1799 731 1843 clementior
758 1801 850 1851 est;
880 1798 995 1855 stipe
1022 1799 1238 1855 siquidem
1265 1799 1337 1842 uel
1363 1800 1526 1843 triente
1552 1800 1664 1844 solet
1690 1815 1783 1844 esse

319 1871 565 1913 contentus.
622 1869 685 1910 At
710 1867 786 1910 isti
816 1881 934 1910 asses
963 1867 1160 1924 integros
1189 1868 1274 1910 sibi
1302 1868 1588 1926 multiplicari
1617 1869 1782 1913 iubent.

321 1938 410 1982 Sed
430 1937 537 1994 quid
557 1939 624 1980 est
644 1936 762 1993 quod
788 1936 907 1993 apud
930 1937 1118 1980 curiales
1137 1937 1285 1979 omnia
1305 1951 1464 1994 queror
1483 1952 1575 1981 esse
1594 1938 1782 1991 uenalia,
1802 1958 1843 1992 ²5

320 2021 422 2050 cum
455 2021 506 2049 ea
542 2006 678 2049 etiam
708 2020 822 2062 quae
855 2020 944 2048 non
975 2009 1093 2059 sunt,
1128 2021 1275 2048 rerum
1306 2007 1472 2050 scilicet
1500 2007 1783 2064 priuatione&

321 2075 535 2119 uenalitio
574 2077 745 2118 constet
785 2089 876 2117 esse
920 2074 1149 2119 obnoxia?
1213 2075 1316 2118 Non
1355 2090 1476 2132 opus,
1514 2090 1604 2119 non
1642 2089 1784 2119 sermo

322 2145 548 2203 gratuitus
587 2146 667 2197 est,
706 2157 796 2186 non
845 2145 1018 2187 tacetur
1056 2143 1143 2186 nisi
1182 2143 1239 2186 ad
1288 2145 1512 2200 pretium;
1559 2144 1785 2187 silentium

322 2228 513 2270 namque
533 2228 603 2256 res
621 2212 792 2255 uenalis
812 2214 890 2255 est.
941 2211 1038 2255 Hoc
1058 2211 1174 2255 forte
1194 2227 1221 2255 a
1236 2212 1499 2256 Demostene
1513 2216 1784 2270 acceperunt,

324 2284 400 2340 qui
440 2298 541 2327 cum
579 2282 902 2329 Aristodimum
941 2284 1134 2325 actorem
1179 2282 1431 2325 fabularum
1470 2283 1785 2340 interrogasset
1803 2303 1846 2336 30

325 2354 542 2409 quantum
571 2351 782 2395 mercedis
811 2351 879 2394 uti
908 2353 1060 2408 ageret
1088 2351 1335 2408 accepisset,
1365 2354 1411 2395 et
1449 2351 1786 2409 responderetur

327 2491 346 2529 5
369 2480 597 2528 supellectili
614 2481 639 2517 S

375 2611 392 2647 5
421 2603 656 2637 incisorium:
693 2603 702 2619 ‘
716 2600 917 2636 orbiculus
949 2599 1167 2643 mensarius,
1194 2611 1307 2646 super
1338 2611 1411 2645 quo
1439 2609 1541 2636 escas
1566 2601 1785 2636 incidimue’

329 2648 405 2695 (Du
423 2647 550 2695 Gange
566 2660 594 2684 s.
607 2648 681 2694 v.);
706 2647 865 2695 Anglice
889 2648 1061 2684 trencher.
1207 2656 1250 2683 10
1279 2648 1449 2692 Veyento:
1473 2645 1599 2699 potius
1621 2648 1788 2690 Veiento;

326 2708 362 2731 v.
380 2696 457 2731 Iuv.
476 2697 551 2731 Sat.
568 2694 621 2731 iii.
644 2696 719 2741 185.
854 2705 896 2731 12
921 2699 962 2746 u!
978 2699 1011 2730 te
1026 2696 1148 2730 clauso
1164 2695 1259 2730 etc.:
1285 2693 1362 2728 Iuv.
1380 2695 1454 2729 Sat.
1470 2692 1526 2729 1ii.
1546 2695 1623 2739 185.
1744 2694 1786 2730 18

328 2745 446 2779 nodus
460 2743 625 2778 uindice:
649 2754 683 2777 v.
709 2741 800 2778 Hor.
824 2743 873 2778 A.
898 2743 940 2778 P.
969 2751 1046 2787 191.
1237 2750 1282 2776 22
1309 2741 1449 2776 caron:
1473 2751 1507 2777 v.
1531 2739 1609 2776 Iuv.
1634 2741 1708 2778 Sat.
1732 2740 1787 2778 iii.

328 2790 503 2837 265—267.
646 2798 692 2834 30
714 2801 795 2825 cum
810 2790 1074 2826 Aristodimum
1090 2789 1183 2825 etc.:
1209 2799 1242 2825 v.
1261 2785 1356 2824 Gell.
1375 2786 1426 2824 xi.
1445 2796 1468 2834 9
1486 2786 1504 2834 §
1527 2797 1562 2824 2.

438 2871 506 2905 324
