1878 3172
145 178 233 224 460
253 175 282 214 d

627 172 828 216 ΙΟΑΝΝ
831 172 890 216 IS
930 171 1444 216 SARESBERIENSIS
1599 174 1707 230 [ΗΒ.
1725 184 1765 216 11

298 294 611 351 sompniantes,
635 293 753 336 inter
782 293 977 350 aliquam
1007 295 1054 335 et
1081 293 1250 335 nullam
1281 293 1576 336 substantiam
1605 293 1765 336 consti-

298 364 399 406 tuti.
459 362 647 405 Animae
677 362 878 419 quaesita
907 361 1078 419 origine
1107 362 1335 405 traducem
1362 362 1490 405 nobis
1517 361 1766 405 intellectus

298 432 494 488 opponit.
556 431 781 474 Postremo
811 431 858 473 in
888 431 1042 473 diuina
1070 430 1322 473 substantia
1351 430 1600 473 trinitatem
1623 430 1767 486 recipe

299 514 609 557 personarum;
650 500 736 543 nisi
768 500 816 542 in
846 499 950 542 fidei
980 499 1161 550 uirtute,
1192 499 1409 556 quomodo
1438 498 1560 541 Arrii
1588 498 1768 555 laqueos

299 570 569 613 declinabis?
639 569 904 612 Diuinitatis
948 583 1083 611 unam
1123 568 1365 625 simplicem
1405 570 1450 611 et
1490 567 1767 610 indiuiduam

298 638 485 681 admitte
515 638 835 690 substantiam3
875 638 1092 694 quomodo
1123 637 1317 688 sabellii,
1336 638 1423 679 nisi
1451 637 1555 680 fidei
1584 636 1769 687 ratione,

298 722 457 750 manus
487 707 699 764 effugies?
760 707 882 749 Haec
911 709 1062 749 tamen
1091 721 1181 749 non
1210 706 1357 749 minus
1386 721 1494 749 uera
1522 707 1629 748 sunt
1663 705 1769 762 quia

299 777 453 819 multis
472 779 658 834 possunt
678 776 1010 833 quaestionibus
1030 775 1294 833 impugnari.
1345 776 1403 819 Et
1423 776 1526 819 licet
1539 774 1769 831 Sapientia

300 846 384 888 Dei
420 861 466 888 se
497 845 815 889 incarnationis
844 845 1043 888 misterio
1074 845 1201 887 nobis
1231 844 1452 887 uisibilem
1482 843 1649 895 fecerit,
1678 857 1768 885 non

155 915 234 962 461
254 925 283 953 a
299 917 450 957 tamen
485 929 675 970 eousque
711 929 757 956 se
792 913 1038 956 intellectui
1077 916 1229 956 nostro
1262 913 1369 956 fecit
1400 912 1679 970 palpabilem,
1716 914 1769 954 ut

299 997 399 1026 cum
434 998 486 1025 ea
519 983 737 1040 possimus
771 997 1086 1039 usquequaque
1121 982 1375 1034 discurrere,
1405 982 1591 1025 scientes
1620 995 1769 1023 rerum

300 1052 498 1095 omnium
534 1056 703 1109 quanta
737 1052 797 1095 sit
830 1051 1063 1108 longitudo
1097 1051 1290 1095 latitudo
1325 1051 1563 1095 sullimitas
1593 1053 1639 1093 et
1667 1064 1769 1107 pro-

300 1121 503 1165 fundum.
563 1121 611 1164 Si
636 1136 743 1164 uero
770 1121 1184 1164 mathematicorum
1213 1121 1290 1164 uia
1316 1123 1431 1163 esset
1456 1133 1771 1177 usquequaque

299 1190 549 1253 laudabilis,
571 1205 661 1232 non
688 1192 920 1246 tantopere
949 1190 1213 1246 penituisset
1239 1203 1451 1247 magnum
1466 1188 1769 1245 Augustinum

301 1273 348 1301 se
387 1273 538 1301 eorum
578 1258 978 1301 consultationibus
1017 1258 1263 1301 inclinasse.
1339 1258 1412 1300 Ad
1459 1258 1577 1300 haec·
1617 1256 1770 1300 doctor

301 1327 604 1370 sanctissimus
660 1327 735 1369 ille
784 1326 1035 1385 Gregorius,
1085 1327 1162 1383 qui
1218 1326 1373 1370 melleo
1429 1326 1770 1383 praedicationis

1789 930 1829 954 10

291 1431 293 1434 .
300 1397 457 1452 ymbre
496 1399 637 1439 totam
678 1395 845 1452 rigauit
884 1398 930 1438 et
969 1396 1191 1438 debriauit
1231 1396 1467 1447 ecclesiam,
1506 1410 1596 1438 non
1639 1395 1770 1438 modo
1796 1453 1799 1456 Α

301 1465 522 1508 mathesin
557 1465 688 1507 iussit
716 1465 774 1507 ab
804 1465 917 1516 aula,
947 1465 1024 1508 sed
1053 1467 1106 1507 ut
1135 1465 1331 1508 traditur
1363 1480 1391 1508 a
1419 1465 1672 1519 maioribus,
1702 1466 1769 1509 in—

301 1534 456 1577 cendio
485 1534 610 1576 dedit
639 1534 898 1590 reprobatae
930 1534 1130 1577 lectionis

457 1625 621 1682 scripta
652 1624 882 1667 Palatinus
913 1639 1212 1682 quaecumque
1241 1625 1423 1668 tenebat
1452 1625 1623 1683 Apollo,

301 1716 350 1758 in
389 1716 550 1773 quibus
594 1719 722 1758 erant
761 1716 1010 1773 praecipua,
1058 1731 1169 1773 quae
1212 1717 1440 1760 celestium
1483 1720 1678 1760 mentem
1725 1721 1770 1760 et

303 1799 561 1841 superorum
591 1784 768 1828 oracula
797 1784 1067 1827 uidebantur
1096 1785 1349 1828 hominibus
1379 1786 1586 1830 reuelare.
1651 1786 1771 1839 Quid

302 1853 477 1897 multa?
537 1853 696 1897 Nonne
731 1854 840 1896 satis
875 1857 943 1897 est
974 1854 1091 1911 quod
1126 1855 1240 1898 hanc
1274 1855 1522 1898 uanitatem
1554 1855 1772 1899 catholica

254 1928 284 1965 b
304 1925 349 1965 et
378 1922 642 1965 uniuersalis
673 1922 853 1965 ecclesia
881 1922 1140 1974 detestatur,
1165 1925 1210 1966 et
1240 1937 1324 1974 eos,
1349 1924 1426 1980 qui
1455 1938 1552 1967 eam
1582 1924 1770 1967 ulterius

303 2006 505 2034 exercere
544 1991 932 2048 praesumpserint,
972 1992 1183 2048 legitimis
1222 1992 1348 2049 penis
1386 1993 1616 2050 percellit?
1681 1993 1770 2037 Sed
1816 2005 1828 2013 ·

302 2075 358 2103 ne
382 2060 729 2118 planetariorum
754 2075 843 2103 non
867 2063 960 2104 tam
990 2061 1193 2118 persequi
1224 2076 1356 2118 quam
1386 2063 1510 2119 sequi
1539 2062 1772 2106 uideamur

304 2145 507 2180 errorem,
538 2130 627 2172 iam
659 2130 717 2172 ad
756 2130 927 2187 reliqua
965 2131 1274 2187 progrediatur
1314 2131 1468 2175 oratio.
1527 2131 1614 2184 Qui·
1653 2132 1771 2175 enim

304 2199 408 2242 huic
427 2200 673 2243 curiositati
701 2200 965 2251 inseruiunt,
985 2215 1075 2243 non
1101 2200 1243 2257 magis
1270 2214 1448 2244 ueraces
1468 2215 1560 2244 esse
1586 2205 1773 2258 possunt

309 2323 324 2349 1
353 2312 583 2349 somniantes
599 2313 659 2349 AS
829 2323 871 2349 12
898 2312 1114 2350 sublimitas
1132 2313 1156 2350 S
1206 2326 1208 2328 ·
1326 2323 1368 2359 13
1394 2314 1724 2351 matematicorum
1740 2314 1773 2351 A

309 2370 350 2405 17
377 2360 498 2396 imbre
516 2360 540 2396 S
683 2371 703 2396 2
711 2368 729 2406 5
754 2359 954 2408 legittimis
972 2360 997 2397 S

353 2479 374 2514 3
399 2470 578 2506 Postremo
596 2471 666 2506 etc.
683 2481 692 2505 ε
718 2482 750 2505 v.
771 2479 868 2514 quae
884 2468 1021 2505 Noster
1037 2469 1078 2504 in
1093 2470 1188 2505 Hist.
1208 2470 1416 2513 Pontfflwli
1433 2481 1463 2505 c.
1482 2479 1523 2515 13
1542 2480 1587 2505 ex
1603 2469 1774 2507 Gilberto

306 2516 511 2552 Porretano
529 2516 575 2552 de
594 2516 720 2562 Scylla
741 2516 959 2553 Sabelliana
981 2519 1020 2553 et
1037 2516 1227 2563 Charybdi
1246 2515 1387 2551 Ariana
1410 2515 1505 2552 citat
1527 2516 1649 2562 (Pertz
1674 2519 1774 2554 Mon.

309 2565 427 2598 Germ.
446 2565 541 2599 Hist.
561 2575 621 2599 xx.
642 2576 678 2609 p.
701 2565 796 2610 527).
943 2574 986 2599 12
1012 2565 1196 2610 lonyitudo
1217 2564 1312 2599 etc:
1338 2562 1433 2608 Eph.
1452 2562 1506 2600 iii.
1529 2565 1581 2600 18.
1731 2575 1774 2609 14

306 2612 579 2656 Auyustinum:
620 2622 652 2646 ν.
689 2613 792 2656 Confi
828 2609 890 2647 vii.
925 2612 959 2647 6.
1137 2613 1179 2647 18
1219 2612 1417 2646 mathesin:
1457 2621 1489 2646 v.
1525 2610 1638 2657 Greg.
1678 2612 1771 2648 Mor.

307 2657 438 2693 xxxiii.
468 2668 530 2699 103
556 2659 662 2693 Hom.
687 2661 728 2693 in
751 2660 836 2694 Evv.
865 2657 888 2695 i.
921 2668 974 2694 ιο.
1098 2663 1140 2694 ut
1164 2659 1327 2693 traditur
1352 2659 1449 2694 eta:
1484 2657 1591 2694 Hanc
1620 2669 1700 2694 rem
1727 2659 1774 2695 de

308 2704 344 2740 S.
373 2704 554 2751 Gregorio
580 2704 723 2750 primus
746 2705 850 2741 inter
872 2707 1047 2741 auctores
1071 2707 1262 2741 exstantes
1286 2706 1415 2741 narrat
1438 2703 1591 2748 Noster;
1617 2717 1648 2741 v.
1676 2707 1772 2742 Dict.

308 2753 443 2834 ἓῆνίετ.
460 2753 561 2796 Bioy.
581 2751 621 2788 ii.
640 2764 676 2798 p.
697 2754 775 2798 788,
793 2765 819 2788 s.
837 2765 868 2788 v.
892 2753 1084 2798 Greqorius
1103 2752 1192 2800 (51).
1338 2762 1385 2788 20
1407 2753 1542 2798 scripta
1559 2754 1629 2789 etc.
1647 2765 1656 2788 ε
1681 2753 1773 2789 Hor.

342 2811 381 2845 p.
400 2810 425 2834 1.
446 2809 477 2844 3.
501 2807 553 2844 17.

421 2879 482 2912 142

1790 1631 1878 1663 20¹

1860 3102 1878 3172 Ἐκ,
1864 2978 1878 3006 ΛΑ,
1863 2917 1869 2926 ..
