<?xml version="1.0" encoding="UTF-8"?>
<!DOCTYPE html PUBLIC "-//W3C//DTD XHTML 1.0 Transitional//EN"
    "http://www.w3.org/TR/xhtml1/DTD/xhtml1-transitional.dtd">
<html xmlns="http://www.w3.org/1999/xhtml" xml:lang="en" lang="en">
 <head>
  <title>
</title>
<meta http-equiv="Content-Type" content="text/html;charset=utf-8" />
  <meta name='ocr-system' content='tesseract 3.04.00' />
  <meta name='ocr-capabilities' content='ocr_page ocr_carea ocr_par ocr_line ocrx_word'/>
</head>
<body>
  <div class='ocr_page' id='page_1' title='image "./ioannissaresberi01johnuoft_0400.png"; bbox 0 0 1878 3172; ppageno 0'>
   <div class='ocr_carea' id='block_1_1' title="bbox 200 78 1863 154">
    <p class='ocr_par' dir='ltr' id='par_1_1' title="bbox 200 78 1863 154">
     <span class='ocr_line' id='line_1_1' title="bbox 200 78 1863 154; baseline 0.002 -23"><span class='ocrx_word' id='word_1_1' title='bbox 200 100 277 142; x_wconf 85' lang='lat'>575</span> <span class='ocrx_word' id='word_1_2' title='bbox 296 101 322 131; x_wconf 87' lang='lat' dir='ltr'>c</span> <span class='ocrx_word' id='word_1_3' title='bbox 663 78 923 151; x_wconf 84' lang='lat' dir='ltr'>IOANNIS</span> <span class='ocrx_word' id='word_1_4' title='bbox 962 90 1472 136; x_wconf 88' lang='lat' dir='ltr'>SARESBERIENSIS</span> <span class='ocrx_word' id='word_1_5' title='bbox 1638 90 1748 154; x_wconf 72' lang='grc' dir='ltr'><strong>[ΗΒ.</strong></span> <span class='ocrx_word' id='word_1_6' title='bbox 1762 103 1794 137; x_wconf 82' lang='lat' dir='ltr'>v</span> <span class='ocrx_word' id='word_1_7' title='bbox 1859 87 1863 134; x_wconf 76' lang='lat'>²]</span> 
     </span>
    </p>
   </div>
   <div class='ocr_carea' id='block_1_2' title="bbox 334 190 1878 407">
    <p class='ocr_par' dir='ltr' id='par_1_2' title="bbox 334 190 1878 407">
     <span class='ocr_line' id='line_1_2' title="bbox 335 190 1870 270; baseline 0.001 -16"><span class='ocrx_word' id='word_1_8' title='bbox 335 210 537 254; x_wconf 89' lang='lat' dir='ltr'>euocabit</span> <span class='ocrx_word' id='word_1_9' title='bbox 565 213 611 254; x_wconf 88' lang='lat' dir='ltr'>et</span> <span class='ocrx_word' id='word_1_10' title='bbox 640 211 698 254; x_wconf 89' lang='lat' dir='ltr'>ad</span> <span class='ocrx_word' id='word_1_11' title='bbox 726 211 1028 255; x_wconf 90' lang='lat' dir='ltr'>testimonium</span> <span class='ocrx_word' id='word_1_12' title='bbox 1057 212 1287 270; x_wconf 89' lang='lat' dir='ltr'>compellet</span> <span class='ocrx_word' id='word_1_13' title='bbox 1315 212 1503 266; x_wconf 86' lang='lat' dir='ltr'>inuitos;</span> <span class='ocrx_word' id='word_1_14' title='bbox 1542 212 1613 256; x_wconf 84' lang='lat' dir='ltr'>his</span> <span class='ocrx_word' id='word_1_15' title='bbox 1642 215 1792 256; x_wconf 87' lang='lat' dir='ltr'>tamen</span> <span class='ocrx_word' id='word_1_16' title='bbox 1866 190 1870 241; x_wconf 25' lang='grc' dir='ltr'>’ἶ</span> 
     </span>
     <span class='ocr_line' id='line_1_3' title="bbox 334 280 1878 341; baseline 0.001 -19"><span class='ocrx_word' id='word_1_17' title='bbox 334 280 542 336; x_wconf 85' lang='lat' dir='ltr'>exceptis,</span> <span class='ocrx_word' id='word_1_18' title='bbox 563 295 672 337; x_wconf 89' lang='lat' dir='ltr'>quos</span> <span class='ocrx_word' id='word_1_19' title='bbox 691 280 903 324; x_wconf 87' lang='lat' dir='ltr'>aduersus</span> <span class='ocrx_word' id='word_1_20' title='bbox 927 283 1069 324; x_wconf 87' lang='lat' dir='ltr'>certas</span> <span class='ocrx_word' id='word_1_21' title='bbox 1094 296 1302 338; x_wconf 78' lang='lat' dir='ltr'>personas</span> <span class='ocrx_word' id='word_1_22' title='bbox 1327 282 1554 326; x_wconf 83' lang='lat' dir='ltr'>testificari</span> <span class='ocrx_word' id='word_1_23' title='bbox 1579 282 1678 325; x_wconf 88' lang='lat' dir='ltr'>iura</span> <span class='ocrx_word' id='word_1_24' title='bbox 1702 296 1792 325; x_wconf 91' lang='lat' dir='ltr'>non</span> <span class='ocrx_word' id='word_1_25' title='bbox 1862 305 1878 341; x_wconf 67' lang='lat'>,¹³</span> 
     </span>
     <span class='ocr_line' id='line_1_4' title="bbox 334 350 1878 407; baseline 0 -14"><span class='ocrx_word' id='word_1_26' title='bbox 334 352 510 407; x_wconf 81' lang='lat' dir='ltr'>cogunt.</span> <span class='ocrx_word' id='word_1_27' title='bbox 1875 350 1878 365; x_wconf 57' lang='lat'><strong>³</strong></span> 
     </span>
    </p>
   </div>
   <div class='ocr_carea' id='block_1_3' title="bbox 290 463 1878 741">
    <p class='ocr_par' dir='ltr' id='par_1_3' title="bbox 290 463 1878 741">
     <span class='ocr_line' id='line_1_5' title="bbox 336 463 1870 522; baseline 0 -14"><span class='ocrx_word' id='word_1_28' title='bbox 336 463 443 522; x_wconf 87' lang='lat' dir='ltr'>Cap.</span> <span class='ocrx_word' id='word_1_29' title='bbox 479 475 545 522; x_wconf 85' lang='lat'>15.</span> <span class='ocrx_word' id='word_1_30' title='bbox 609 465 732 519; x_wconf 78' lang='lat' dir='ltr'>Quae</span> <span class='ocrx_word' id='word_1_31' title='bbox 764 465 1028 521; x_wconf 74' lang='lat' dir='ltr'>pertineant</span> <span class='ocrx_word' id='word_1_32' title='bbox 1066 466 1129 509; x_wconf 79' lang='lat' dir='ltr'>ad</span> <span class='ocrx_word' id='word_1_33' title='bbox 1167 465 1429 522; x_wconf 72' lang='lat' dir='ltr'>reliyio‘raem</span> <span class='ocrx_word' id='word_1_34' title='bbox 1469 465 1793 522; x_wconf 73' lang='lat' dir='ltr'>proconsulum</span> <span class='ocrx_word' id='word_1_35' title='bbox 1864 475 1870 490; x_wconf 74' lang='lat'><strong><em>⁵</em></strong></span> 
     </span>
     <span class='ocr_line' id='line_1_6' title="bbox 290 534 1870 591; baseline -0.002 -10"><span class='ocrx_word' id='word_1_36' title='bbox 290 541 320 582; x_wconf 90' lang='lat' dir='ltr'>d</span> <span class='ocrx_word' id='word_1_37' title='bbox 444 534 713 591; x_wconf 72' lang='lat' dir='ltr'><em>praesidum</em></span> <span class='ocrx_word' id='word_1_38' title='bbox 754 539 793 578; x_wconf 81' lang='lat' dir='ltr'>et</span> <span class='ocrx_word' id='word_1_39' title='bbox 837 534 1188 579; x_wconf 58' lang='lat' dir='ltr'>ordinariorum</span> <span class='ocrx_word' id='word_1_40' title='bbox 1224 535 1448 587; x_wconf 72' lang='lat' dir='ltr'>iudicum,</span> <span class='ocrx_word' id='word_1_41' title='bbox 1487 539 1527 579; x_wconf 75' lang='lat' dir='ltr'>et</span> <span class='ocrx_word' id='word_1_42' title='bbox 1572 538 1794 591; x_wconf 75' lang='lat' dir='ltr'>quatenus</span> <span class='ocrx_word' id='word_1_43' title='bbox 1810 553 1829 587; x_wconf 85' lang='lat'>⁵</span> <span class='ocrx_word' id='word_1_44' title='bbox 1858 544 1870 590; x_wconf 46' lang='grc' dir='ltr'>ᾗ</span> 
     </span>
     <span class='ocr_line' id='line_1_7' title="bbox 450 594 1878 660; baseline 0.002 -13"><span class='ocrx_word' id='word_1_45' title='bbox 450 604 606 648; x_wconf 72' lang='lat' dir='ltr'>emenia</span> <span class='ocrx_word' id='word_1_46' title='bbox 647 604 865 660; x_wconf 67' lang='lat' dir='ltr'>protendi</span> <span class='ocrx_word' id='word_1_47' title='bbox 902 605 1032 648; x_wconf 73' lang='lat' dir='ltr'>liceat</span> <span class='ocrx_word' id='word_1_48' title='bbox 1043 623 1062 655; x_wconf 92' lang='lat'><em>;</em></span> <span class='ocrx_word' id='word_1_49' title='bbox 1111 608 1150 648; x_wconf 82' lang='lat' dir='ltr'>et</span> <span class='ocrx_word' id='word_1_50' title='bbox 1197 605 1251 648; x_wconf 82' lang='lat' dir='ltr'>de</span> <span class='ocrx_word' id='word_1_51' title='bbox 1290 604 1506 658; x_wconf 63' lang='lat' dir='ltr'>Cicerone,</span> <span class='ocrx_word' id='word_1_52' title='bbox 1543 603 1792 656; x_wconf 69' lang='lat' dir='ltr'>Bemarda</span> <span class='ocrx_word' id='word_1_53' title='bbox 1868 594 1878 650; x_wconf 38' lang='grc' dir='ltr'>ἶ,</span> 
     </span>
     <span class='ocr_line' id='line_1_8' title="bbox 447 655 1878 741; baseline 0.002 -26"><span class='ocrx_word' id='word_1_54' title='bbox 447 673 669 728; x_wconf 62' lang='lat' dir='ltr'>Martiae,</span> <span class='ocrx_word' id='word_1_55' title='bbox 703 673 927 730; x_wconf 70' lang='lat' dir='ltr'>Gaufm&#39;do</span> <span class='ocrx_word' id='word_1_56' title='bbox 957 674 1234 717; x_wconf 63' lang='lat' dir='ltr'>Gamote‘nsi.</span> <span class='ocrx_word' id='word_1_57' title='bbox 1868 655 1878 741; x_wconf 64' lang='lat' dir='ltr'>J</span> 
     </span>
    </p>
   </div>
   <div class='ocr_carea' id='block_1_4' title="bbox 185 744 1878 2198">
    <p class='ocr_par' dir='ltr' id='par_1_4' title="bbox 320 744 1878 1444">
     <span class='ocr_line' id='line_1_9' title="bbox 392 744 1878 864; baseline 0.001 -63"><span class='ocrx_word' id='word_1_58' title='bbox 392 758 590 801; x_wconf 89' lang='lat' dir='ltr'>Pertinet</span> <span class='ocrx_word' id='word_1_59' title='bbox 627 761 777 802; x_wconf 91' lang='lat' dir='ltr'>autem</span> <span class='ocrx_word' id='word_1_60' title='bbox 817 759 874 802; x_wconf 88' lang='lat' dir='ltr'>ad</span> <span class='ocrx_word' id='word_1_61' title='bbox 913 759 1170 817; x_wconf 87' lang='lat' dir='ltr'>religionem</span> <span class='ocrx_word' id='word_1_62' title='bbox 1208 760 1422 817; x_wconf 86' lang='lat' dir='ltr'>praesidis</span> <span class='ocrx_word' id='word_1_63' title='bbox 1459 760 1691 818; x_wconf 84' lang='lat' dir='ltr'>prouidere</span> <span class='ocrx_word' id='word_1_64' title='bbox 1736 774 1792 803; x_wconf 91' lang='lat' dir='ltr'>ne</span> <span class='ocrx_word' id='word_1_65' title='bbox 1864 744 1878 864; x_wconf 51' lang='lat' dir='ltr'>i</span> 
     </span>
     <span class='ocr_line' id='line_1_10' title="bbox 333 828 1878 884; baseline 0.001 -14"><span class='ocrx_word' id='word_1_66' title='bbox 333 828 601 884; x_wconf 84' lang='lat' dir='ltr'>potentiores</span> <span class='ocrx_word' id='word_1_67' title='bbox 631 828 718 870; x_wconf 90' lang='lat' dir='ltr'>uiri</span> <span class='ocrx_word' id='word_1_68' title='bbox 748 828 922 872; x_wconf 87' lang='lat' dir='ltr'>iniuriis</span> <span class='ocrx_word' id='word_1_69' title='bbox 951 829 1144 872; x_wconf 90' lang='lat' dir='ltr'>afficiant</span> <span class='ocrx_word' id='word_1_70' title='bbox 1172 829 1439 882; x_wconf 88' lang='lat' dir='ltr'>humiliores,</span> <span class='ocrx_word' id='word_1_71' title='bbox 1458 844 1514 873; x_wconf 92' lang='lat' dir='ltr'>ne</span> <span class='ocrx_word' id='word_1_72' title='bbox 1542 829 1793 872; x_wconf 79' lang='lat' dir='ltr'>defensores</span> <span class='ocrx_word' id='word_1_73' title='bbox 1876 839 1878 841; x_wconf 84' lang='grc'><em>“</em></span> 
     </span>
     <span class='ocr_line' id='line_1_11' title="bbox 334 897 1878 960; baseline 0 -21"><span class='ocrx_word' id='word_1_74' title='bbox 334 911 485 939; x_wconf 87' lang='lat' dir='ltr'>eorum</span> <span class='ocrx_word' id='word_1_75' title='bbox 533 897 844 954; x_wconf 87' lang='lat' dir='ltr'>calumpniosis</span> <span class='ocrx_word' id='word_1_76' title='bbox 892 898 1150 941; x_wconf 80' lang='lat' dir='ltr'><strong>criminibus</strong></span> <span class='ocrx_word' id='word_1_77' title='bbox 1205 898 1477 941; x_wconf 86' lang='lat' dir='ltr'>insectentur</span> <span class='ocrx_word' id='word_1_78' title='bbox 1524 898 1791 941; x_wconf 84' lang='lat' dir='ltr'>innocentes.</span> <span class='ocrx_word' id='word_1_79' title='bbox 1811 912 1878 960; x_wconf 56' lang='lat' dir='ltr'>mg</span> 
     </span>
     <span class='ocr_line' id='line_1_12' title="bbox 320 965 1878 1025; baseline 0.001 -18"><span class='ocrx_word' id='word_1_80' title='bbox 320 965 676 1025; x_wconf 55' lang='lat' dir='ltr'>aProhibebitque</span> <span class='ocrx_word' id='word_1_81' title='bbox 715 966 863 1009; x_wconf 88' lang='lat' dir='ltr'>illatas</span> <span class='ocrx_word' id='word_1_82' title='bbox 907 967 1158 1010; x_wconf 76' lang='lat' dir='ltr'>exactiones</span> <span class='ocrx_word' id='word_1_83' title='bbox 1197 970 1242 1010; x_wconf 93' lang='lat' dir='ltr'>et</span> <span class='ocrx_word' id='word_1_84' title='bbox 1284 967 1519 1011; x_wconf 85' lang='lat' dir='ltr'>uiolentias</span> <span class='ocrx_word' id='word_1_85' title='bbox 1562 967 1704 1010; x_wconf 76' lang='lat' dir='ltr'>factas</span> <span class='ocrx_word' id='word_1_86' title='bbox 1747 969 1793 1009; x_wconf 87' lang='lat' dir='ltr'>et</span> <span class='ocrx_word' id='word_1_87' title='bbox 1871 973 1878 1024; x_wconf 61' lang='grc' dir='ltr'><em>ξ</em></span> 
     </span>
     <span class='ocr_line' id='line_1_13' title="bbox 334 1035 1792 1093; baseline 0 -15"><span class='ocrx_word' id='word_1_88' title='bbox 334 1038 532 1078; x_wconf 86' lang='lat' dir='ltr'>extortas</span> <span class='ocrx_word' id='word_1_89' title='bbox 571 1038 693 1078; x_wconf 88' lang='lat' dir='ltr'>metu</span> <span class='ocrx_word' id='word_1_90' title='bbox 736 1036 1013 1079; x_wconf 89' lang='lat' dir='ltr'>uenditiones</span> <span class='ocrx_word' id='word_1_91' title='bbox 1058 1039 1105 1079; x_wconf 92' lang='lat' dir='ltr'>et</span> <span class='ocrx_word' id='word_1_92' title='bbox 1142 1036 1367 1080; x_wconf 73' lang='lat' dir='ltr'>cautiones</span> <span class='ocrx_word' id='word_1_93' title='bbox 1405 1036 1478 1079; x_wconf 88' lang='lat' dir='ltr'>uel</span> <span class='ocrx_word' id='word_1_94' title='bbox 1517 1037 1611 1079; x_wconf 86' lang='lat' dir='ltr'>sine</span> <span class='ocrx_word' id='word_1_95' title='bbox 1659 1035 1792 1093; x_wconf 85' lang='lat' dir='ltr'>pretii</span> 
     </span>
     <span class='ocr_line' id='line_1_14' title="bbox 333 1104 1793 1163; baseline 0.001 -18"><span class='ocrx_word' id='word_1_96' title='bbox 333 1104 649 1155; x_wconf 74' lang='lat' dir='ltr'>numeratione,</span> <span class='ocrx_word' id='word_1_97' title='bbox 669 1119 725 1148; x_wconf 92' lang='lat' dir='ltr'>ne</span> <span class='ocrx_word' id='word_1_98' title='bbox 746 1107 792 1148; x_wconf 87' lang='lat' dir='ltr'>et</span> <span class='ocrx_word' id='word_1_99' title='bbox 811 1105 904 1162; x_wconf 90' lang='lat' dir='ltr'>ipse</span> <span class='ocrx_word' id='word_1_100' title='bbox 928 1105 1202 1162; x_wconf 91' lang='lat' dir='ltr'>prouinciam</span> <span class='ocrx_word' id='word_1_101' title='bbox 1229 1105 1276 1147; x_wconf 90' lang='lat' dir='ltr'>in</span> <span class='ocrx_word' id='word_1_102' title='bbox 1302 1105 1563 1163; x_wconf 84' lang='lat' dir='ltr'>praebendis</span> <span class='ocrx_word' id='word_1_103' title='bbox 1589 1104 1793 1162; x_wconf 81' lang='lat' dir='ltr'>hospitiis</span> 
     </span>
     <span class='ocr_line' id='line_1_15' title="bbox 333 1174 1793 1232; baseline 0 -16"><span class='ocrx_word' id='word_1_104' title='bbox 333 1177 496 1225; x_wconf 88' lang='lat' dir='ltr'>oneret,</span> <span class='ocrx_word' id='word_1_105' title='bbox 531 1174 719 1231; x_wconf 89' lang='lat' dir='ltr'>denique</span> <span class='ocrx_word' id='word_1_106' title='bbox 757 1190 813 1218; x_wconf 90' lang='lat' dir='ltr'>ne</span> <span class='ocrx_word' id='word_1_107' title='bbox 852 1175 951 1232; x_wconf 88' lang='lat' dir='ltr'>quis</span> <span class='ocrx_word' id='word_1_108' title='bbox 989 1175 1192 1231; x_wconf 88' lang='lat' dir='ltr'>iniquum</span> <span class='ocrx_word' id='word_1_109' title='bbox 1230 1175 1402 1218; x_wconf 90' lang='lat' dir='ltr'>lucrum</span> <span class='ocrx_word' id='word_1_110' title='bbox 1440 1175 1513 1218; x_wconf 89' lang='lat' dir='ltr'>uel</span> <span class='ocrx_word' id='word_1_111' title='bbox 1551 1174 1793 1231; x_wconf 89' lang='lat' dir='ltr'>dampnum</span> 
     </span>
     <span class='ocr_line' id='line_1_16' title="bbox 334 1243 1878 1302; baseline 0.001 -17"><span class='ocrx_word' id='word_1_112' title='bbox 334 1243 509 1294; x_wconf 89' lang='lat' dir='ltr'>sentiat,</span> <span class='ocrx_word' id='word_1_113' title='bbox 538 1244 830 1300; x_wconf 89' lang='lat' dir='ltr'>praecauebit.</span> <span class='ocrx_word' id='word_1_114' title='bbox 894 1243 1113 1302; x_wconf 84' lang='lat' dir='ltr'>Congruit</span> <span class='ocrx_word' id='word_1_115' title='bbox 1144 1244 1261 1287; x_wconf 90' lang='lat' dir='ltr'>enim</span> <span class='ocrx_word' id='word_1_116' title='bbox 1291 1244 1406 1287; x_wconf 94' lang='lat' dir='ltr'>bono</span> <span class='ocrx_word' id='word_1_117' title='bbox 1436 1246 1482 1287; x_wconf 92' lang='lat' dir='ltr'>et</span> <span class='ocrx_word' id='word_1_118' title='bbox 1509 1244 1638 1301; x_wconf 83' lang='lat' dir='ltr'>graui</span> <span class='ocrx_word' id='word_1_119' title='bbox 1666 1257 1791 1300; x_wconf 83' lang='lat' dir='ltr'>prae-</span> <span class='ocrx_word' id='word_1_120' title='bbox 1811 1256 1852 1291; x_wconf 74' lang='grc' dir='ltr'>ιε</span> <span class='ocrx_word' id='word_1_121' title='bbox 1868 1286 1878 1299; x_wconf 43' lang='lat'>,.</span> 
     </span>
     <span class='ocr_line' id='line_1_17' title="bbox 334 1311 1878 1370; baseline 0.001 -17"><span class='ocrx_word' id='word_1_122' title='bbox 334 1312 418 1354; x_wconf 91' lang='lat' dir='ltr'>sidi</span> <span class='ocrx_word' id='word_1_123' title='bbox 446 1327 599 1355; x_wconf 88' lang='lat' dir='ltr'>curare</span> <span class='ocrx_word' id='word_1_124' title='bbox 625 1316 677 1356; x_wconf 89' lang='lat' dir='ltr'>ut</span> <span class='ocrx_word' id='word_1_125' title='bbox 706 1316 863 1369; x_wconf 89' lang='lat' dir='ltr'>pacata</span> <span class='ocrx_word' id='word_1_126' title='bbox 887 1316 933 1356; x_wconf 85' lang='lat' dir='ltr'>et</span> <span class='ocrx_word' id='word_1_127' title='bbox 964 1314 1115 1370; x_wconf 89' lang='lat' dir='ltr'>quieta</span> <span class='ocrx_word' id='word_1_128' title='bbox 1141 1314 1201 1356; x_wconf 88' lang='lat' dir='ltr'>sit</span> <span class='ocrx_word' id='word_1_129' title='bbox 1227 1313 1455 1370; x_wconf 82' lang='lat' dir='ltr'>prouincia</span> <span class='ocrx_word' id='word_1_130' title='bbox 1467 1327 1477 1365; x_wconf 81' lang='lat'><em>3</em></span> <span class='ocrx_word' id='word_1_131' title='bbox 1517 1312 1634 1369; x_wconf 90' lang='lat' dir='ltr'>quod</span> <span class='ocrx_word' id='word_1_132' title='bbox 1663 1311 1793 1356; x_wconf 81' lang='lat' dir='ltr'>facile</span> <span class='ocrx_word' id='word_1_133' title='bbox 1830 1311 1837 1316; x_wconf 83' lang='lat'>&#39;</span> <span class='ocrx_word' id='word_1_134' title='bbox 1874 1349 1878 1370; x_wconf 68' lang='lat'>,</span> 
     </span>
     <span class='ocr_line' id='line_1_18' title="bbox 335 1381 1878 1444; baseline 0.001 -22"><span class='ocrx_word' id='word_1_135' title='bbox 335 1381 564 1437; x_wconf 85' lang='lat' dir='ltr'>optinebit,</span> <span class='ocrx_word' id='word_1_136' title='bbox 596 1382 634 1424; x_wconf 87' lang='lat' dir='ltr'>si</span> <span class='ocrx_word' id='word_1_137' title='bbox 666 1382 850 1425; x_wconf 85' lang='lat' dir='ltr'>sollicite</span> <span class='ocrx_word' id='word_1_138' title='bbox 880 1386 985 1439; x_wconf 88' lang='lat' dir='ltr'>agat</span> <span class='ocrx_word' id='word_1_139' title='bbox 1019 1386 1072 1425; x_wconf 89' lang='lat' dir='ltr'>ut</span> <span class='ocrx_word' id='word_1_140' title='bbox 1104 1383 1232 1425; x_wconf 87' lang='lat' dir='ltr'>malis</span> <span class='ocrx_word' id='word_1_141' title='bbox 1270 1382 1522 1425; x_wconf 86' lang='lat' dir='ltr'>hominibus</span> <span class='ocrx_word' id='word_1_142' title='bbox 1561 1381 1791 1438; x_wconf 86' lang='lat' dir='ltr'>prouincia</span> <span class='ocrx_word' id='word_1_143' title='bbox 1873 1382 1878 1444; x_wconf 67' lang='grc' dir='ltr'>ξ</span> 
     </span>
    </p>

    <p class='ocr_par' dir='ltr' id='par_1_5' title="bbox 185 1450 1878 2198">
     <span class='ocr_line' id='line_1_19' title="bbox 185 1450 1878 1508; baseline -0.001 -14"><span class='ocrx_word' id='word_1_144' title='bbox 185 1455 266 1504; x_wconf 89' lang='grc'>576</span> <span class='ocrx_word' id='word_1_145' title='bbox 287 1465 317 1494; x_wconf 91' lang='lat' dir='ltr'>a</span> <span class='ocrx_word' id='word_1_146' title='bbox 334 1453 481 1493; x_wconf 89' lang='lat' dir='ltr'>careat</span> <span class='ocrx_word' id='word_1_147' title='bbox 501 1465 658 1507; x_wconf 87' lang='lat' dir='ltr'>eosque</span> <span class='ocrx_word' id='word_1_148' title='bbox 678 1452 920 1508; x_wconf 89' lang='lat' dir='ltr'>conquirat.</span> <span class='ocrx_word' id='word_1_149' title='bbox 979 1452 1097 1494; x_wconf 89' lang='lat' dir='ltr'>Nam</span> <span class='ocrx_word' id='word_1_150' title='bbox 1124 1454 1169 1494; x_wconf 90' lang='lat' dir='ltr'>et</span> <span class='ocrx_word' id='word_1_151' title='bbox 1194 1451 1426 1508; x_wconf 86' lang='lat' dir='ltr'>sacrilegos</span> <span class='ocrx_word' id='word_1_152' title='bbox 1453 1451 1645 1493; x_wconf 87' lang='lat' dir='ltr'>latrones</span> <span class='ocrx_word' id='word_1_153' title='bbox 1670 1450 1793 1493; x_wconf 85' lang='lat' dir='ltr'>fures</span> <span class='ocrx_word' id='word_1_154' title='bbox 1871 1461 1878 1486; x_wconf 66' lang='lat'>&lt;-</span> 
     </span>
     <span class='ocr_line' id='line_1_20' title="bbox 334 1519 1871 1577; baseline 0.001 -16"><span class='ocrx_word' id='word_1_155' title='bbox 334 1520 555 1576; x_wconf 86' lang='lat' dir='ltr'>plagarios</span> <span class='ocrx_word' id='word_1_156' title='bbox 593 1520 847 1576; x_wconf 87' lang='lat' dir='ltr'>conquirere</span> <span class='ocrx_word' id='word_1_157' title='bbox 885 1521 1016 1563; x_wconf 89' lang='lat' dir='ltr'>debet</span> <span class='ocrx_word' id='word_1_158' title='bbox 1054 1523 1110 1571; x_wconf 92' lang='lat' dir='ltr'>et,</span> <span class='ocrx_word' id='word_1_159' title='bbox 1148 1523 1282 1577; x_wconf 89' lang='lat' dir='ltr'>prout</span> <span class='ocrx_word' id='word_1_160' title='bbox 1321 1520 1505 1576; x_wconf 84' lang='lat' dir='ltr'>quisque</span> <span class='ocrx_word' id='word_1_161' title='bbox 1543 1519 1791 1576; x_wconf 89' lang='lat' dir='ltr'>deliquerit,</span> <span class='ocrx_word' id='word_1_162' title='bbox 1870 1570 1871 1575; x_wconf 12' lang='grc' dir='ltr'><strong>Ἰ</strong></span> 
     </span>
     <span class='ocr_line' id='line_1_21' title="bbox 333 1584 1878 1646; baseline 0 -16"><span class='ocrx_word' id='word_1_163' title='bbox 333 1588 381 1630; x_wconf 93' lang='lat' dir='ltr'>in</span> <span class='ocrx_word' id='word_1_164' title='bbox 405 1603 506 1630; x_wconf 91' lang='lat' dir='ltr'>eum</span> <span class='ocrx_word' id='word_1_165' title='bbox 539 1589 889 1632; x_wconf 84' lang='lat' dir='ltr'>animaduertere</span> <span class='ocrx_word' id='word_1_166' title='bbox 920 1592 1298 1646; x_wconf 88' lang='lat' dir='ltr'>receptatoresque</span> <span class='ocrx_word' id='word_1_167' title='bbox 1324 1603 1487 1640; x_wconf 89' lang='lat' dir='ltr'>eorum,</span> <span class='ocrx_word' id='word_1_168' title='bbox 1510 1589 1604 1631; x_wconf 92' lang='lat' dir='ltr'>sine</span> <span class='ocrx_word' id='word_1_169' title='bbox 1630 1589 1791 1645; x_wconf 83' lang='lat' dir='ltr'>quibus</span> <span class='ocrx_word' id='word_1_170' title='bbox 1809 1584 1878 1630; x_wconf 55' lang='grc' dir='ltr'>ιο,Ὶ</span> 
     </span>
     <span class='ocr_line' id='line_1_22' title="bbox 333 1657 1791 1715; baseline 0.001 -17"><span class='ocrx_word' id='word_1_171' title='bbox 333 1657 449 1699; x_wconf 91' lang='lat' dir='ltr'>latro</span> <span class='ocrx_word' id='word_1_172' title='bbox 478 1657 646 1700; x_wconf 87' lang='lat' dir='ltr'>diutius</span> <span class='ocrx_word' id='word_1_173' title='bbox 676 1657 813 1700; x_wconf 89' lang='lat' dir='ltr'>latere</span> <span class='ocrx_word' id='word_1_174' title='bbox 842 1673 931 1701; x_wconf 93' lang='lat' dir='ltr'>non</span> <span class='ocrx_word' id='word_1_175' title='bbox 964 1661 1123 1715; x_wconf 84' lang='lat' dir='ltr'>potest.</span> <span class='ocrx_word' id='word_1_176' title='bbox 1181 1658 1314 1701; x_wconf 90' lang='lat' dir='ltr'>Omni</span> <span class='ocrx_word' id='word_1_177' title='bbox 1347 1672 1453 1701; x_wconf 89' lang='lat' dir='ltr'>uero</span> <span class='ocrx_word' id='word_1_178' title='bbox 1486 1658 1555 1701; x_wconf 88' lang='lat' dir='ltr'>ius</span> <span class='ocrx_word' id='word_1_179' title='bbox 1589 1657 1791 1701; x_wconf 87' lang='lat' dir='ltr'>reddenti</span> 
     </span>
     <span class='ocr_line' id='line_1_23' title="bbox 335 1726 1792 1784; baseline 0.001 -16"><span class='ocrx_word' id='word_1_180' title='bbox 335 1726 658 1768; x_wconf 83' lang='lat' dir='ltr'>obseruandum</span> <span class='ocrx_word' id='word_1_181' title='bbox 693 1730 760 1770; x_wconf 87' lang='lat' dir='ltr'>est</span> <span class='ocrx_word' id='word_1_182' title='bbox 793 1730 845 1770; x_wconf 92' lang='lat' dir='ltr'>ut</span> <span class='ocrx_word' id='word_1_183' title='bbox 873 1727 921 1769; x_wconf 91' lang='lat' dir='ltr'>in</span> <span class='ocrx_word' id='word_1_184' title='bbox 950 1727 1151 1770; x_wconf 85' lang='lat' dir='ltr'>adeundo</span> <span class='ocrx_word' id='word_1_185' title='bbox 1181 1727 1359 1784; x_wconf 88' lang='lat' dir='ltr'>quidem</span> <span class='ocrx_word' id='word_1_186' title='bbox 1388 1726 1563 1770; x_wconf 81' lang='lat' dir='ltr'>facilem</span> <span class='ocrx_word' id='word_1_187' title='bbox 1592 1741 1639 1769; x_wconf 90' lang='lat' dir='ltr'>se</span> <span class='ocrx_word' id='word_1_188' title='bbox 1667 1741 1792 1783; x_wconf 89' lang='lat' dir='ltr'>prae-</span> 
     </span>
     <span class='ocr_line' id='line_1_24' title="bbox 334 1795 1793 1853; baseline 0.001 -16"><span class='ocrx_word' id='word_1_189' title='bbox 334 1795 437 1838; x_wconf 90' lang='lat' dir='ltr'>beat</span> <span class='ocrx_word' id='word_1_190' title='bbox 463 1795 540 1838; x_wconf 88' lang='lat' dir='ltr'>sed</span> <span class='ocrx_word' id='word_1_191' title='bbox 566 1797 817 1853; x_wconf 91' lang='lat' dir='ltr'>contempni</span> <span class='ocrx_word' id='word_1_192' title='bbox 837 1811 926 1839; x_wconf 91' lang='lat' dir='ltr'>non</span> <span class='ocrx_word' id='word_1_193' title='bbox 946 1796 1155 1853; x_wconf 86' lang='lat' dir='ltr'>patiatur.</span> <span class='ocrx_word' id='word_1_194' title='bbox 1214 1796 1341 1839; x_wconf 91' lang='lat' dir='ltr'>Vnde</span> <span class='ocrx_word' id='word_1_195' title='bbox 1360 1795 1582 1839; x_wconf 86' lang='lat' dir='ltr'>mandatis</span> <span class='ocrx_word' id='word_1_196' title='bbox 1601 1796 1793 1839; x_wconf 90' lang='lat' dir='ltr'>adicitur</span> 
     </span>
     <span class='ocr_line' id='line_1_25' title="bbox 331 1865 1790 1921; baseline 0.001 -15"><span class='ocrx_word' id='word_1_197' title='bbox 331 1879 387 1907; x_wconf 88' lang='lat' dir='ltr'>ne</span> <span class='ocrx_word' id='word_1_198' title='bbox 414 1865 635 1921; x_wconf 88' lang='lat' dir='ltr'>praesides</span> <span class='ocrx_word' id='word_1_199' title='bbox 664 1865 711 1907; x_wconf 91' lang='lat' dir='ltr'>in</span> <span class='ocrx_word' id='word_1_200' title='bbox 739 1865 992 1908; x_wconf 90' lang='lat' dir='ltr'>ulteriorem</span> <span class='ocrx_word' id='word_1_201' title='bbox 1018 1865 1368 1908; x_wconf 81' lang='lat' dir='ltr'>familiaritatem</span> <span class='ocrx_word' id='word_1_202' title='bbox 1395 1865 1686 1921; x_wconf 87' lang='lat' dir='ltr'>prouinciales</span> <span class='ocrx_word' id='word_1_203' title='bbox 1714 1865 1790 1907; x_wconf 91' lang='lat' dir='ltr'>ad-</span> 
     </span>
     <span class='ocr_line' id='line_1_26' title="bbox 332 1933 1851 1991; baseline -0.001 -16"><span class='ocrx_word' id='word_1_204' title='bbox 332 1933 537 1986; x_wconf 85' lang='lat' dir='ltr'>mittant3</span> <span class='ocrx_word' id='word_1_205' title='bbox 567 1949 670 1976; x_wconf 90' lang='lat' dir='ltr'>nam</span> <span class='ocrx_word' id='word_1_206' title='bbox 691 1949 746 1977; x_wconf 86' lang='lat' dir='ltr'>ex</span> <span class='ocrx_word' id='word_1_207' title='bbox 766 1935 1097 1977; x_wconf 88' lang='lat' dir='ltr'>conuersatione</span> <span class='ocrx_word' id='word_1_208' title='bbox 1117 1934 1290 1991; x_wconf 84' lang='lat' dir='ltr'>aequali</span> <span class='ocrx_word' id='word_1_209' title='bbox 1309 1934 1577 1990; x_wconf 90' lang='lat' dir='ltr'>contemptio</span> <span class='ocrx_word' id='word_1_210' title='bbox 1592 1933 1791 1977; x_wconf 87' lang='lat' dir='ltr'>nascitur</span> <span class='ocrx_word' id='word_1_211' title='bbox 1809 1949 1851 1984; x_wconf 81' lang='lat'>25</span> 
     </span>
     <span class='ocr_line' id='line_1_27' title="bbox 333 2002 1790 2060; baseline 0.001 -16"><span class='ocrx_word' id='word_1_212' title='bbox 333 2002 578 2060; x_wconf 86' lang='lat' dir='ltr'>dignitatis.</span> <span class='ocrx_word' id='word_1_213' title='bbox 650 2003 708 2046; x_wconf 92' lang='lat' dir='ltr'>Et</span> <span class='ocrx_word' id='word_1_214' title='bbox 728 2003 982 2046; x_wconf 84' lang='lat' dir='ltr'>summatim</span> <span class='ocrx_word' id='word_1_215' title='bbox 1002 2004 1068 2046; x_wconf 90' lang='lat' dir='ltr'>ita</span> <span class='ocrx_word' id='word_1_216' title='bbox 1087 2003 1156 2045; x_wconf 91' lang='lat' dir='ltr'>ius</span> <span class='ocrx_word' id='word_1_217' title='bbox 1176 2002 1301 2045; x_wconf 90' lang='lat' dir='ltr'>reddi</span> <span class='ocrx_word' id='word_1_218' title='bbox 1326 2002 1456 2045; x_wconf 88' lang='lat' dir='ltr'>debet</span> <span class='ocrx_word' id='word_1_219' title='bbox 1476 2005 1528 2045; x_wconf 86' lang='lat' dir='ltr'>ut</span> <span class='ocrx_word' id='word_1_220' title='bbox 1553 2002 1790 2045; x_wconf 85' lang='lat' dir='ltr'>auctorita-</span> 
     </span>
     <span class='ocr_line' id='line_1_28' title="bbox 332 2071 1792 2130; baseline 0.001 -17"><span class='ocrx_word' id='word_1_221' title='bbox 332 2075 423 2114; x_wconf 90' lang='lat' dir='ltr'>tem</span> <span class='ocrx_word' id='word_1_222' title='bbox 443 2072 676 2129; x_wconf 85' lang='lat' dir='ltr'>dignitatis</span> <span class='ocrx_word' id='word_1_223' title='bbox 702 2072 879 2130; x_wconf 85' lang='lat' dir='ltr'>ingenio</span> <span class='ocrx_word' id='word_1_224' title='bbox 899 2087 979 2115; x_wconf 92' lang='lat' dir='ltr'>suo</span> <span class='ocrx_word' id='word_1_225' title='bbox 1004 2075 1177 2130; x_wconf 89' lang='lat' dir='ltr'>augeat.</span> <span class='ocrx_word' id='word_1_226' title='bbox 1235 2071 1324 2114; x_wconf 88' lang='lat' dir='ltr'>Sed</span> <span class='ocrx_word' id='word_1_227' title='bbox 1351 2074 1397 2114; x_wconf 88' lang='lat' dir='ltr'>et</span> <span class='ocrx_word' id='word_1_228' title='bbox 1421 2071 1469 2113; x_wconf 90' lang='lat' dir='ltr'>in</span> <span class='ocrx_word' id='word_1_229' title='bbox 1495 2071 1792 2129; x_wconf 87' lang='lat' dir='ltr'>cognoscendo</span> 
     </span>
     <span class='ocr_line' id='line_1_29' title="bbox 333 2140 1791 2198; baseline 0.001 -15"><span class='ocrx_word' id='word_1_230' title='bbox 333 2155 412 2183; x_wconf 90' lang='lat' dir='ltr'>nec</span> <span class='ocrx_word' id='word_1_231' title='bbox 452 2141 764 2184; x_wconf 87' lang='lat' dir='ltr'>excandescere</span> <span class='ocrx_word' id='word_1_232' title='bbox 803 2142 1015 2184; x_wconf 86' lang='lat' dir='ltr'>aduersus</span> <span class='ocrx_word' id='word_1_233' title='bbox 1065 2156 1137 2184; x_wconf 89' lang='lat' dir='ltr'>eos</span> <span class='ocrx_word' id='word_1_234' title='bbox 1184 2155 1292 2198; x_wconf 89' lang='lat' dir='ltr'>quos</span> <span class='ocrx_word' id='word_1_235' title='bbox 1341 2140 1480 2183; x_wconf 89' lang='lat' dir='ltr'>malos</span> <span class='ocrx_word' id='word_1_236' title='bbox 1527 2142 1672 2197; x_wconf 89' lang='lat' dir='ltr'>putat,</span> <span class='ocrx_word' id='word_1_237' title='bbox 1711 2154 1791 2184; x_wconf 85' lang='lat' dir='ltr'>nec</span> 
     </span>
    </p>
   </div>
   <div class='ocr_carea' id='block_1_5' title="bbox 333 2242 1831 2328">
    <p class='ocr_par' dir='ltr' id='par_1_6' title="bbox 333 2242 1831 2328">
     <span class='ocr_line' id='line_1_30' title="bbox 337 2242 1792 2290; baseline 0.001 -11"><span class='ocrx_word' id='word_1_238' title='bbox 337 2253 380 2289; x_wconf 89' lang='lat'>14</span> <span class='ocrx_word' id='word_1_239' title='bbox 403 2244 564 2280; x_wconf 85' lang='lat' dir='ltr'>honeret</span> <span class='ocrx_word' id='word_1_240' title='bbox 582 2244 605 2280; x_wconf 91' lang='lat' dir='ltr'>S</span> <span class='ocrx_word' id='word_1_241' title='bbox 789 2252 829 2290; x_wconf 82' lang='lat'>15</span> <span class='ocrx_word' id='word_1_242' title='bbox 857 2243 996 2281; x_wconf 85' lang='lat' dir='ltr'>sentiet</span> <span class='ocrx_word' id='word_1_243' title='bbox 1013 2243 1080 2280; x_wconf 90' lang='lat' dir='ltr'>BA</span> <span class='ocrx_word' id='word_1_244' title='bbox 1262 2252 1304 2288; x_wconf 93' lang='lat'>17</span> <span class='ocrx_word' id='word_1_245' title='bbox 1329 2242 1518 2281; x_wconf 87' lang='lat' dir='ltr'>obtinebit</span> <span class='ocrx_word' id='word_1_246' title='bbox 1534 2243 1563 2280; x_wconf 83' lang='lat' dir='ltr'>G</span> <span class='ocrx_word' id='word_1_247' title='bbox 1745 2244 1792 2282; x_wconf 88' lang='lat'>26</span> 
     </span>
     <span class='ocr_line' id='line_1_31' title="bbox 333 2291 1831 2328; baseline -0.008 -1"><span class='ocrx_word' id='word_1_248' title='bbox 333 2291 511 2328; x_wconf 84' lang='lat' dir='ltr'>sumatim</span> <span class='ocrx_word' id='word_1_249' title='bbox 529 2291 553 2327; x_wconf 89' lang='lat' dir='ltr'>S</span> <span class='ocrx_word' id='word_1_250' title='bbox 1830 2312 1831 2315; x_wconf 75' lang='grc'>,</span> 
     </span>
    </p>
   </div>
   <div class='ocr_carea' id='block_1_6' title="bbox 335 2392 1863 2534">
    <p class='ocr_par' dir='ltr' id='par_1_7' title="bbox 335 2392 1863 2534">
     <span class='ocr_line' id='line_1_32' title="bbox 385 2392 1863 2441; baseline -0.001 -10"><span class='ocrx_word' id='word_1_251' title='bbox 385 2406 413 2440; x_wconf 89' lang='lat'>1,</span> <span class='ocrx_word' id='word_1_252' title='bbox 426 2406 446 2431; x_wconf 88' lang='lat'>2</span> <span class='ocrx_word' id='word_1_253' title='bbox 463 2397 521 2431; x_wconf 77' lang='lat' dir='ltr'>his</span> <span class='ocrx_word' id='word_1_254' title='bbox 536 2401 654 2431; x_wconf 82' lang='lat' dir='ltr'>tamen</span> <span class='ocrx_word' id='word_1_255' title='bbox 664 2397 816 2441; x_wconf 76' lang='lat' dir='ltr'>exceptis</span> <span class='ocrx_word' id='word_1_256' title='bbox 827 2407 835 2429; x_wconf 72' lang='grc' dir='ltr'>ε</span> <span class='ocrx_word' id='word_1_257' title='bbox 852 2393 948 2438; x_wconf 85' lang='lat' dir='ltr'>Quos</span> <span class='ocrx_word' id='word_1_258' title='bbox 959 2393 1083 2439; x_wconf 88' lang='lat' dir='ltr'>excipi</span> <span class='ocrx_word' id='word_1_259' title='bbox 1095 2395 1280 2440; x_wconf 87' lang='lat' dir='ltr'>oporteat,</span> <span class='ocrx_word' id='word_1_260' title='bbox 1291 2393 1428 2430; x_wconf 81' lang='lat' dir='ltr'>Paulus</span> <span class='ocrx_word' id='word_1_261' title='bbox 1439 2393 1549 2430; x_wconf 86' lang='lat' dir='ltr'>docet</span> <span class='ocrx_word' id='word_1_262' title='bbox 1558 2392 1598 2429; x_wconf 89' lang='lat' dir='ltr'>in</span> <span class='ocrx_word' id='word_1_263' title='bbox 1608 2394 1690 2439; x_wconf 72' lang='lat' dir='ltr'><strong><em>Diq.</em></strong></span> <span class='ocrx_word' id='word_1_264' title='bbox 1700 2393 1791 2430; x_wconf 82' lang='lat' dir='ltr'>xxii.</span> <span class='ocrx_word' id='word_1_265' title='bbox 1861 2426 1863 2429; x_wconf 88' lang='lat'>.</span> 
     </span>
     <span class='ocr_line' id='line_1_33' title="bbox 337 2441 1792 2489; baseline -0.002 -10"><span class='ocrx_word' id='word_1_266' title='bbox 337 2452 368 2489; x_wconf 87' lang='grc'>5.</span> <span class='ocrx_word' id='word_1_267' title='bbox 385 2454 420 2487; x_wconf 90' lang='grc'>4.</span> <span class='ocrx_word' id='word_1_268' title='bbox 532 2445 553 2478; x_wconf 88' lang='grc'><strong>8</strong></span> <span class='ocrx_word' id='word_1_269' title='bbox 577 2445 739 2478; x_wconf 79' lang='lat' dir='ltr'>Pertinet</span> <span class='ocrx_word' id='word_1_270' title='bbox 754 2447 874 2478; x_wconf 81' lang='lat' dir='ltr'>autem</span> <span class='ocrx_word' id='word_1_271' title='bbox 890 2443 981 2478; x_wconf 67' lang='lat' dir='ltr'>eta:</span> <span class='ocrx_word' id='word_1_272' title='bbox 1009 2442 1090 2486; x_wconf 76' lang='lat' dir='ltr'><strong><em>Diy.</em></strong></span> <span class='ocrx_word' id='word_1_273' title='bbox 1107 2441 1131 2476; x_wconf 92' lang='lat' dir='ltr'>i.</span> <span class='ocrx_word' id='word_1_274' title='bbox 1154 2442 1206 2477; x_wconf 89' lang='lat'>18.</span> <span class='ocrx_word' id='word_1_275' title='bbox 1223 2442 1246 2477; x_wconf 92' lang='lat'><strong>6</strong></span> <span class='ocrx_word' id='word_1_276' title='bbox 1264 2441 1282 2487; x_wconf 68' lang='grc' dir='ltr'><strong>ξ</strong></span> <span class='ocrx_word' id='word_1_277' title='bbox 1302 2451 1332 2478; x_wconf 91' lang='lat'>2.</span> <span class='ocrx_word' id='word_1_278' title='bbox 1456 2451 1495 2477; x_wconf 91' lang='lat'>11</span> <span class='ocrx_word' id='word_1_279' title='bbox 1522 2441 1792 2488; x_wconf 69' lang='lat' dir='ltr'>Prohibebitque</span> 
     </span>
     <span class='ocr_line' id='line_1_34' title="bbox 335 2487 1790 2534; baseline -0.001 -8"><span class='ocrx_word' id='word_1_280' title='bbox 335 2493 406 2526; x_wconf 83' lang='lat' dir='ltr'>etc.</span> <span class='ocrx_word' id='word_1_281' title='bbox 425 2502 433 2525; x_wconf 71' lang='grc' dir='ltr'><strong><em>ε</em></strong></span> <span class='ocrx_word' id='word_1_282' title='bbox 458 2502 490 2524; x_wconf 88' lang='lat' dir='ltr'>v.</span> <span class='ocrx_word' id='word_1_283' title='bbox 512 2492 594 2534; x_wconf 77' lang='lat' dir='ltr'><em>Diy.</em></span> <span class='ocrx_word' id='word_1_284' title='bbox 611 2489 636 2525; x_wconf 89' lang='lat' dir='ltr'>i.</span> <span class='ocrx_word' id='word_1_285' title='bbox 660 2491 712 2526; x_wconf 88' lang='lat'>18.</span> <span class='ocrx_word' id='word_1_286' title='bbox 730 2491 763 2525; x_wconf 91' lang='lat'>6.</span> <span class='ocrx_word' id='word_1_287' title='bbox 783 2489 867 2524; x_wconf 87' lang='lat' dir='ltr'>init.</span> <span class='ocrx_word' id='word_1_288' title='bbox 962 2489 1106 2524; x_wconf 75' lang='lat' dir='ltr'>illatas:</span> <span class='ocrx_word' id='word_1_289' title='bbox 1131 2490 1278 2524; x_wconf 76' lang='lat' dir='ltr'>illicitas</span> <span class='ocrx_word' id='word_1_290' title='bbox 1294 2487 1407 2524; x_wconf 87' lang='lat' dir='ltr'>habet</span> <span class='ocrx_word' id='word_1_291' title='bbox 1424 2489 1507 2532; x_wconf 62' lang='grc' dir='ltr'>Βία.</span> <span class='ocrx_word' id='word_1_292' title='bbox 1617 2515 1626 2523; x_wconf 92' lang='grc'><strong>.</strong></span> <span class='ocrx_word' id='word_1_293' title='bbox 1747 2497 1790 2533; x_wconf 88' lang='lat'>13</span> 
     </span>
    </p>
   </div>
   <div class='ocr_carea' id='block_1_7' title="bbox 331 2533 1873 2724">
    <p class='ocr_par' dir='ltr' id='par_1_8' title="bbox 331 2533 1873 2724">
     <span class='ocr_line' id='line_1_35' title="bbox 334 2533 1868 2582; baseline -0.001 -10"><span class='ocrx_word' id='word_1_294' title='bbox 334 2549 378 2572; x_wconf 76' lang='lat' dir='ltr'>ne</span> <span class='ocrx_word' id='word_1_295' title='bbox 395 2542 427 2572; x_wconf 88' lang='lat' dir='ltr'>et</span> <span class='ocrx_word' id='word_1_296' title='bbox 444 2538 520 2581; x_wconf 74' lang='lat' dir='ltr'>ipse</span> <span class='ocrx_word' id='word_1_297' title='bbox 537 2539 608 2572; x_wconf 87' lang='lat' dir='ltr'>etc.</span> <span class='ocrx_word' id='word_1_298' title='bbox 623 2550 631 2572; x_wconf 89' lang='lat'>:</span> <span class='ocrx_word' id='word_1_299' title='bbox 655 2549 688 2572; x_wconf 88' lang='lat' dir='ltr'>v.</span> <span class='ocrx_word' id='word_1_300' title='bbox 706 2538 789 2582; x_wconf 74' lang='lat' dir='ltr'><em>Diy.</em></span> <span class='ocrx_word' id='word_1_301' title='bbox 808 2536 832 2571; x_wconf 88' lang='lat' dir='ltr'>i.</span> <span class='ocrx_word' id='word_1_302' title='bbox 854 2536 906 2572; x_wconf 90' lang='lat'>16.</span> <span class='ocrx_word' id='word_1_303' title='bbox 924 2546 956 2579; x_wconf 86' lang='lat'>4.</span> <span class='ocrx_word' id='word_1_304' title='bbox 975 2534 1059 2571; x_wconf 89' lang='lat' dir='ltr'>init.</span> <span class='ocrx_word' id='word_1_305' title='bbox 1230 2545 1272 2579; x_wconf 83' lang='lat'>14</span> <span class='ocrx_word' id='word_1_306' title='bbox 1297 2547 1341 2570; x_wconf 84' lang='lat' dir='ltr'>ne</span> <span class='ocrx_word' id='word_1_307' title='bbox 1359 2536 1439 2581; x_wconf 72' lang='lat' dir='ltr'>quis</span> <span class='ocrx_word' id='word_1_308' title='bbox 1454 2536 1524 2571; x_wconf 90' lang='lat' dir='ltr'>etc.</span> <span class='ocrx_word' id='word_1_309' title='bbox 1539 2546 1548 2570; x_wconf 68' lang='grc' dir='ltr'>ι</span> <span class='ocrx_word' id='word_1_310' title='bbox 1574 2533 1791 2571; x_wconf 81' lang='lat' dir='ltr'>Revertitur</span> <span class='ocrx_word' id='word_1_311' title='bbox 1860 2552 1868 2582; x_wconf 74' lang='lat' dir='ltr'>J:</span> 
     </span>
     <span class='ocr_line' id='line_1_36' title="bbox 334 2581 1873 2629; baseline -0.002 -10"><span class='ocrx_word' id='word_1_312' title='bbox 334 2584 382 2619; x_wconf 83' lang='lat' dir='ltr'>ad</span> <span class='ocrx_word' id='word_1_313' title='bbox 399 2585 480 2627; x_wconf 70' lang='lat' dir='ltr'><em>Diq.</em></span> <span class='ocrx_word' id='word_1_314' title='bbox 499 2583 523 2618; x_wconf 92' lang='lat' dir='ltr'>i.</span> <span class='ocrx_word' id='word_1_315' title='bbox 544 2585 599 2619; x_wconf 90' lang='lat'>18.</span> <span class='ocrx_word' id='word_1_316' title='bbox 617 2585 649 2619; x_wconf 91' lang='lat'>6.</span> <span class='ocrx_word' id='word_1_317' title='bbox 809 2591 848 2629; x_wconf 85' lang='lat'>15</span> <span class='ocrx_word' id='word_1_318' title='bbox 879 2583 1053 2627; x_wconf 75' lang='lat' dir='ltr'>Conqruit</span> <span class='ocrx_word' id='word_1_319' title='bbox 1069 2584 1161 2618; x_wconf 84' lang='lat' dir='ltr'>etc.:</span> <span class='ocrx_word' id='word_1_320' title='bbox 1186 2583 1269 2628; x_wconf 73' lang='lat' dir='ltr'><strong><em>Diy.</em></strong></span> <span class='ocrx_word' id='word_1_321' title='bbox 1286 2581 1310 2618; x_wconf 91' lang='lat' dir='ltr'>i.</span> <span class='ocrx_word' id='word_1_322' title='bbox 1331 2584 1383 2617; x_wconf 86' lang='lat'>18.</span> <span class='ocrx_word' id='word_1_323' title='bbox 1404 2592 1456 2626; x_wconf 91' lang='lat'>13.</span> <span class='ocrx_word' id='word_1_324' title='bbox 1610 2591 1652 2617; x_wconf 88' lang='lat'>21</span> <span class='ocrx_word' id='word_1_325' title='bbox 1683 2583 1792 2617; x_wconf 86' lang='lat' dir='ltr'>Omm&#39;</span> <span class='ocrx_word' id='word_1_326' title='bbox 1854 2592 1873 2626; x_wconf 49' lang='grc' dir='ltr'>,ῃ</span> 
     </span>
     <span class='ocr_line' id='line_1_37' title="bbox 332 2624 1867 2675; baseline -0.002 -9"><span class='ocrx_word' id='word_1_327' title='bbox 332 2642 418 2666; x_wconf 83' lang='lat' dir='ltr'>uero</span> <span class='ocrx_word' id='word_1_328' title='bbox 435 2633 494 2665; x_wconf 80' lang='lat' dir='ltr'>ius</span> <span class='ocrx_word' id='word_1_329' title='bbox 510 2642 627 2675; x_wconf 87' lang='lat' dir='ltr'>usque</span> <span class='ocrx_word' id='word_1_330' title='bbox 644 2631 692 2666; x_wconf 88' lang='lat' dir='ltr'>ad</span> <span class='ocrx_word' id='word_1_331' title='bbox 716 2632 862 2675; x_wconf 75' lang='lat' dir='ltr'>deteyit:</span> <span class='ocrx_word' id='word_1_332' title='bbox 889 2631 971 2674; x_wconf 77' lang='lat' dir='ltr'>Diy.</span> <span class='ocrx_word' id='word_1_333' title='bbox 990 2629 1014 2665; x_wconf 91' lang='lat' dir='ltr'>i.</span> <span class='ocrx_word' id='word_1_334' title='bbox 1039 2630 1090 2665; x_wconf 91' lang='lat'>18.</span> <span class='ocrx_word' id='word_1_335' title='bbox 1114 2638 1166 2675; x_wconf 93' lang='lat'>19.</span> <span class='ocrx_word' id='word_1_336' title='bbox 1326 2630 1370 2665; x_wconf 90' lang='lat'>26</span> <span class='ocrx_word' id='word_1_337' title='bbox 1394 2630 1444 2664; x_wconf 84' lang='lat' dir='ltr'>Et</span> <span class='ocrx_word' id='word_1_338' title='bbox 1466 2630 1673 2664; x_wconf 72' lang='lat' dir='ltr'>summatim</span> <span class='ocrx_word' id='word_1_339' title='bbox 1691 2630 1790 2666; x_wconf 61' lang='lat' dir='ltr'>eta:</span> <span class='ocrx_word' id='word_1_340' title='bbox 1853 2624 1867 2663; x_wconf 66' lang='grc' dir='ltr'><strong>ιῖ</strong></span> 
     </span>
     <span class='ocr_line' id='line_1_38' title="bbox 331 2677 1791 2724; baseline -0.001 -11"><span class='ocrx_word' id='word_1_341' title='bbox 331 2678 377 2713; x_wconf 92' lang='lat' dir='ltr'>In</span> <span class='ocrx_word' id='word_1_342' title='bbox 394 2679 476 2722; x_wconf 70' lang='lat' dir='ltr'>Diy.</span> <span class='ocrx_word' id='word_1_343' title='bbox 496 2677 637 2724; x_wconf 84' lang='lat' dir='ltr'>legitur</span> <span class='ocrx_word' id='word_1_344' title='bbox 652 2680 720 2714; x_wconf 82' lang='lat' dir='ltr'>Sed</span> <span class='ocrx_word' id='word_1_345' title='bbox 736 2683 768 2714; x_wconf 88' lang='lat' dir='ltr'>et</span> <span class='ocrx_word' id='word_1_346' title='bbox 784 2680 824 2713; x_wconf 79' lang='lat' dir='ltr'>in</span> <span class='ocrx_word' id='word_1_347' title='bbox 841 2679 1072 2723; x_wconf 74' lang='lat' dir='ltr'>coynoscendo</span> <span class='ocrx_word' id='word_1_348' title='bbox 1089 2703 1098 2713; x_wconf 94' lang='lat'><strong>.</strong></span> <span class='ocrx_word' id='word_1_349' title='bbox 1116 2704 1125 2713; x_wconf 92' lang='lat'><strong>.</strong></span> <span class='ocrx_word' id='word_1_350' title='bbox 1144 2703 1152 2713; x_wconf 93' lang='lat'><strong>.</strong></span> <span class='ocrx_word' id='word_1_351' title='bbox 1170 2677 1296 2722; x_wconf 72' lang='lat' dir='ltr'>deteqit</span> <span class='ocrx_word' id='word_1_352' title='bbox 1313 2678 1352 2712; x_wconf 86' lang='lat' dir='ltr'>et</span> <span class='ocrx_word' id='word_1_353' title='bbox 1373 2677 1502 2722; x_wconf 84' lang='lat' dir='ltr'>postea</span> <span class='ocrx_word' id='word_1_354' title='bbox 1517 2677 1568 2711; x_wconf 85' lang='lat' dir='ltr'>Et</span> <span class='ocrx_word' id='word_1_355' title='bbox 1582 2677 1791 2712; x_wconf 73' lang='lat' dir='ltr'>summatim</span> 
     </span>
    </p>
   </div>
   <div class='ocr_carea' id='block_1_8' title="bbox 333 2730 1878 2837">
    <p class='ocr_par' dir='ltr' id='par_1_9' title="bbox 333 2730 1878 2837">
     <span class='ocr_line' id='line_1_39' title="bbox 333 2730 1878 2806; baseline -0.014 -44"><span class='ocrx_word' id='word_1_356' title='bbox 333 2752 343 2762; x_wconf 88' lang='lat'><strong>.</strong></span> <span class='ocrx_word' id='word_1_357' title='bbox 362 2752 371 2761; x_wconf 86' lang='lat'><strong>.</strong></span> <span class='ocrx_word' id='word_1_358' title='bbox 387 2752 395 2761; x_wconf 92' lang='lat'><strong><em>.</em></strong></span> <span class='ocrx_word' id='word_1_359' title='bbox 409 2730 548 2769; x_wconf 74' lang='lat' dir='ltr'>anyeat.</span> <span class='ocrx_word' id='word_1_360' title='bbox 1875 2753 1878 2806; x_wconf 48' lang='lat'><strong>¹</strong></span> 
     </span>
     <span class='ocr_line' id='line_1_40' title="bbox 444 2804 508 2837; baseline 0.016 -1"><span class='ocrx_word' id='word_1_361' title='bbox 444 2804 508 2837; x_wconf 83' lang='lat'>344</span> 
     </span>
    </p>
   </div>
  </div>
 </body>
</html>
