1878 3172
99 159 201 193 oar.
213 147 266 207 x]
614 147 1014 194 POLICRATICV
1015 148 1050 192 S
1571 152 1660 199 406
1679 161 1703 191 c

98 268 421 312 eonsentientes
462 268 562 326 pari
604 283 722 326 pena
772 267 926 312 recolis
976 283 1070 312 esse
1116 269 1379 326 plectendos.
1465 269 1554 322 Qui

98 337 280 390 donant,
298 337 456 394 inquit,
476 337 779 389 histrionibus,
800 352 935 394 quare
959 337 1158 382 donanti
1215 339 1313 382 Hoc
1332 339 1487 396 utique
1505 339 1554 382 in

98 405 188 450 illis
206 405 376 458 fouent,
394 406 442 448 in
461 421 549 462 quo
567 406 824 462 nequissimi
846 409 963 449 sunt.
1022 407 1193 464 Nempe
1212 408 1289 464 qui
1308 408 1553 464 nequitiam
1567 411 1598 452 d

99 473 237 527 fouet,
249 477 372 518 estne
386 475 552 518 bonus?
611 475 725 518 Cum
738 490 845 518 uero
864 475 1061 519 omnium
1081 476 1267 520 istorum
1287 477 1347 519 sit
1365 477 1553 527 odibilis,

30 563 35 568 ·
62 551 83 587 ὅ
99 543 276 587 illorum
294 547 446 587 tamen
467 544 545 601 qui
563 545 710 587 minus
728 547 888 588 nocent
906 544 1078 588 malitia
1096 545 1368 588 tolerabilior
1386 550 1464 589 est.

186 662 293 720 Cap.
325 678 363 719 9.
418 662 544 707 Vnde
570 664 755 708 dicatur
777 664 1095 721 proestiyimn,
1124 668 1164 708 et
1192 664 1299 722 quis
1316 665 1468 721 fuerit

677 737 836 776 auctor
863 733 975 777 eius.

157 817 244 861 Eos
268 822 418 861 autem
437 818 514 875 qui
533 818 786 861 nocentiora
810 818 1050 875 praestigia
1068 821 1271 875 artesque
1290 819 1484 875 magicas
1509 822 1556 862 et

98 887 246 930 uarias
257 887 421 944 species
434 887 771 930 mathematicae
785 887 1043 944 reprobatae
1055 890 1270 938 exercent,
1282 888 1371 930 iam
1383 888 1554 944 pridem

42 968 84 993 10
98 956 240 999 sancti
254 959 403 1012 patres
422 956 479 998 ab
497 956 600 998 aula
620 956 853 1006 iusserunt,
869 971 920 999 eo
935 956 1052 1013 quod
1071 956 1219 999 omnia
1239 957 1347 1000 haec
1366 956 1555 1000 artificia

99 1024 171 1067 uel
212 1025 360 1082 potius
402 1025 616 1068 maleficia
654 1040 711 1068 ex
757 1025 968 1082 pestifera
1012 1025 1203 1082 quadam
1250 1025 1555 1068 familiaritate

98 1093 333 1136 demonum
382 1096 428 1136 et
475 1094 703 1136 hominum
750 1095 957 1137 nouerint
1001 1094 1271 1151 profluxisse,
1313 1109 1554 1151 uerumque

97 1177 304 1219 persaepe
318 1162 552 1219 proferunt
566 1163 659 1206 sola
674 1163 919 1206 intentione
936 1163 1130 1214 fallendi,
1142 1178 1169 1206 a
1184 1163 1344 1220 quibus
1359 1163 1553 1206 animam

98 1230 271 1274 fidelem
291 1231 507 1274 Dominus
526 1246 678 1275 arcens
698 1233 787 1275 ait:
828 1233 877 1275 Si
898 1232 1094 1275 dixerint
1114 1232 1251 1282 uobis,
1272 1235 1318 1275 et
1338 1233 1403 1275 ita
1422 1247 1552 1275 euen-

42 1314 83 1350 15
100 1299 196 1350 erit,
222 1315 278 1342 ne
311 1299 500 1343 credatis
531 1300 604 1344 eis.
664 1300 957 1358 Praestigium
988 1316 1094 1345 uero
1119 1301 1363 1345 Mercurius
1389 1301 1553 1344 dicitur

65 1423 68 1425 ,
99 1368 330 1420 inuenisse,
357 1368 474 1425 quod
496 1383 553 1411 ex
579 1383 630 1412 eo
656 1370 718 1413 sie
747 1370 920 1422 dicitur,
947 1370 1064 1427 quod
1091 1370 1229 1413 aciem
1254 1370 1553 1427 praestringat
1568 1379 1651 1419 407
1671 1381 1701 1409 a

99 1437 335 1482 oculorum.
384 1437 574 1494 Fuitque
603 1453 832 1496 magorum
858 1439 1162 1496 peritissimus,
1181 1443 1234 1482 ut
1258 1453 1553 1496 quascumque

99 1520 169 1549 res
207 1506 343 1549 uellet
380 1506 625 1550 inuisibiles
662 1507 840 1558 faceret,
867 1513 958 1559 aut,
986 1511 1039 1551 ut
1077 1508 1325 1560 uidebatur,
1356 1508 1404 1550 in
1443 1507 1554 1550 alias

98 1575 262 1632 species
299 1575 647 1619 transformaret.
719 1577 881 1620 Omnia
918 1578 1135 1634 siquidem
1182 1577 1406 1628 mathesis,
1445 1576 1552 1620 dum

40 1660 84 1687 20
99 1642 388 1700 penultimam
426 1645 639 1695 extendis,
670 1646 882 1702 figmenta
919 1647 977 1688 ad
1026 1646 1240 1703 magicam
1286 1645 1552 1695 referuntur,

98 1711 222 1756 cuius
249 1711 464 1769 plurimae
492 1714 656 1771 species
685 1718 790 1757 sunt
818 1717 864 1757 et
892 1715 1103 1758 diuersae.

267 1830 374 1888 Cap.
406 1844 470 1874 10.
519 1831 614 1885 Qui
639 1832 735 1875 sint
763 1833 898 1888 maqi,
928 1837 967 1876 et
994 1833 1118 1876 unde
1146 1833 1378 1876 dicantur.

155 1914 216 1958 Et
235 1915 412 1972 quidem
431 1916 550 1973 magi
576 1920 680 1959 sunt
706 1919 751 1960 et
778 1918 834 1960 ob
859 1918 1211 1975 magnitudinem
1237 1917 1551 1960 maleficiorum

90 1983 160 2026 sic
187 1983 478 2040 appellantur,
505 1985 582 2040 qui
612 1985 802 2029 Domino
830 1987 1114 2042 permittente
1144 1986 1360 2028 elementa
1394 1999 1550 2028 concu-

98 2083 122 2117 6
145 2080 286 2117 dicitur
302 2079 326 2116 S
343 2083 385 2116 in
399 2083 545 2117 mbr-ica
559 2094 637 2127 cap.
651 2084 833 2128 praefixa.
986 2092 1030 2118 22
1055 2081 1127 2126 Qui
1144 2084 1232 2118 sunt
1249 2081 1308 2117 CB
1325 2095 1333 2117 ε
1359 2081 1457 2125 Quid
1472 2081 1551 2117 sint

99 2127 124 2164 S
141 2130 183 2164 in
199 2129 344 2164 rubrica
361 2141 441 2174 cap.
451 2131 632 2174 praefixa.

146 2226 167 2250 2
192 2216 311 2269 inquit
334 2217 428 2251 eta:
456 2213 711 2261 Augustinum
734 2215 872 2249 Enarr.
900 2215 942 2248 in
969 2215 1028 2249 Pe.
1054 2216 1111 2249 cii.
1143 2213 1160 2259 §
1196 2213 1336 2259 13(Μί
1393 2224 1413 2249 e
1442 2215 1481 2249 P.
1505 2215 1551 2249 L.

99 2261 237 2298 xxxvii.
257 2263 360 2306 1327)
379 2261 502 2298 citant
520 2261 722 2297 Gratianus
739 2263 875 2296 Decret.
900 2260 929 2296 Ι
955 2260 1039 2298 dist.
1068 2261 1124 2303 86,
1150 2272 1181 2298 c.
1210 2263 1230 2296 8
1250 2260 1321 2305 (ed.
1390 2260 1552 2306 edberg.

98 2309 124 2344 i.
151 2310 245 2354 3,oo)
273 2307 375 2344 Ivon.
401 2309 550 2346 Carnot.
582 2310 715 2344 Decret.
740 2307 820 2343 xiii.
845 2318 901 2352 31
1048 2318 1092 2343 10
1114 2308 1159 2343 ab
1181 2309 1268 2342 aula
1293 2310 1386 2343 etc.:
1414 2309 1550 2343 Dea-et.

101 2355 149 2391 ΙΙ.
183 2356 280 2390 xxvi.
316 2365 348 2401 5.
380 2367 412 2391 c.
445 2366 469 2400 4
511 2355 582 2401 (ed.
617 2354 831 2400 Friedberg.
863 2353 887 2389 i.
927 2355 1042 2393 1028).
1246 2365 1285 2397 14
1319 2356 1362 2390 Si
1391 2357 1552 2390 diaeern‘nt

100 2404 199 2438 ete:
226 2401 336 2438 Dent.
355 2402 434 2438 xiii.
458 2413 486 2446 1,
514 2413 556 2445 23
591 2401 701 2437 Matt.
727 2401 824 2436 xxiv.
849 2402 904 2445 36.
1020 2409 1061 2446 15
1087 2402 1326 2446 Ρναωτίρὶιινη
1343 2403 1438 2438 etc.:
1462 2401 1550 2437 laid.

101 2451 198 2495 Orty.
208 2449 283 2484 viii.
298 2460 320 2495 9
335 2449 352 2495 ξ
369 2459 560 2494 23.19
572 2450 701 2484 Omnia
714 2442 811 2484 ete:
828 2447 1009 2483 Μαιῖιὲείη
1021 2447 1166 2484 scilicet
1177 2448 1274 2483 bono
1288 2460 1407 2490 sensu,
1420 2450 1554 2484 math&-

99 2497 156 2531 εὸτι
173 2498 299 2531 autem
316 2496 415 2532 malo
432 2495 572 2541 accipit
591 2495 769 2539 Ioannes;
796 2494 973 2531 similiter
988 2496 1174 2530 mathesim
1190 2497 1229 2530 et
1241 2498 1402 2531 matesim
1419 2495 1552 2531 distin-

155 2542 185 2578 t
209 2543 297 2588 Hug
298 2554 320 2578 o
339 2544 384 2580 de
410 2542 445 2579 S.
469 2543 622 2579 Victore
646 2544 764 2578 Eruci.
790 2544 873 2577 Did.
894 2541 934 2576 ii.
960 2553 982 2585 4
995 2541 1149 2587 (Migne
1173 2543 1213 2577 P.
1236 2544 1278 2577 L.
1299 2542 1429 2578 clxxii.
1452 2543 1550 2588 753)

100 2555 297 2625 51111108εὲ
279 2589 330 2625 Μ.
348 2590 422 2636 Cyr
423 2589 490 2625 .in
514 2589 685 2635 margine
710 2589 852 2625 habent
870 2589 923 2632 (1)
945 2590 1155 2624 Doctm‘nam
1177 2591 1344 2625 mathesis
1362 2595 1462 2626 notat
1479 2591 1553 2635 (uel

99 2635 211 2681 sapit)
236 2641 274 2671 at
294 2639 426 2672 diuina
442 2639 608 2672 mathe'sis
625 2636 677 2680 (2)
697 2638 794 2672 Scire
805 2637 903 2680 facit
918 2637 1092 2677 mathesis,
1110 2638 1170 2670 sed
1188 2638 1357 2672 diuinare
1372 2639 1550 2678 mathesis,

101 2694 211 2728 quem
227 2693 372 2718 versum
390 2683 431 2719 in
449 2683 657 2719 Eberhardi
675 2682 939 2719 Bethuniensis
958 2684 1158 2718 Graecismo
1174 2694 1208 2719 x.
1227 2693 1297 2719 210
1306 2683 1379 2728 (ed.
1397 2664 1551 2720 Wrobel

100 2741 137 2775 p.
162 2730 222 2774 85)
246 2729 423 2766 invenies.
472 2730 528 2766 De
547 2729 725 2766 vocabulo
750 2731 873 2764 dimna
894 2729 965 2764 vid.
993 2728 1051 2764 Du
1076 2729 1201 2776 Gange
1222 2741 1248 2766 s.
1267 2742 1299 2766 v.
1325 2733 1469 2766 divinus
1486 2731 1550 2775 (1).

101 2786 146 2821 23
170 2778 510 2822 obmaqnitudinem
526 2779 597 2812 etc.
613 2787 622 2812 :
648 2789 680 2813 v.
706 2776 790 2812 Isid.
820 2778 914 2822 Oriy.
933 2775 1011 2813 viii.
1031 2786 1063 2822 9.
1085 2776 1154 2823 §9
1154 2742 1310 2813 g.Decret
1330 2777 1377 2814 ΙΙ.
1400 2777 1496 2813 xxvi.
1517 2787 1548 2824 5.

155 2846 235 2865 wne
807 2843 839 2870 Η
1399 2849 1443 2881 49
