1878 3172
166 181 245 221 542
264 181 295 211 a
638 168 901 213 IOANNIS
941 168 1454 214 SARESBERIENSIS
1617 169 1727 230 [mn.
1743 183 1773 214 v

313 292 359 333 et
379 289 722 332 sacerdotiorum
737 289 852 332 uarii
872 289 998 342 ritus,
1011 289 1170 346 quibus
1185 289 1251 332 ita
1269 289 1517 332 barbariem
1532 291 1773 347 occupauit,
1874 254 1878 342 1

313 362 366 401 ut
395 359 452 401 ab
478 359 654 402 iniuriis
681 361 990 416 temperarent,
1011 357 1281 401 feriarentur
1306 358 1364 401 ab
1390 359 1537 412 armis,
1556 359 1773 403 iustitiam

312 427 517 478 colerent,
557 431 603 470 et
641 428 816 471 ciuilem
856 427 940 470 sibi
989 427 1179 469 inuicem
1218 426 1498 484 impertirent
1545 428 1773 481 affeetum3

265 498 295 536 b
315 511 450 553 eoque
480 496 669 540 ferocem
696 497 867 554 redegit
893 496 1118 553 populum,
1144 499 1198 538 ut
1223 496 1469 553 imperium,
1490 497 1607 554 quod
1632 498 1680 540 ui
1706 498 1774 552 (ut

313 566 495 623 dicitur)
515 569 560 609 et
586 566 751 608 iniuria
777 568 1080 622 occupauerat,
1100 565 1298 608 iustitiae
1325 568 1371 609 et
1396 566 1577 623 pietatis
1604 566 1773 624 legibus
1792 584 1810 618 5

314 635 504 679 feliciter
542 636 821 693 gubernaret.
896 634 983 677 Sed
1019 634 1126 690 quid
1162 634 1340 691 profero
1370 635 1580 687 Numam,
1599 649 1700 678 cum
1730 639 1775 679 et

313 708 462 762 patres
482 705 585 748 fidei
605 710 781 748 nostrae
796 704 961 746 ueteris
980 703 1090 760 legis
1110 704 1323 747 sacrificia
1338 707 1537 747 asserant
1555 704 1775 755 instituta,
1874 651 1878 749 1

314 789 370 816 ne
390 774 438 815 in
457 774 759 816 demoniorum
780 772 904 816 cultu
923 772 1112 829 populus
1134 776 1372 829 occupatus
1391 787 1523 816 uerae
1550 773 1774 830 religionis
1874 757 1878 840 1

313 842 556 886 dedisceret
595 842 776 894 cultum,
815 841 907 883 ritu
945 840 1147 898 gentium
1186 841 1400 884 sacrificia
1438 856 1519 884 sua
1561 841 1775 885 demoniis
1874 841 1878 862 ⁸

313 911 545 954 immolans
584 915 629 954 et
667 926 757 954 non
796 910 920 952 DeoZ
980 908 1154 953 Colitur
1192 924 1297 967 ergo
1337 910 1458 954 Deus
1495 914 1576 954 aut
1614 911 1774 955 affectu
1793 926 1834 950 10
1876 909 1878 969 j

313 982 475 1024 mentis
514 983 593 1023 aut
632 979 905 1023 exhibitione
944 978 1098 1035 operia
1174 978 1262 1022 Sed
1305 980 1488 1023 affectus
1527 980 1774 1024 dilectionis
1875 976 1878 1037 l

313 1050 458 1107 ipsum
482 1065 591 1107 pure
612 1049 809 1105 attingit,
828 1048 932 1091 licet
952 1048 1100 1104 aliquo
1121 1062 1251 1091 sensu
1277 1049 1471 1106 corporis
1491 1049 1563 1092 uel
1590 1049 1774 1100 animae,
1876 1042 1878 1054 ³

312 1120 419 1162 dum
449 1119 758 1176 peregrinatur
786 1132 813 1160 a
843 1117 1034 1159 Domino
1063 1119 1108 1159 et
1137 1131 1261 1160 mens
1290 1117 1404 1160 mole
1433 1118 1626 1175 corporis
1649 1133 1773 1175 prae-

309 1193 537 1246 grauatur,
557 1188 685 1245 plene
714 1189 906 1243 nequeat
935 1186 1267 1243 comprehendi3
1297 1189 1343 1229 et
1371 1190 1488 1230 certe
1518 1202 1569 1230 eo
1597 1190 1775 1230 amatur

309 1258 539 1301 ardentius
559 1260 605 1300 et
624 1256 863 1300 studiosius
880 1256 1119 1312 quaeritur,
1132 1270 1219 1312 quo
1234 1256 1425 1299 altitudo
1440 1259 1486 1299 et
1499 1257 1773 1300 immensitas
1793 1273 1833 1307 15
1876 1248 1878 1262 ³

311 1327 571 1369 diuitiarum
601 1326 825 1383 potentiae
855 1328 900 1368 et
930 1325 1171 1381 sapientiae
1201 1339 1306 1368 suae
1335 1340 1509 1368 omnem
1538 1329 1775 1383 exsuperat
1834 1360 1840 1364 .

270 1406 297 1436 c
313 1395 610 1448 intellectum;
639 1395 808 1437 uirtute
829 1398 978 1437 tamen
1003 1397 1132 1436 tanta
1157 1409 1331 1437 omnem
1352 1398 1598 1438 creaturam
1618 1395 1775 1438 circuit

310 1467 516 1522 penetrat
550 1464 706 1521 implet
738 1466 784 1506 et
817 1463 1023 1520 protegit,
1054 1466 1107 1505 ut
1142 1478 1420 1520 nequaquam
1455 1464 1593 1507 latere
1626 1464 1775 1507 ualeat

311 1534 554 1591 quamlibet
574 1533 883 1576 rationabilem
903 1535 1162 1575 creaturam.
1222 1532 1327 1589 Ipsa
1347 1548 1519 1590 quoque
1539 1534 1773 1576 irrationa-
1803 1542 1807 1545 ’

309 1603 418 1645 bilia
444 1603 589 1659 ipsum
617 1617 710 1645 esse
737 1604 783 1644 et
808 1601 943 1643 talem
973 1615 1066 1643 esse
1093 1603 1138 1643 et
1166 1603 1342 1644 tantum
1370 1602 1573 1658 plurimis
1599 1602 1773 1646 indiciis
1793 1620 1836 1644 πο

309 1674 623 1728 protestantur.
703 1670 818 1712 Miro
857 1669 1007 1725 itaque
1046 1669 1177 1712 modo
1215 1669 1275 1712 sic
1324 1670 1665 1728 intelligentiam
1704 1671 1774 1714 sui

309 1740 511 1783 infundit
562 1745 614 1782 ut
662 1739 923 1791 subtrahat3
982 1738 1044 1781 sic
1083 1739 1309 1781 subtrahit
1347 1742 1400 1782 ut
1437 1739 1649 1783 infundat
1661 1755 1671 1794 ;
1729 1744 1775 1784 et

310 1810 550 1853 secundum
570 1823 821 1851 mensuram
842 1807 1105 1864 beneplaciti
1127 1808 1196 1850 sui
1217 1808 1278 1851 sic
1301 1811 1510 1865 operatur
1525 1810 1572 1851 in
1588 1810 1774 1867 singulis

310 1882 375 1929 ut,
395 1893 494 1922 cum
526 1877 786 1920 intensionis
819 1880 865 1920 et
899 1877 1167 1919 remissionis
1202 1877 1321 1920 uices
1355 1878 1542 1935 ignoret,
1571 1879 1654 1922 etsi
1683 1893 1773 1922 non

309 1962 389 2005 per
418 1947 665 1999 essentiam,
696 1960 784 2003 qua
814 1960 988 1989 omnem
1023 1946 1164 2002 replet
1198 1946 1482 1990 uniformiter
1512 1951 1771 2001 creaturam,
1792 1963 1841 1997 25.

309 2017 410 2074 plus
444 2017 516 2059 uel
547 2017 695 2058 minus
734 2015 941 2058 uideatur
980 2015 1121 2058 inesse
1158 2030 1238 2072 per
1267 2017 1470 2073 gratiam.
1543 2017 1661 2059 Nam
1695 2032 1774 2074 per

309 2086 517 2129 unionem
557 2086 605 2127 in
644 2085 736 2128 solo
775 2085 1006 2142 unigenito
1053 2085 1252 2142 Virginis
1301 2085 1415 2128 Filio
1454 2101 1546 2129 esse
1585 2086 1774 2130 fideliter

311 2156 595 2212 approbatur.
668 2155 749 2197 Est
787 2154 939 2211 itaque
973 2168 1090 2197 nunc
1123 2154 1249 2210 quasi
1288 2154 1463 2212 singula
1501 2155 1549 2197 in
1587 2155 1774 2213 singulis

309 2295 331 2330 8
356 2292 504 2329 cultum
520 2291 554 2327 A

357 2431 378 2466 7
398 2428 525 2468 patres
539 2423 635 2466 fidei
656 2427 819 2458 nostrae:
845 2433 877 2457 v.
901 2421 1054 2476 Hieron.
1084 2423 1216 2458 Comm.
1241 2423 1283 2457 in
1306 2421 1546 2467 Ιεα.1.1(111
1571 2422 1640 2458 Isa.
1663 2421 1687 2458 i.
1711 2422 1770 2468 12)

315 2471 446 2506 Comm.
463 2471 503 2504 in
519 2471 645 2505 Ierem.
659 2469 698 2505 ii.
712 2479 733 2514 7
749 2469 804 2516 (111
819 2469 949 2505 Ierem.
964 2468 1025 2505 vii.
1039 2469 1100 2514 21)
1115 2470 1246 2505 Comm.
1260 2472 1301 2504 in
1313 2471 1377 2505 Ev.
1393 2470 1496 2504 Matt.
1511 2468 1535 2506 i.
1550 2468 1642 2514 6(in
1660 2469 1771 2506 Matt.

311 2516 359 2552 vi.
380 2520 439 2561 34)
459 2517 554 2562 Aug.
577 2518 692 2552 Tract.
710 2518 751 2552 in
766 2518 897 2552 Ioann.
915 2527 950 2551 x.
970 2527 990 2551 2
1012 2516 1029 2562 ξ
1049 2515 1288 2562 4(MigneP.
1307 2518 1350 2552 L.
1370 2516 1469 2551 xxiv.
1489 2527 1543 2561 34,
1562 2525 1652 2562 7333
1671 2515 1770 2552 xxvi.

311 2575 380 2608 4ος
400 2575 508 2599 xxxv.
530 2564 658 2609 1468);
684 2564 733 2600 cf.
753 2563 853 2600 Iren.
867 2569 992 2599 contra
1007 2565 1116 2600 Haer.
1133 2563 1178 2599 iv.
1202 2571 1241 2609 15
1270 2562 1288 2609 ξ
1309 2573 1330 2599 2
1356 2563 1452 2616 (Mig
1454 2575 1500 2599 ne
1524 2564 1623 2599 Patr.
1644 2564 1768 2600 Graec.

311 2610 373 2646 vii.
397 2610 500 2654 1014)
518 2610 676 2646 Tertull.
693 2612 772 2647 adv.
788 2612 966 2646 Marcion.
985 2610 1025 2646 ii.
1049 2612 1088 2646 18
1111 2571 1252 2657 (Mignse
1270 2611 1311 2645 P.
1329 2612 1372 2645 L.
1389 2609 1428 2646 ii.
1426 2576 1545 2656 g306).
1728 2621 1770 2655 13

307 2659 603 2711 peregrinatura
618 2659 796 2694 Domino:
820 2670 850 2693 v.
866 2668 887 2693 2
905 2657 987 2693 cor.
1006 2670 1038 2693 v.
1055 2658 1088 2693 6.
1187 2666 1225 2703 15
1253 2658 1405 2693 altitudo
1419 2659 1492 2693 etc.
1509 2669 1517 2693 ε
1544 2669 1576 2694 v.
1594 2656 1700 2694 Rom.
1719 2657 1769 2693 xi.

313 2715 371 2749 33,
388 2703 554 2749 Philipp.
572 2704 619 2740 iv.
639 2714 671 2748 7.
846 2706 891 2740 26
909 2706 999 2749 plus
1014 2706 1073 2740 uel
1088 2706 1211 2740 minus
1226 2706 1318 2740 etc.:
1344 2715 1375 2740 v.
1393 2704 1487 2750 Aug.
1506 2705 1577 2750 Ep.
1594 2704 1768 2740 clxxxvii.

314 2753 371 2794 (de
391 2753 601 2796 praesentia
628 2751 713 2798 Dei)
739 2751 962 2798 praesertim
987 2763 1068 2797 cap.
1092 2760 1110 2798 5
1141 2751 1181 2798 ἐξ
1214 2752 1330 2796 16,17
1358 2750 1502 2798 (Migne
1527 2753 1568 2788 P.
1580 2753 1623 2788 L.
1640 2751 1776 2789 xxxiii..

313 2800 394 2844 837
412 2797 508 2843 838)

422 2869 486 2902 286
