1878 3172
137 150 226 199 396
244 150 274 190 d

618 145 878 191 10ANN1s
918 143 1431 190 SARESBERIENsis
1609 142 1717 205 [mn.
1735 155 1755 189 1
1798 202 1801 205 .

292 269 497 312 alienum.
557 267 651 311 Nec
682 270 749 310 est
781 266 899 324 quod
938 279 1205 323 quemquam
1242 267 1386 323 magis
1424 265 1587 317 deceat,
1621 279 1755 323 quam

145 352 226 393 397
246 353 276 383 a
293 338 410 395 quod
441 337 581 380 officio
614 336 825 393 cuiusque
854 335 996 393 magis
1030 335 1358 378 accommodum
1391 338 1472 379 est.
1529 335 1756 378 Praeclare

247 2184 272 2213 c

292 407 509 464 siquidem
543 406 609 449 ait
643 406 825 458 ethicus,
859 405 1135 462 singularum
1169 418 1456 462 personarum
1490 404 1647 447 decora
1680 404 1754 447 de-

291 477 497 527 scribens,
517 475 572 518 Id
592 489 950 532 unumquemque
970 475 1096 519 decet
1109 474 1315 524 maxime,
1328 474 1446 530 quod
1461 476 1529 517 est
1543 474 1754 530 cuiusque

291 546 503 588 maxime..
561 545 680 598 Quid
720 559 825 602 ergo
862 544 997 587 michi
1038 546 1084 587 et
1122 543 1207 587 tibi
1246 557 1348 587 eum
1386 543 1612 587 uenatoris
1654 535 1760 600 pro·⁴
1774 560 1793 594 5

291 614 511 658 fessione‘ss
570 614 663 657 Sua
682 628 874 670 namque
893 613 1095 671 neglecta
1115 613 1422 670 turpissimum
1443 614 1522 665 est,
1537 626 1756 670 quemque

290 683 531 727 studiosius
570 683 619 725 in
658 683 803 728 aliena
840 683 1022 726 uersari.
1100 682 1220 736 Quid
1258 682 1300 725 ei
1349 696 1451 725 cum
1493 682 1671 739 priuato
1710 685 1757 725 et

291 753 514 795 rusticano
554 751 742 795 fortasse
783 752 942 803 studio,
975 752 1052 809 qui
1090 751 1293 809 publicae
1331 751 1611 795 auctoritatis
1649 751 1755 794 insi·

290 821 452 878 gnibus
482 820 656 878 fulget?
715 820 884 863 Ducem
913 822 1126 878 sequatur
1154 820 1357 878 populus,
1384 820 1537 863 doctor
1566 820 1754 863 seminet

290 890 579 947 disciplinam,
607 889 744 932 iudex
767 890 997 933 coherceat
1025 889 1342 947 delinquentes,
1366 889 1586 932 studiosos
1610 902 1754 932 remu·
1776 905 1817 929 10

290 963 417 1002 neret
442 959 721 1017 indulgentia
746 959 992 1016 potestatis,
1012 959 1180 1016 priuati
1202 958 1449 1002 minoribus
1474 962 1755 1016 occupentur,

291 1028 617 1072 honestioribus
665 1028 860 1086 ingenui,
898 1028 1132 1072 uilioribus
1175 1028 1349 1073 seruilis
1392 1028 1587 1072 conditio
1629 1042 1752 1071 man-

290 1097 463 1154 cipetur
475 1111 486 1150 3

463 1209 568 1237 nam
598 1195 716 1251 quod
744 1198 876 1253 turpe
904 1194 1032 1240 bonis
1061 1195 1163 1239 Seio
1192 1194 1428 1252 Thitioque
1448 1194 1620 1239 decebit

464 1252 730 1310 Crispinum.
1505 1295 1510 1301 .
1775 1271 1815 1306 15

290 1344 364 1388 Sic
393 1345 549 1401 utique
575 1360 676 1388 cum
702 1345 845 1388 multa
870 1345 963 1388 sint
989 1344 1186 1389 eiusdem
1208 1345 1403 1403 corporis
1429 1345 1638 1396 membra,
1662 1360 1753 1389 non

290 1414 439 1456 omnia
458 1414 600 1457 eidem
620 1414 742 1457 actui·
761 1415 974 1466 seruiunt,
990 1414 1067 1458 sed
1087 1429 1168 1458 sua
1187 1417 1294 1458 sunt
1308 1413 1450 1457 officia
1465 1414 1755 1472 singulorum.
1835 1467 1841 1472 ‚

291 1483 379 1536 Qui
419 1498 523 1540 ergo
563 1486 692 1526 tuum
731 1484 933 1526 uenatori
980 1498 1071 1526 non
1116 1483 1245 1535 cedis,
1284 1498 1363 1527 cur
1407 1483 1528 1526 illius
1565 1498 1754 1541 usurpas

291 1552 511 1596 officium?
570 1553 730 1595 Nonne
755 1553 982 1610 reputabis
1002 1552 1247 1610 indignum,
1262 1553 1301 1596 si
1321 1552 1378 1595 ad
1397 1568 1584 1610 regnum
1603 1554 1676 1596 uel
1696 1554 1754 1597 ad

290 1622 566 1678 pontificium
600 1626 787 1666 uenator
821 1622 1018 1679 aspiret?
1077 1622 1295 1679 Equidem
1333 1623 1560 1680 indignius
1600 1627 1678 1674 est,
1715 1624 1753 1667 si
1773 1637 1815 1662 ²0

291 1691 348 1733 ab
382 1691 598 1734 alterutro
632 1691 814 1748 fastigio
848 1691 906 1734 ad
940 1691 1166 1735 uenatoris
1199 1692 1471 1735 carnificium
1501 1692 1574 1735 uel
1603 1693 1754 1736 sordes

290 1759 546 1816 prolabaris.
620 1760 809 1803 Innatus
849 1761 1013 1803 etenim
1052 1775 1177 1803 amor
1213 1760 1318 1804 boni
1362 1775 1534 1818 semper
1579 1762 1755 1818 quaerit

290 1843 543 1882 ascensum3
581 1844 626 1886 9
655 1832 809 1872 contra
848 1829 987 1872 fomes
1033 1830 1136 1872 uitii
1182 1832 1339 1886 sponte
1376 1845 1457 1873 sua
1501 1831 1650 1888 uergit
1694 1831 1754 1874 ad

290 1912 503 1942 occasum.
562 1891 708 1949 Causa
741 1914 914 1955 quoque
954 1901 1104 1942 actum
1142 1899 1307 1956 poterit
1346 1898 1562 1951 decorare,
1597 1900 1635 1943 si
1674 1904 1755 1943 aut

289 1967 550 2010 necessitate
590 1967 804 2011 subsistat
843 1971 922 2011 aut
960 1969 1113 2026 uigeat
1156 1969 1354 2028 utilitate
1398 1971 1479 2011 aut
1521 1969 1753 2030 honestate
1773 1982 1813 2015 25

289 2036 575 2093 splendescat,
603 2052 703 2080 cum
734 2052 791 2079 ex
819 2038 979 2080 affectu
1008 2038 1170 2081 mentis
1200 2041 1297 2081 tota
1326 2038 1476 2086 ualeat
1503 2039 1755 2082 substantia

289 2106 434 2162 operis
453 2106 649 2149 colorari.
709 2107 906 2150 Affectus
927 2108 1091 2150 etenim
1111 2110 1228 2159 tuus,
1248 2110 1301 2151 ut
1327 2107 1393 2150 ait
1417 2107 1605 2165 sapiens,
1631 2108 1755 2165 operi

289 2178 367 2218 tuo
397 2190 559 2218 nomen
589 2175 788 2232 imponit.
848 2175 1186 2233 Inculpabiliter
1215 2192 1271 2220 ex
1299 2177 1441 2220 sancti
1467 2177 1609 2234 patris
1627 2191 1752 2222 man·

288 2244 394 2287 dato
433 2247 647 2288 uenatum
691 2245 917 2302 profectus
953 2249 1020 2288 est
1060 2245 1191 2298 Esau,
1222 2248 1275 2289 ut
1310 2249 1356 2289 et
1393 2246 1535 2303 patris
1568 2245 1754 2288 satiaret

289 2314 488 2364 esuriem,
537 2317 583 2356 et
631 2315 893 2371 promissam
947 2315 1298 2358 benedictionem
1352 2314 1539 2372 impensi
1592 2314 1752 2358 merito
1770 2324 1813 2358 30

288 2382 485 2439 obsequii
506 2382 738 2427 obtineret.
796 2383 846 2426 Si
867 2384 985 2427 enim
1005 2384 1100 2427 sine
1120 2383 1250 2442 culpa
1270 2383 1462 2428 exerceri
1483 2398 1572 2426 non
1591 2386 1752 2440 posset,

1261 2525 1321 2557 (uel
1333 2524 1444 2558 casum)

291 2556 334 2593 18
360 2556 480 2592 eredis
496 2557 536 2592 M
678 2568 725 2595 20
748 2557 932 2606 indignus
948 2561 1005 2596 est
1024 2559 1064 2596 M
1198 2569 1245 2605 24
1269 2570 1440 2596 occasum
1455 2558 1511 2596 A:
1537 2569 1666 2596 casum
1683 2557 1751 2595 SM

335 2698 358 2731 4
383 2690 428 2723 Id
444 2700 728 2736 unumquemque
745 2693 814 2727 etc.
830 2704 838 2726 z
862 2703 896 2726 v.
914 2691 990 2728 Cic.
1006 2693 1050 2726 de
1068 2692 1134 2735 Off.
1151 2689 1177 2726 i.
1194 2700 1236 2735 31
1259 2691 1277 2735 §
1300 2699 1366 2735 113
1485 2699 1528 2733 14
1551 2701 1639 2724 nam
1655 2691 1751 2735 quod

289 2736 384 2771 etc.:
413 2735 489 2771 Iuv.
507 2738 580 2772 Sat.
598 2736 644 2771 iv.
666 2748 720 2782 13,
743 2748 795 2784 14.
843 2737 901 2773 Cf.
925 2740 1055 2775 Polior.
1074 2737 1152 2774 viii.
1173 2747 1226 2773 12.
1408 2745 1452 2780 27
1477 2738 1636 2790 ,4ffefpus
1651 2739 1746 2774 etc.:

285 2781 455 2819 Ambros.
472 2785 515 2818 de
534 2785 599 2829 Off
618 2785 711 2820 Min.
729 2784 753 2821 i.
772 2795 818 2831 30
836 2787 855 2831 §
878 2795 955 2830 147.
1095 2795 1142 2832 29
1164 2786 1289 2821 Esau:
1319 2795 1354 2821 v.
1375 2782 1467 2820 Gen.
1484 2794 1597 2819 xxvu.

397 2863 436 2895 3²
