<?xml version="1.0" encoding="UTF-8"?>
<!DOCTYPE html PUBLIC "-//W3C//DTD XHTML 1.0 Transitional//EN"
    "http://www.w3.org/TR/xhtml1/DTD/xhtml1-transitional.dtd">
<html xmlns="http://www.w3.org/1999/xhtml" xml:lang="en" lang="en">
 <head>
  <title>
</title>
<meta http-equiv="Content-Type" content="text/html;charset=utf-8" />
  <meta name='ocr-system' content='tesseract 3.04.00' />
  <meta name='ocr-capabilities' content='ocr_page ocr_carea ocr_par ocr_line ocrx_word'/>
</head>
<body>
  <div class='ocr_page' id='page_1' title='image "./ioannissaresberi01johnuoft_0079.png"; bbox 0 0 1878 3172; ppageno 0'>
   <div class='ocr_carea' id='block_1_1' title="bbox 0 689 5 734">
    <p class='ocr_par' dir='ltr' id='par_1_1' title="bbox 0 689 5 734">
     <span class='ocr_line' id='line_1_1' title="bbox 0 689 5 734; baseline 0 0"><span class='ocrx_word' id='word_1_1' title='bbox 0 689 5 734; x_wconf 68' lang='grc' dir='ltr'><strong>ζῘ</strong></span> 
     </span>
    </p>
   </div>
   <div class='ocr_carea' id='block_1_2' title="bbox 113 124 1706 208">
    <p class='ocr_par' dir='ltr' id='par_1_2' title="bbox 113 124 1706 208">
     <span class='ocr_line' id='line_1_2' title="bbox 113 124 1706 208; baseline 0.001 -14"><span class='ocrx_word' id='word_1_2' title='bbox 113 160 213 195; x_wconf 72' lang='grc' dir='ltr'><strong>ω».</strong></span> <span class='ocrx_word' id='word_1_3' title='bbox 227 148 298 208; x_wconf 84' lang='lat' dir='ltr'><strong>1v]</strong></span> <span class='ocrx_word' id='word_1_4' title='bbox 421 137 427 141; x_wconf 85' lang='lat'>&#39;</span> <span class='ocrx_word' id='word_1_5' title='bbox 634 124 1069 196; x_wconf 71' lang='lat' dir='ltr'><strong>PomcssAnovs</strong></span> <span class='ocrx_word' id='word_1_6' title='bbox 1586 141 1663 205; x_wconf 61' lang='lat'><strong>3551</strong></span> <span class='ocrx_word' id='word_1_7' title='bbox 1681 165 1706 195; x_wconf 78' lang='lat' dir='ltr'><strong>e</strong></span> 
     </span>
    </p>
   </div>
   <div class='ocr_carea' id='block_1_3' title="bbox 112 269 1616 538">
    <p class='ocr_par' dir='ltr' id='par_1_3' title="bbox 112 269 1616 538">
     <span class='ocr_line' id='line_1_3' title="bbox 112 269 1568 328; baseline 0.004 -17"><span class='ocrx_word' id='word_1_8' title='bbox 112 269 329 326; x_wconf 81' lang='lat' dir='ltr'><strong>triumphi</strong></span> <span class='ocrx_word' id='word_1_9' title='bbox 354 269 497 326; x_wconf 86' lang='lat' dir='ltr'><strong>gloria</strong></span> <span class='ocrx_word' id='word_1_10' title='bbox 519 272 754 326; x_wconf 88' lang='lat' dir='ltr'><strong>reputatur</strong></span> <span class='ocrx_word' id='word_1_11' title='bbox 778 270 998 328; x_wconf 88' lang='lat' dir='ltr'><strong>indignus.</strong></span> <span class='ocrx_word' id='word_1_12' title='bbox 1069 273 1301 316; x_wconf 84' lang='lat' dir='ltr'><strong>Praeterea</strong></span> <span class='ocrx_word' id='word_1_13' title='bbox 1325 274 1383 316; x_wconf 91' lang='lat' dir='ltr'><strong>ab</strong></span> <span class='ocrx_word' id='word_1_14' title='bbox 1409 277 1568 318; x_wconf 87' lang='lat' dir='ltr'><strong>octauo</strong></span> 
     </span>
     <span class='ocr_line' id='line_1_4' title="bbox 112 337 1568 396; baseline 0.005 -16"><span class='ocrx_word' id='word_1_15' title='bbox 112 338 255 396; x_wconf 84' lang='lat' dir='ltr'><strong>gradu</strong></span> <span class='ocrx_word' id='word_1_16' title='bbox 268 337 524 395; x_wconf 82' lang='lat' dir='ltr'><strong>Capricorni</strong></span> <span class='ocrx_word' id='word_1_17' title='bbox 540 353 678 395; x_wconf 86' lang='lat' dir='ltr'><strong>usque</strong></span> <span class='ocrx_word' id='word_1_18' title='bbox 698 339 755 382; x_wconf 88' lang='lat' dir='ltr'><strong>ad</strong></span> <span class='ocrx_word' id='word_1_19' title='bbox 770 339 978 384; x_wconf 87' lang='lat' dir='ltr'><strong>Geminos</strong></span> <span class='ocrx_word' id='word_1_20' title='bbox 990 341 1222 385; x_wconf 91' lang='lat' dir='ltr'><strong>tibicinum</strong></span> <span class='ocrx_word' id='word_1_21' title='bbox 1239 346 1284 385; x_wconf 89' lang='lat' dir='ltr'><strong>et</strong></span> <span class='ocrx_word' id='word_1_22' title='bbox 1298 344 1568 387; x_wconf 78' lang='lat' dir='ltr'><strong>cornicinum</strong></span> 
     </span>
     <span class='ocr_line' id='line_1_5' title="bbox 113 407 1616 466; baseline 0.002 -16"><span class='ocrx_word' id='word_1_23' title='bbox 113 407 331 450; x_wconf 86' lang='lat' dir='ltr'><strong>exultatio</strong></span> <span class='ocrx_word' id='word_1_24' title='bbox 358 408 652 464; x_wconf 81' lang='lat' dir='ltr'><strong>conquiescit3</strong></span> <span class='ocrx_word' id='word_1_25' title='bbox 681 409 768 451; x_wconf 89' lang='lat' dir='ltr'><strong>nisi</strong></span> <span class='ocrx_word' id='word_1_26' title='bbox 797 409 928 466; x_wconf 88' lang='lat' dir='ltr'><strong>lupus</strong></span> <span class='ocrx_word' id='word_1_27' title='bbox 957 412 1037 453; x_wconf 85' lang='lat' dir='ltr'><strong>aut</strong></span> <span class='ocrx_word' id='word_1_28' title='bbox 1060 410 1200 454; x_wconf 88' lang='lat' dir='ltr'><strong>hostis</strong></span> <span class='ocrx_word' id='word_1_29' title='bbox 1228 411 1474 465; x_wconf 81' lang='lat' dir='ltr'><strong>immanior,</strong></span> <span class='ocrx_word' id='word_1_30' title='bbox 1501 411 1568 455; x_wconf 86' lang='lat' dir='ltr'><strong>leo</strong></span> <span class='ocrx_word' id='word_1_31' title='bbox 1587 414 1616 453; x_wconf 90' lang='lat' dir='ltr'><strong>d</strong></span> 
     </span>
     <span class='ocr_line' id='line_1_6' title="bbox 112 474 1568 538; baseline 0.004 -20"><span class='ocrx_word' id='word_1_32' title='bbox 112 474 230 519; x_wconf 82' lang='lat' dir='ltr'><strong>forte</strong></span> <span class='ocrx_word' id='word_1_33' title='bbox 252 476 325 518; x_wconf 89' lang='lat' dir='ltr'><strong>uel</strong></span> <span class='ocrx_word' id='word_1_34' title='bbox 348 476 478 533; x_wconf 86' lang='lat' dir='ltr'><strong>tigris</strong></span> <span class='ocrx_word' id='word_1_35' title='bbox 507 480 587 520; x_wconf 87' lang='lat' dir='ltr'><strong>aut</strong></span> <span class='ocrx_word' id='word_1_36' title='bbox 611 477 776 534; x_wconf 85' lang='lat' dir='ltr'><strong>pardus</strong></span> <span class='ocrx_word' id='word_1_37' title='bbox 806 478 854 520; x_wconf 92' lang='lat' dir='ltr'><strong>in</strong></span> <span class='ocrx_word' id='word_1_38' title='bbox 879 479 1088 535; x_wconf 85' lang='lat' dir='ltr'><strong>praedam</strong></span> <span class='ocrx_word' id='word_1_39' title='bbox 1117 481 1303 533; x_wconf 88' lang='lat' dir='ltr'><strong>uenerit,</strong></span> <span class='ocrx_word' id='word_1_40' title='bbox 1330 495 1442 537; x_wconf 86' lang='lat' dir='ltr'><strong>quae</strong></span> <span class='ocrx_word' id='word_1_41' title='bbox 1472 481 1568 538; x_wconf 92' lang='lat' dir='ltr'><strong>qui-</strong></span> 
     </span>
    </p>
   </div>
   <div class='ocr_carea' id='block_1_4' title="bbox 18 544 1569 605">
    <p class='ocr_par' dir='ltr' id='par_1_4' title="bbox 18 544 1569 605">
     <span class='ocr_line' id='line_1_7' title="bbox 18 544 1569 605; baseline 0.001 -14"><span class='ocrx_word' id='word_1_42' title='bbox 18 577 21 579; x_wconf 89' lang='grc'>-</span> <span class='ocrx_word' id='word_1_43' title='bbox 36 546 42 551; x_wconf 75' lang='grc'><strong><em>’</em></strong></span> <span class='ocrx_word' id='word_1_44' title='bbox 73 557 95 591; x_wconf 76' lang='grc'><strong>5</strong></span> <span class='ocrx_word' id='word_1_45' title='bbox 112 544 213 588; x_wconf 90' lang='lat' dir='ltr'><strong>dem</strong></span> <span class='ocrx_word' id='word_1_46' title='bbox 227 548 488 597; x_wconf 84' lang='lat' dir='ltr'><strong>nostratum,</strong></span> <span class='ocrx_word' id='word_1_47' title='bbox 503 545 598 589; x_wconf 91' lang='lat' dir='ltr'><strong>Deo</strong></span> <span class='ocrx_word' id='word_1_48' title='bbox 612 546 893 603; x_wconf 75' lang='lat' dir='ltr'>propitiante,</span> <span class='ocrx_word' id='word_1_49' title='bbox 906 562 1007 590; x_wconf 88' lang='lat' dir='ltr'><strong>rara</strong></span> <span class='ocrx_word' id='word_1_50' title='bbox 1021 548 1163 605; x_wconf 83' lang='lat' dir='ltr'><strong>gloria</strong></span> <span class='ocrx_word' id='word_1_51' title='bbox 1177 551 1245 591; x_wconf 89' lang='lat' dir='ltr'><strong>est</strong></span> <span class='ocrx_word' id='word_1_52' title='bbox 1260 563 1269 601; x_wconf 91' lang='lat'><strong>;</strong></span> <span class='ocrx_word' id='word_1_53' title='bbox 1299 564 1399 592; x_wconf 90' lang='lat' dir='ltr'><strong>cum</strong></span> <span class='ocrx_word' id='word_1_54' title='bbox 1419 553 1569 592; x_wconf 86' lang='lat' dir='ltr'><strong>tamen</strong></span> 
     </span>
    </p>
   </div>
   <div class='ocr_carea' id='block_1_5' title="bbox 54 602 1570 1158">
    <p class='ocr_par' dir='ltr' id='par_1_5' title="bbox 54 602 1570 1158">
     <span class='ocr_line' id='line_1_8' title="bbox 111 602 1569 676; baseline 0.004 -20"><span class='ocrx_word' id='word_1_55' title='bbox 111 613 252 657; x_wconf 82' lang='lat' dir='ltr'><strong>totius</strong></span> <span class='ocrx_word' id='word_1_56' title='bbox 270 602 647 671; x_wconf 61' lang='lat' dir='ltr'><strong>fflf‘prolixitas</strong></span> <span class='ocrx_word' id='word_1_57' title='bbox 676 615 813 659; x_wconf 89' lang='lat' dir='ltr'><strong>uariis</strong></span> <span class='ocrx_word' id='word_1_58' title='bbox 842 617 1102 660; x_wconf 88' lang='lat' dir='ltr'><strong>uenantium</strong></span> <span class='ocrx_word' id='word_1_59' title='bbox 1131 618 1293 661; x_wconf 89' lang='lat' dir='ltr'><strong>studiis</strong></span> <span class='ocrx_word' id='word_1_60' title='bbox 1321 623 1569 676; x_wconf 88' lang='lat' dir='ltr'><strong>occupetur.</strong></span> 
     </span>
     <span class='ocr_line' id='line_1_9' title="bbox 111 681 1569 740; baseline 0.004 -15"><span class='ocrx_word' id='word_1_61' title='bbox 111 681 276 726; x_wconf 88' lang='lat' dir='ltr'><strong>Albani</strong></span> <span class='ocrx_word' id='word_1_62' title='bbox 296 683 473 740; x_wconf 90' lang='lat' dir='ltr'><strong>quidem</strong></span> <span class='ocrx_word' id='word_1_63' title='bbox 492 684 540 726; x_wconf 91' lang='lat' dir='ltr'><strong>in</strong></span> <span class='ocrx_word' id='word_1_64' title='bbox 560 684 668 727; x_wconf 86' lang='lat' dir='ltr'><strong>Asia</strong></span> <span class='ocrx_word' id='word_1_65' title='bbox 687 699 815 728; x_wconf 87' lang='lat' dir='ltr'><strong>canes</strong></span> <span class='ocrx_word' id='word_1_66' title='bbox 834 685 1001 729; x_wconf 89' lang='lat' dir='ltr'><strong>habent</strong></span> <span class='ocrx_word' id='word_1_67' title='bbox 1018 686 1218 730; x_wconf 84' lang='lat' dir='ltr'><strong>leonibus</strong></span> <span class='ocrx_word' id='word_1_68' title='bbox 1238 686 1466 730; x_wconf 84' lang='lat' dir='ltr'><strong>fortiores:</strong></span> <span class='ocrx_word' id='word_1_69' title='bbox 1496 702 1569 731; x_wconf 90' lang='lat' dir='ltr'><strong>eos</strong></span> 
     </span>
     <span class='ocr_line' id='line_1_10' title="bbox 111 751 1570 812; baseline 0.004 -18"><span class='ocrx_word' id='word_1_70' title='bbox 111 751 282 795; x_wconf 86' lang='lat' dir='ltr'><strong>uirtute</strong></span> <span class='ocrx_word' id='word_1_71' title='bbox 300 767 471 806; x_wconf 88' lang='lat' dir='ltr'><strong>canum,</strong></span> <span class='ocrx_word' id='word_1_72' title='bbox 483 756 529 796; x_wconf 86' lang='lat' dir='ltr'><strong>et</strong></span> <span class='ocrx_word' id='word_1_73' title='bbox 547 766 628 796; x_wconf 91' lang='lat' dir='ltr'><strong>suo</strong></span> <span class='ocrx_word' id='word_1_74' title='bbox 640 754 787 810; x_wconf 90' lang='lat' dir='ltr'><strong>gentis</strong></span> <span class='ocrx_word' id='word_1_75' title='bbox 801 754 999 806; x_wconf 86' lang='lat' dir='ltr'><strong>artificio,</strong></span> <span class='ocrx_word' id='word_1_76' title='bbox 1011 756 1136 812; x_wconf 90' lang='lat' dir='ltr'><strong>quasi</strong></span> <span class='ocrx_word' id='word_1_77' title='bbox 1151 755 1348 799; x_wconf 73' lang='lat' dir='ltr'>imbelles</span> <span class='ocrx_word' id='word_1_78' title='bbox 1362 757 1570 800; x_wconf 71' lang='lat' dir='ltr'>bestiolas</span> 
     </span>
     <span class='ocr_line' id='line_1_11' title="bbox 112 820 1569 879; baseline 0.005 -17"><span class='ocrx_word' id='word_1_79' title='bbox 112 820 392 878; x_wconf 78' lang='lat' dir='ltr'><strong>populantur.</strong></span> <span class='ocrx_word' id='word_1_80' title='bbox 463 821 660 865; x_wconf 79' lang='lat' dir='ltr'><strong>Canibus</strong></span> <span class='ocrx_word' id='word_1_81' title='bbox 687 823 864 879; x_wconf 88' lang='lat' dir='ltr'><strong>quidem</strong></span> <span class='ocrx_word' id='word_1_82' title='bbox 893 823 982 867; x_wconf 88' lang='lat' dir='ltr'><strong>illis</strong></span> <span class='ocrx_word' id='word_1_83' title='bbox 1010 824 1134 867; x_wconf 88' lang='lat' dir='ltr'><strong>nulla</strong></span> <span class='ocrx_word' id='word_1_84' title='bbox 1168 824 1364 868; x_wconf 86' lang='lat' dir='ltr'><strong>ferarum</strong></span> <span class='ocrx_word' id='word_1_85' title='bbox 1398 825 1569 878; x_wconf 86' lang='lat' dir='ltr'><strong>fortior,</strong></span> 
     </span>
     <span class='ocr_line' id='line_1_12' title="bbox 54 889 1569 950; baseline 0.005 -19"><span class='ocrx_word' id='word_1_86' title='bbox 54 902 96 928; x_wconf 85' lang='lat' dir='ltr'><strong>xo</strong></span> <span class='ocrx_word' id='word_1_87' title='bbox 112 889 237 932; x_wconf 89' lang='lat' dir='ltr'><strong>nulla</strong></span> <span class='ocrx_word' id='word_1_88' title='bbox 255 890 492 932; x_wconf 81' lang='lat' dir='ltr'><strong>animosior</strong></span> <span class='ocrx_word' id='word_1_89' title='bbox 511 893 592 935; x_wconf 88' lang='lat' dir='ltr'><strong>est.</strong></span> <span class='ocrx_word' id='word_1_90' title='bbox 649 891 744 934; x_wconf 91' lang='lat' dir='ltr'><strong>Hos</strong></span> <span class='ocrx_word' id='word_1_91' title='bbox 760 891 972 936; x_wconf 89' lang='lat' dir='ltr'><strong>Hercules</strong></span> <span class='ocrx_word' id='word_1_92' title='bbox 987 893 1231 950; x_wconf 87' lang='lat' dir='ltr'><strong>tergemino</strong></span> <span class='ocrx_word' id='word_1_93' title='bbox 1246 894 1435 938; x_wconf 89' lang='lat' dir='ltr'><strong>Gerione</strong></span> <span class='ocrx_word' id='word_1_94' title='bbox 1449 895 1569 938; x_wconf 88' lang='lat' dir='ltr'><strong>uicto</strong></span> 
     </span>
     <span class='ocr_line' id='line_1_13' title="bbox 111 958 1568 1019; baseline 0.005 -19"><span class='ocrx_word' id='word_1_95' title='bbox 111 958 171 1001; x_wconf 88' lang='lat' dir='ltr'><strong>ab</strong></span> <span class='ocrx_word' id='word_1_96' title='bbox 189 958 324 1000; x_wconf 86' lang='lat' dir='ltr'><strong>Italia</strong></span> <span class='ocrx_word' id='word_1_97' title='bbox 348 959 524 1002; x_wconf 88' lang='lat' dir='ltr'><strong>traiecit</strong></span> <span class='ocrx_word' id='word_1_98' title='bbox 542 959 590 1002; x_wconf 93' lang='lat' dir='ltr'><strong>in</strong></span> <span class='ocrx_word' id='word_1_99' title='bbox 610 959 775 1013; x_wconf 83' lang='lat' dir='ltr'><strong>Asiam,</strong></span> <span class='ocrx_word' id='word_1_100' title='bbox 796 961 859 1004; x_wconf 91' lang='lat' dir='ltr'><strong>eis</strong></span> <span class='ocrx_word' id='word_1_101' title='bbox 885 961 1099 1005; x_wconf 89' lang='lat' dir='ltr'><strong>uirtutem</strong></span> <span class='ocrx_word' id='word_1_102' title='bbox 1122 976 1211 1019; x_wconf 91' lang='lat' dir='ltr'><strong>qua</strong></span> <span class='ocrx_word' id='word_1_103' title='bbox 1232 962 1380 1006; x_wconf 88' lang='lat' dir='ltr'><strong>leones</strong></span> <span class='ocrx_word' id='word_1_104' title='bbox 1402 967 1568 1007; x_wconf 86' lang='lat' dir='ltr'><strong>sterne·</strong></span> 
     </span>
     <span class='ocr_line' id='line_1_14' title="bbox 111 1027 1567 1087; baseline 0.005 -18"><span class='ocrx_word' id='word_1_105' title='bbox 111 1031 212 1070; x_wconf 86' lang='lat' dir='ltr'><strong>rent</strong></span> <span class='ocrx_word' id='word_1_106' title='bbox 231 1027 357 1084; x_wconf 82' lang='lat' dir='ltr'><strong>quasi</strong></span> <span class='ocrx_word' id='word_1_107' title='bbox 376 1027 689 1071; x_wconf 88' lang='lat' dir='ltr'><strong>hereditariam</strong></span> <span class='ocrx_word' id='word_1_108' title='bbox 704 1029 1023 1087; x_wconf 80' lang='lat' dir='ltr'><strong>derelinquens.</strong></span> <span class='ocrx_word' id='word_1_109' title='bbox 1079 1031 1152 1073; x_wconf 92' lang='lat' dir='ltr'><strong>Ad</strong></span> <span class='ocrx_word' id='word_1_110' title='bbox 1170 1030 1277 1075; x_wconf 89' lang='lat' dir='ltr'><strong>haec</strong></span> <span class='ocrx_word' id='word_1_111' title='bbox 1296 1033 1567 1076; x_wconf 85' lang='lat' dir='ltr'><strong>carnificium</strong></span> 
     </span>
     <span class='ocr_line' id='line_1_15' title="bbox 113 1097 1499 1158; baseline 0.004 -20"><span class='ocrx_word' id='word_1_112' title='bbox 113 1110 263 1145; x_wconf 85' lang='lat' dir='ltr'><strong>eorum</strong></span> <span class='ocrx_word' id='word_1_113' title='bbox 283 1100 424 1140; x_wconf 85' lang='lat' dir='ltr'><strong>artem</strong></span> <span class='ocrx_word' id='word_1_114' title='bbox 445 1097 597 1155; x_wconf 83' lang='lat' dir='ltr'><strong>exigit,</strong></span> <span class='ocrx_word' id='word_1_115' title='bbox 618 1101 662 1140; x_wconf 92' lang='lat' dir='ltr'><strong>et</strong></span> <span class='ocrx_word' id='word_1_116' title='bbox 682 1101 823 1141; x_wconf 87' lang='lat' dir='ltr'><strong>artem</strong></span> <span class='ocrx_word' id='word_1_117' title='bbox 843 1099 964 1151; x_wconf 84' lang='lat' dir='ltr'><strong>facit,</strong></span> <span class='ocrx_word' id='word_1_118' title='bbox 983 1113 1114 1143; x_wconf 90' lang='lat' dir='ltr'><strong>suum</strong></span> <span class='ocrx_word' id='word_1_119' title='bbox 1133 1100 1268 1144; x_wconf 86' lang='lat' dir='ltr'><strong>habet</strong></span> <span class='ocrx_word' id='word_1_120' title='bbox 1287 1102 1499 1158; x_wconf 87' lang='lat' dir='ltr'><strong>opificem,</strong></span> 
     </span>
    </p>
   </div>
   <div class='ocr_carea' id='block_1_6' title="bbox 569 1178 1719 1237">
    <p class='ocr_par' dir='ltr' id='par_1_6' title="bbox 569 1178 1719 1237">
     <span class='ocr_line' id='line_1_16' title="bbox 569 1178 1719 1237; baseline 0.003 -15"><span class='ocrx_word' id='word_1_121' title='bbox 569 1178 903 1223; x_wconf 84' lang='lat' dir='ltr'><strong>chironomanta</strong></span> <span class='ocrx_word' id='word_1_122' title='bbox 931 1179 1102 1224; x_wconf 85' lang='lat' dir='ltr'><strong>uolanti</strong></span> <span class='ocrx_word' id='word_1_123' title='bbox 1587 1196 1669 1237; x_wconf 83' lang='lat'><strong>392</strong></span> <span class='ocrx_word' id='word_1_124' title='bbox 1688 1196 1719 1225; x_wconf 85' lang='lat' dir='ltr'><strong>a</strong></span> 
     </span>
    </p>
   </div>
   <div class='ocr_carea' id='block_1_7' title="bbox 54 1234 587 1286">
    <p class='ocr_par' dir='ltr' id='par_1_7' title="bbox 54 1234 587 1286">
     <span class='ocr_line' id='line_1_17' title="bbox 54 1234 587 1286; baseline 0 -8"><span class='ocrx_word' id='word_1_125' title='bbox 54 1242 95 1278; x_wconf 79' lang='lat'><strong>15</strong></span> <span class='ocrx_word' id='word_1_126' title='bbox 398 1234 587 1286; x_wconf 84' lang='lat' dir='ltr'><strong>cultello,</strong></span> 
     </span>
    </p>
   </div>
   <div class='ocr_carea' id='block_1_8' title="bbox 49 1309 1570 1916">
    <p class='ocr_par' dir='ltr' id='par_1_8' title="bbox 49 1309 1569 1573">
     <span class='ocr_line' id='line_1_18' title="bbox 49 1309 1569 1367; baseline 0.005 -16"><span class='ocrx_word' id='word_1_127' title='bbox 49 1354 52 1357; x_wconf 13' lang='grc' dir='ltr'><strong><em>Δ</em></strong></span> <span class='ocrx_word' id='word_1_128' title='bbox 111 1322 229 1352; x_wconf 88' lang='grc'>1111110</span> <span class='ocrx_word' id='word_1_129' title='bbox 247 1309 439 1366; x_wconf 84' lang='lat' dir='ltr'><strong>pugione</strong></span> <span class='ocrx_word' id='word_1_130' title='bbox 458 1310 623 1362; x_wconf 87' lang='lat' dir='ltr'><strong>stricto,</strong></span> <span class='ocrx_word' id='word_1_131' title='bbox 643 1325 761 1355; x_wconf 89' lang='lat' dir='ltr'><strong>nunc</strong></span> <span class='ocrx_word' id='word_1_132' title='bbox 780 1311 989 1355; x_wconf 89' lang='lat' dir='ltr'><strong>hebetata</strong></span> <span class='ocrx_word' id='word_1_133' title='bbox 1012 1314 1243 1356; x_wconf 83' lang='lat' dir='ltr'><strong>machaera</strong></span> <span class='ocrx_word' id='word_1_134' title='bbox 1268 1315 1509 1367; x_wconf 84' lang='lat' dir='ltr'><strong>miraberis,</strong></span> <span class='ocrx_word' id='word_1_135' title='bbox 1530 1316 1569 1358; x_wconf 92' lang='lat' dir='ltr'><strong>si</strong></span> 
     </span>
     <span class='ocr_line' id='line_1_19' title="bbox 110 1378 1569 1437; baseline 0.005 -18"><span class='ocrx_word' id='word_1_136' title='bbox 110 1380 157 1420; x_wconf 91' lang='lat' dir='ltr'><strong>te</strong></span> <span class='ocrx_word' id='word_1_137' title='bbox 185 1391 290 1420; x_wconf 82' lang='lat' dir='ltr'><strong>casu</strong></span> <span class='ocrx_word' id='word_1_138' title='bbox 318 1378 527 1421; x_wconf 87' lang='lat' dir='ltr'><strong>solenniis</strong></span> <span class='ocrx_word' id='word_1_139' title='bbox 555 1393 706 1422; x_wconf 88' lang='lat' dir='ltr'><strong>eorum</strong></span> <span class='ocrx_word' id='word_1_140' title='bbox 730 1380 965 1437; x_wconf 89' lang='lat' dir='ltr'><strong>contigerit</strong></span> <span class='ocrx_word' id='word_1_141' title='bbox 993 1381 1216 1426; x_wconf 77' lang='lat' dir='ltr'><strong>interesse.</strong></span> <span class='ocrx_word' id='word_1_142' title='bbox 1273 1382 1393 1427; x_wconf 91' lang='lat' dir='ltr'><strong>Caue</strong></span> <span class='ocrx_word' id='word_1_143' title='bbox 1420 1387 1569 1427; x_wconf 92' lang='lat' dir='ltr'><strong>tamen</strong></span> 
     </span>
     <span class='ocr_line' id='line_1_20' title="bbox 111 1446 1568 1508; baseline 0.005 -21"><span class='ocrx_word' id='word_1_144' title='bbox 111 1460 168 1488; x_wconf 91' lang='lat' dir='ltr'><strong>ne</strong></span> <span class='ocrx_word' id='word_1_145' title='bbox 206 1446 254 1488; x_wconf 91' lang='lat' dir='ltr'><strong>in</strong></span> <span class='ocrx_word' id='word_1_146' title='bbox 291 1450 433 1489; x_wconf 85' lang='lat' dir='ltr'><strong>artem</strong></span> <span class='ocrx_word' id='word_1_147' title='bbox 472 1447 679 1504; x_wconf 87' lang='lat' dir='ltr'><strong>loquendi</strong></span> <span class='ocrx_word' id='word_1_148' title='bbox 718 1449 854 1492; x_wconf 92' lang='lat' dir='ltr'><strong>uerbo</strong></span> <span class='ocrx_word' id='word_1_149' title='bbox 888 1451 1045 1506; x_wconf 88' lang='lat' dir='ltr'><strong>quouis</strong></span> <span class='ocrx_word' id='word_1_150' title='bbox 1084 1450 1302 1503; x_wconf 86' lang='lat' dir='ltr'><strong>offendas;</strong></span> <span class='ocrx_word' id='word_1_151' title='bbox 1346 1452 1450 1508; x_wconf 89' lang='lat' dir='ltr'><strong>quia</strong></span> <span class='ocrx_word' id='word_1_152' title='bbox 1489 1456 1568 1495; x_wconf 88' lang='lat' dir='ltr'><strong>aut</strong></span> 
     </span>
     <span class='ocr_line' id='line_1_21' title="bbox 111 1514 1566 1573; baseline 0.005 -18"><span class='ocrx_word' id='word_1_153' title='bbox 111 1514 356 1571; x_wconf 86' lang='lat' dir='ltr'><strong>uapulabis,</strong></span> <span class='ocrx_word' id='word_1_154' title='bbox 375 1518 455 1557; x_wconf 86' lang='lat' dir='ltr'><strong>aut</strong></span> <span class='ocrx_word' id='word_1_155' title='bbox 473 1516 862 1573; x_wconf 87' lang='lat' dir='ltr'><strong>condempnaberis</strong></span> <span class='ocrx_word' id='word_1_156' title='bbox 888 1518 1089 1562; x_wconf 79' lang='lat' dir='ltr'><strong>inscitiae</strong></span> <span class='ocrx_word' id='word_1_157' title='bbox 1115 1519 1330 1562; x_wconf 90' lang='lat' dir='ltr'><strong>bonorum</strong></span> <span class='ocrx_word' id='word_1_158' title='bbox 1356 1521 1566 1572; x_wconf 91' lang='lat' dir='ltr'><strong>omnium,</strong></span> 
     </span>
    </p>

    <p class='ocr_par' dir='ltr' id='par_1_9' title="bbox 54 1582 1570 1916">
     <span class='ocr_line' id='line_1_22' title="bbox 54 1582 1570 1645; baseline 0.005 -21"><span class='ocrx_word' id='word_1_159' title='bbox 54 1598 96 1624; x_wconf 65' lang='grc' dir='ltr'><strong>πο</strong></span> <span class='ocrx_word' id='word_1_160' title='bbox 111 1582 150 1625; x_wconf 81' lang='lat' dir='ltr'><strong>si</strong></span> <span class='ocrx_word' id='word_1_161' title='bbox 188 1596 340 1625; x_wconf 89' lang='lat' dir='ltr'><strong>eorum</strong></span> <span class='ocrx_word' id='word_1_162' title='bbox 378 1584 590 1640; x_wconf 88' lang='lat' dir='ltr'><strong>figmenta</strong></span> <span class='ocrx_word' id='word_1_163' title='bbox 622 1599 712 1628; x_wconf 90' lang='lat' dir='ltr'><strong>non</strong></span> <span class='ocrx_word' id='word_1_164' title='bbox 745 1586 933 1631; x_wconf 88' lang='lat' dir='ltr'><strong>noueris.</strong></span> <span class='ocrx_word' id='word_1_165' title='bbox 1006 1587 1128 1630; x_wconf 87' lang='lat' dir='ltr'><strong>Haec</strong></span> <span class='ocrx_word' id='word_1_166' title='bbox 1159 1591 1264 1631; x_wconf 90' lang='lat' dir='ltr'><strong>sunt</strong></span> <span class='ocrx_word' id='word_1_167' title='bbox 1298 1590 1570 1645; x_wconf 70' lang='lat' dir='ltr'><strong>temporibus</strong></span> 
     </span>
     <span class='ocr_line' id='line_1_23' title="bbox 111 1652 1567 1714; baseline 0.005 -21"><span class='ocrx_word' id='word_1_168' title='bbox 111 1652 276 1694; x_wconf 84' lang='lat' dir='ltr'><strong>nostris</strong></span> <span class='ocrx_word' id='word_1_169' title='bbox 290 1652 489 1696; x_wconf 85' lang='lat' dir='ltr'><strong>liberalia</strong></span> <span class='ocrx_word' id='word_1_170' title='bbox 503 1654 717 1696; x_wconf 88' lang='lat' dir='ltr'><strong>nobilium</strong></span> <span class='ocrx_word' id='word_1_171' title='bbox 733 1655 893 1699; x_wconf 90' lang='lat' dir='ltr'><strong>studia.</strong></span> <span class='ocrx_word' id='word_1_172' title='bbox 938 1656 1060 1700; x_wconf 87' lang='lat' dir='ltr'><strong>Haec</strong></span> <span class='ocrx_word' id='word_1_173' title='bbox 1072 1660 1179 1700; x_wconf 90' lang='lat' dir='ltr'><strong>sunt</strong></span> <span class='ocrx_word' id='word_1_174' title='bbox 1192 1658 1336 1714; x_wconf 90' lang='lat' dir='ltr'><strong>prima</strong></span> <span class='ocrx_word' id='word_1_175' title='bbox 1351 1658 1567 1702; x_wconf 89' lang='lat' dir='ltr'><strong>elementa</strong></span> 
     </span>
     <span class='ocr_line' id='line_1_24' title="bbox 111 1720 1566 1773; baseline 0.005 -10"><span class='ocrx_word' id='word_1_176' title='bbox 111 1720 306 1773; x_wconf 87' lang='lat' dir='ltr'><strong>uirtutis,</strong></span> <span class='ocrx_word' id='word_1_177' title='bbox 337 1721 444 1765; x_wconf 87' lang='lat' dir='ltr'><strong>haec</strong></span> <span class='ocrx_word' id='word_1_178' title='bbox 482 1722 559 1765; x_wconf 90' lang='lat' dir='ltr'><strong>uia</strong></span> <span class='ocrx_word' id='word_1_179' title='bbox 596 1722 746 1767; x_wconf 86' lang='lat' dir='ltr'><strong>felices</strong></span> <span class='ocrx_word' id='word_1_180' title='bbox 784 1725 842 1767; x_wconf 86' lang='lat' dir='ltr'><strong>ad</strong></span> <span class='ocrx_word' id='word_1_181' title='bbox 875 1725 1164 1769; x_wconf 73' lang='lat' dir='ltr'><strong>beatitudinis</strong></span> <span class='ocrx_word' id='word_1_182' title='bbox 1194 1727 1420 1769; x_wconf 89' lang='lat' dir='ltr'><strong>cumulum</strong></span> <span class='ocrx_word' id='word_1_183' title='bbox 1451 1742 1566 1771; x_wconf 85' lang='lat' dir='ltr'><strong>com-</strong></span> 
     </span>
     <span class='ocr_line' id='line_1_25' title="bbox 110 1789 1567 1850; baseline 0.006 -19"><span class='ocrx_word' id='word_1_184' title='bbox 110 1789 320 1845; x_wconf 87' lang='lat' dir='ltr'><strong>pendioso</strong></span> <span class='ocrx_word' id='word_1_185' title='bbox 357 1790 559 1847; x_wconf 88' lang='lat' dir='ltr'><strong>perducit</strong></span> <span class='ocrx_word' id='word_1_186' title='bbox 596 1793 787 1845; x_wconf 89' lang='lat' dir='ltr'><strong>tramite,</strong></span> <span class='ocrx_word' id='word_1_187' title='bbox 822 1808 910 1850; x_wconf 89' lang='lat' dir='ltr'><strong>quo</strong></span> <span class='ocrx_word' id='word_1_188' title='bbox 947 1795 1134 1838; x_wconf 90' lang='lat' dir='ltr'><strong>maiores</strong></span> <span class='ocrx_word' id='word_1_189' title='bbox 1173 1796 1314 1838; x_wconf 90' lang='lat' dir='ltr'><strong>nostri</strong></span> <span class='ocrx_word' id='word_1_190' title='bbox 1353 1811 1442 1839; x_wconf 92' lang='lat' dir='ltr'><strong>non</strong></span> <span class='ocrx_word' id='word_1_191' title='bbox 1480 1798 1567 1840; x_wconf 88' lang='lat' dir='ltr'><strong>nisi</strong></span> 
     </span>
     <span class='ocr_line' id='line_1_26' title="bbox 111 1857 1564 1916; baseline 0.006 -17"><span class='ocrx_word' id='word_1_192' title='bbox 111 1857 353 1901; x_wconf 86' lang='lat' dir='ltr'><strong>laboriosae</strong></span> <span class='ocrx_word' id='word_1_193' title='bbox 367 1859 550 1902; x_wconf 85' lang='lat' dir='ltr'><strong>uirtutis</strong></span> <span class='ocrx_word' id='word_1_194' title='bbox 565 1861 776 1916; x_wconf 85' lang='lat' dir='ltr'><strong>gradibus</strong></span> <span class='ocrx_word' id='word_1_195' title='bbox 788 1862 1028 1906; x_wconf 87' lang='lat' dir='ltr'><strong>docuerant</strong></span> <span class='ocrx_word' id='word_1_196' title='bbox 1043 1864 1377 1908; x_wconf 89' lang='lat' dir='ltr'><strong>ascendendum.</strong></span> <span class='ocrx_word' id='word_1_197' title='bbox 1416 1866 1564 1908; x_wconf 91' lang='lat' dir='ltr'><strong>Aemi-</strong></span> 
     </span>
    </p>
   </div>
   <div class='ocr_carea' id='block_1_9' title="bbox 0 1918 1567 1983">
    <p class='ocr_par' dir='ltr' id='par_1_10' title="bbox 0 1918 1567 1983">
     <span class='ocr_line' id='line_1_27' title="bbox 0 1918 1567 1983; baseline 0.006 -16"><span class='ocrx_word' id='word_1_198' title='bbox 0 1918 5 1962; x_wconf 75' lang='grc' dir='ltr'>ἷ</span> <span class='ocrx_word' id='word_1_199' title='bbox 53 1939 96 1975; x_wconf 81' lang='lat'><strong>²5</strong></span> <span class='ocrx_word' id='word_1_200' title='bbox 111 1925 252 1969; x_wconf 88' lang='lat' dir='ltr'><strong>lianos</strong></span> <span class='ocrx_word' id='word_1_201' title='bbox 285 1930 331 1969; x_wconf 85' lang='lat' dir='ltr'><strong>et</strong></span> <span class='ocrx_word' id='word_1_202' title='bbox 364 1926 548 1983; x_wconf 81' lang='lat' dir='ltr'><strong>Ligures</strong></span> <span class='ocrx_word' id='word_1_203' title='bbox 578 1928 695 1971; x_wconf 89' lang='lat' dir='ltr'><strong>Galli</strong></span> <span class='ocrx_word' id='word_1_204' title='bbox 729 1930 941 1982; x_wconf 90' lang='lat' dir='ltr'><strong>derident,</strong></span> <span class='ocrx_word' id='word_1_205' title='bbox 970 1932 1164 1975; x_wconf 90' lang='lat' dir='ltr'><strong>dicentes</strong></span> <span class='ocrx_word' id='word_1_206' title='bbox 1195 1947 1267 1975; x_wconf 90' lang='lat' dir='ltr'><strong>eos</strong></span> <span class='ocrx_word' id='word_1_207' title='bbox 1302 1937 1567 1976; x_wconf 88' lang='lat' dir='ltr'><strong>testamenta</strong></span> 
     </span>
    </p>
   </div>
   <div class='ocr_carea' id='block_1_10' title="bbox 52 1995 1612 2399">
    <p class='ocr_par' dir='ltr' id='par_1_11' title="bbox 52 1995 1612 2399">
     <span class='ocr_line' id='line_1_28' title="bbox 110 1995 1565 2059; baseline 0.005 -21"><span class='ocrx_word' id='word_1_208' title='bbox 110 1995 332 2047; x_wconf 82' lang='lat' dir='ltr'><strong>conficere,</strong></span> <span class='ocrx_word' id='word_1_209' title='bbox 361 1995 570 2038; x_wconf 89' lang='lat' dir='ltr'><strong>uiciniam</strong></span> <span class='ocrx_word' id='word_1_210' title='bbox 603 2011 853 2051; x_wconf 86' lang='lat' dir='ltr'><strong>conuocare,</strong></span> <span class='ocrx_word' id='word_1_211' title='bbox 880 2015 1103 2043; x_wconf 84' lang='lat' dir='ltr'><strong>armorum</strong></span> <span class='ocrx_word' id='word_1_212' title='bbox 1137 2001 1372 2058; x_wconf 88' lang='lat' dir='ltr'><strong>implorare</strong></span> <span class='ocrx_word' id='word_1_213' title='bbox 1402 2003 1565 2059; x_wconf 86' lang='lat' dir='ltr'><strong>praesi-</strong></span> 
     </span>
     <span class='ocr_line' id='line_1_29' title="bbox 110 2063 1565 2126; baseline 0.005 -21"><span class='ocrx_word' id='word_1_214' title='bbox 110 2063 197 2114; x_wconf 88' lang='lat' dir='ltr'><strong>dia,</strong></span> <span class='ocrx_word' id='word_1_215' title='bbox 228 2063 266 2106; x_wconf 89' lang='lat' dir='ltr'><strong>si</strong></span> <span class='ocrx_word' id='word_1_216' title='bbox 304 2064 468 2107; x_wconf 87' lang='lat' dir='ltr'><strong>finibus</strong></span> <span class='ocrx_word' id='word_1_217' title='bbox 506 2079 657 2107; x_wconf 90' lang='lat' dir='ltr'><strong>eorum</strong></span> <span class='ocrx_word' id='word_1_218' title='bbox 695 2067 872 2109; x_wconf 87' lang='lat' dir='ltr'><strong>testudo</strong></span> <span class='ocrx_word' id='word_1_219' title='bbox 910 2068 1151 2121; x_wconf 87' lang='lat' dir='ltr'><strong>immineat,</strong></span> <span class='ocrx_word' id='word_1_220' title='bbox 1191 2084 1324 2125; x_wconf 87' lang='lat' dir='ltr'><strong>quam</strong></span> <span class='ocrx_word' id='word_1_221' title='bbox 1363 2074 1565 2126; x_wconf 86' lang='lat' dir='ltr'><strong>oporteat</strong></span> 
     </span>
     <span class='ocr_line' id='line_1_30' title="bbox 110 2132 1612 2194; baseline 0.005 -21"><span class='ocrx_word' id='word_1_222' title='bbox 110 2132 377 2189; x_wconf 89' lang='lat' dir='ltr'><strong>impugnari.</strong></span> <span class='ocrx_word' id='word_1_223' title='bbox 437 2133 565 2186; x_wconf 81' lang='lat' dir='ltr'><strong>Quod</strong></span> <span class='ocrx_word' id='word_1_224' title='bbox 595 2149 651 2176; x_wconf 82' lang='lat' dir='ltr'><strong>ex</strong></span> <span class='ocrx_word' id='word_1_225' title='bbox 681 2149 732 2177; x_wconf 90' lang='lat' dir='ltr'><strong>eo</strong></span> <span class='ocrx_word' id='word_1_226' title='bbox 758 2137 1047 2193; x_wconf 86' lang='lat' dir='ltr'><strong>componitur,</strong></span> <span class='ocrx_word' id='word_1_227' title='bbox 1077 2137 1194 2193; x_wconf 91' lang='lat' dir='ltr'><strong>quod</strong></span> <span class='ocrx_word' id='word_1_228' title='bbox 1223 2152 1297 2180; x_wconf 87' lang='lat' dir='ltr'><strong>eos</strong></span> <span class='ocrx_word' id='word_1_229' title='bbox 1322 2153 1564 2194; x_wconf 88' lang='lat' dir='ltr'><strong>numquam</strong></span> <span class='ocrx_word' id='word_1_230' title='bbox 1582 2147 1612 2186; x_wconf 81' lang='lat' dir='ltr'><strong>b</strong></span> 
     </span>
     <span class='ocr_line' id='line_1_31' title="bbox 109 2200 1563 2261; baseline 0.004 -17"><span class='ocrx_word' id='word_1_231' title='bbox 109 2200 421 2257; x_wconf 78' lang='lat' dir='ltr'><strong>cuiuscumque</strong></span> <span class='ocrx_word' id='word_1_232' title='bbox 451 2202 703 2244; x_wconf 87' lang='lat' dir='ltr'><strong>certaminis</strong></span> <span class='ocrx_word' id='word_1_233' title='bbox 737 2217 863 2246; x_wconf 88' lang='lat' dir='ltr'><strong>casus</strong></span> <span class='ocrx_word' id='word_1_234' title='bbox 888 2204 1062 2247; x_wconf 89' lang='lat' dir='ltr'><strong>inuenit</strong></span> <span class='ocrx_word' id='word_1_235' title='bbox 1084 2205 1338 2261; x_wconf 85' lang='lat' dir='ltr'><strong>imparatos.</strong></span> <span class='ocrx_word' id='word_1_236' title='bbox 1408 2207 1563 2250; x_wconf 89' lang='lat' dir='ltr'><strong>Nostri</strong></span> 
     </span>
     <span class='ocr_line' id='line_1_32' title="bbox 52 2270 1563 2330; baseline 0.005 -20"><span class='ocrx_word' id='word_1_237' title='bbox 52 2286 95 2325; x_wconf 68' lang='lat'><strong>30</strong></span> <span class='ocrx_word' id='word_1_238' title='bbox 112 2283 285 2326; x_wconf 89' lang='lat' dir='ltr'><strong>quoque</strong></span> <span class='ocrx_word' id='word_1_239' title='bbox 330 2270 546 2326; x_wconf 91' lang='lat' dir='ltr'><strong>quomodo</strong></span> <span class='ocrx_word' id='word_1_240' title='bbox 591 2271 771 2313; x_wconf 90' lang='lat' dir='ltr'><strong>ludibrii</strong></span> <span class='ocrx_word' id='word_1_241' title='bbox 813 2275 942 2316; x_wconf 82' lang='lat' dir='ltr'><strong>notas</strong></span> <span class='ocrx_word' id='word_1_242' title='bbox 987 2274 1219 2330; x_wconf 87' lang='lat' dir='ltr'><strong>effugiunt,</strong></span> <span class='ocrx_word' id='word_1_243' title='bbox 1263 2289 1364 2317; x_wconf 89' lang='grc'>011111</span> <span class='ocrx_word' id='word_1_244' title='bbox 1406 2276 1563 2318; x_wconf 88' lang='lat' dir='ltr'><strong>maiori</strong></span> 
     </span>
     <span class='ocr_line' id='line_1_33' title="bbox 110 2338 1563 2399; baseline 0.006 -20"><span class='ocrx_word' id='word_1_245' title='bbox 110 2338 307 2380; x_wconf 88' lang='lat' dir='ltr'><strong>tumultu</strong></span> <span class='ocrx_word' id='word_1_246' title='bbox 327 2341 372 2381; x_wconf 87' lang='lat' dir='ltr'><strong>et</strong></span> <span class='ocrx_word' id='word_1_247' title='bbox 391 2339 578 2395; x_wconf 85' lang='lat' dir='ltr'><strong>aegriori</strong></span> <span class='ocrx_word' id='word_1_248' title='bbox 594 2339 886 2383; x_wconf 88' lang='lat' dir='ltr'><strong>sollicitudine</strong></span> <span class='ocrx_word' id='word_1_249' title='bbox 902 2344 947 2384; x_wconf 93' lang='lat' dir='ltr'><strong>et</strong></span> <span class='ocrx_word' id='word_1_250' title='bbox 961 2342 1163 2398; x_wconf 90' lang='lat' dir='ltr'><strong>ampliori</strong></span> <span class='ocrx_word' id='word_1_251' title='bbox 1179 2346 1371 2399; x_wconf 88' lang='lat' dir='ltr'><strong>sumptu,</strong></span> <span class='ocrx_word' id='word_1_252' title='bbox 1386 2344 1563 2388; x_wconf 89' lang='lat' dir='ltr'><strong>solenne</strong></span> 
     </span>
    </p>
   </div>
   <div class='ocr_carea' id='block_1_11' title="bbox 107 2429 1564 2605">
    <p class='ocr_par' dir='ltr' id='par_1_12' title="bbox 107 2429 1564 2605">
     <span class='ocr_line' id='line_1_34' title="bbox 107 2429 1561 2478; baseline 0.005 -14"><span class='ocrx_word' id='word_1_253' title='bbox 107 2438 133 2474; x_wconf 79' lang='grc'><strong>4</strong></span> <span class='ocrx_word' id='word_1_254' title='bbox 155 2429 277 2475; x_wconf 78' lang='lat' dir='ltr'><strong>tygris</strong></span> <span class='ocrx_word' id='word_1_255' title='bbox 293 2429 348 2466; x_wconf 77' lang='lat' dir='ltr'><strong>OS</strong></span> <span class='ocrx_word' id='word_1_256' title='bbox 525 2431 546 2466; x_wconf 92' lang='lat'>8</span> <span class='ocrx_word' id='word_1_257' title='bbox 570 2440 658 2467; x_wconf 86' lang='lat' dir='ltr'><strong>suae</strong></span> <span class='ocrx_word' id='word_1_258' title='bbox 676 2430 716 2466; x_wconf 84' lang='lat' dir='ltr'>M</span> <span class='ocrx_word' id='word_1_259' title='bbox 883 2440 926 2476; x_wconf 86' lang='lat'><strong>17</strong></span> <span class='ocrx_word' id='word_1_260' title='bbox 950 2432 1169 2478; x_wconf 79' lang='lat' dir='ltr'><strong>solempniis</strong></span> <span class='ocrx_word' id='word_1_261' title='bbox 1186 2432 1246 2469; x_wconf 92' lang='lat' dir='ltr'><strong>CB</strong></span> <span class='ocrx_word' id='word_1_262' title='bbox 1262 2445 1271 2469; x_wconf 89' lang='lat'>:</span> <span class='ocrx_word' id='word_1_263' title='bbox 1297 2434 1491 2471; x_wconf 84' lang='lat' dir='ltr'><strong>sollenniis</strong></span> <span class='ocrx_word' id='word_1_264' title='bbox 1507 2436 1561 2472; x_wconf 90' lang='lat' dir='ltr'><strong>A:</strong></span> 
     </span>
     <span class='ocr_line' id='line_1_35' title="bbox 109 2479 1564 2564; baseline 0.005 -19"><span class='ocrx_word' id='word_1_265' title='bbox 109 2508 315 2564; x_wconf 69' lang='lat' dir='ltr'><strong>sollemniis</strong></span> <span class='ocrx_word' id='word_1_266' title='bbox 331 2509 357 2546; x_wconf 84' lang='lat' dir='ltr'>S</span> <span class='ocrx_word' id='word_1_267' title='bbox 465 2520 510 2557; x_wconf 91' lang='lat'><strong>19</strong></span> <span class='ocrx_word' id='word_1_268' title='bbox 534 2510 841 2547; x_wconf 81' lang='lat' dir='ltr'><strong>condemnaberis</strong></span> <span class='ocrx_word' id='word_1_269' title='bbox 858 2510 884 2548; x_wconf 84' lang='lat' dir='ltr'>S</span> <span class='ocrx_word' id='word_1_270' title='bbox 1004 2479 1321 2560; x_wconf 60' lang='lat' dir='ltr'><strong>28⁰¹i⁰1i²⁴3bssugnari</strong></span> <span class='ocrx_word' id='word_1_271' title='bbox 1336 2514 1392 2551; x_wconf 86' lang='lat' dir='ltr'><strong>A:</strong></span> <span class='ocrx_word' id='word_1_272' title='bbox 1419 2527 1564 2563; x_wconf 83' lang='lat' dir='ltr'><strong>oppug-</strong></span> 
     </span>
     <span class='ocr_line' id='line_1_36' title="bbox 110 2556 1274 2605; baseline 0.006 -14"><span class='ocrx_word' id='word_1_273' title='bbox 110 2566 194 2592; x_wconf 86' lang='lat' dir='ltr'><strong>nan</strong></span> <span class='ocrx_word' id='word_1_274' title='bbox 211 2556 277 2592; x_wconf 75' lang='lat' dir='ltr'><strong>MS</strong></span> <span class='ocrx_word' id='word_1_275' title='bbox 419 2567 466 2602; x_wconf 89' lang='lat'><strong>30</strong></span> <span class='ocrx_word' id='word_1_276' title='bbox 489 2557 654 2605; x_wconf 88' lang='lat' dir='ltr'><strong>quoque]</strong></span> <span class='ocrx_word' id='word_1_277' title='bbox 669 2569 758 2594; x_wconf 87' lang='lat' dir='ltr'><strong>uero</strong></span> <span class='ocrx_word' id='word_1_278' title='bbox 776 2557 843 2594; x_wconf 81' lang='lat' dir='ltr'><strong>SM</strong></span> <span class='ocrx_word' id='word_1_279' title='bbox 983 2569 1026 2605; x_wconf 86' lang='lat'><strong>31</strong></span> <span class='ocrx_word' id='word_1_280' title='bbox 1052 2559 1230 2598; x_wconf 86' lang='lat' dir='ltr'><strong>sollemne</strong></span> <span class='ocrx_word' id='word_1_281' title='bbox 1250 2561 1274 2597; x_wconf 90' lang='lat' dir='ltr'>S</span> 
     </span>
    </p>
   </div>
   <div class='ocr_carea' id='block_1_12' title="bbox 112 2639 1562 2738">
    <p class='ocr_par' dir='ltr' id='par_1_13' title="bbox 112 2639 1562 2738">
     <span class='ocr_line' id='line_1_37' title="bbox 158 2639 1562 2686; baseline 0.006 -14"><span class='ocrx_word' id='word_1_282' title='bbox 158 2646 179 2682; x_wconf 90' lang='lat'><em>7</em></span> <span class='ocrx_word' id='word_1_283' title='bbox 205 2639 342 2674; x_wconf 72' lang='lat' dir='ltr'><strong>Albam·</strong></span> <span class='ocrx_word' id='word_1_284' title='bbox 372 2640 466 2676; x_wconf 87' lang='lat' dir='ltr'><strong>etc.:</strong></span> <span class='ocrx_word' id='word_1_285' title='bbox 494 2639 794 2684; x_wconf 72' lang='lat' dir='ltr'><strong>Solin.Polyhist.</strong></span> <span class='ocrx_word' id='word_1_286' title='bbox 815 2647 857 2686; x_wconf 78' lang='lat'><strong>15</strong></span> <span class='ocrx_word' id='word_1_287' title='bbox 884 2641 927 2683; x_wconf 76' lang='lat'><strong>§§</strong></span> <span class='ocrx_word' id='word_1_288' title='bbox 954 2641 1045 2684; x_wconf 89' lang='lat'><strong>6-8;</strong></span> <span class='ocrx_word' id='word_1_289' title='bbox 1072 2641 1120 2678; x_wconf 87' lang='lat' dir='ltr'><strong>cf.</strong></span> <span class='ocrx_word' id='word_1_290' title='bbox 1143 2641 1241 2678; x_wconf 91' lang='lat' dir='ltr'><strong>Plin.</strong></span> <span class='ocrx_word' id='word_1_291' title='bbox 1268 2644 1317 2679; x_wconf 85' lang='lat' dir='ltr'><strong>H.</strong></span> <span class='ocrx_word' id='word_1_292' title='bbox 1341 2645 1389 2681; x_wconf 82' lang='lat' dir='ltr'><strong>N.</strong></span> <span class='ocrx_word' id='word_1_293' title='bbox 1412 2644 1489 2680; x_wconf 87' lang='lat' dir='ltr'><strong>viii.</strong></span> <span class='ocrx_word' id='word_1_294' title='bbox 1518 2646 1562 2681; x_wconf 90' lang='lat'><strong>61</strong></span> 
     </span>
     <span class='ocr_line' id='line_1_38' title="bbox 112 2684 1561 2738; baseline 0.005 -18"><span class='ocrx_word' id='word_1_295' title='bbox 112 2684 208 2738; x_wconf 52' lang='lat'><strong>§§„6,</strong></span> <span class='ocrx_word' id='word_1_296' title='bbox 227 2693 261 2729; x_wconf 94' lang='lat'><strong>7.</strong></span> <span class='ocrx_word' id='word_1_297' title='bbox 380 2695 425 2723; x_wconf 89' lang='lat'><strong>10</strong></span> <span class='ocrx_word' id='word_1_298' title='bbox 447 2687 524 2723; x_wconf 78' lang='lat' dir='ltr'><strong>Hos</strong></span> <span class='ocrx_word' id='word_1_299' title='bbox 542 2689 635 2723; x_wconf 53' lang='lat' dir='ltr'><strong>eta:</strong></span> <span class='ocrx_word' id='word_1_300' title='bbox 654 2698 685 2722; x_wconf 89' lang='lat' dir='ltr'><strong>v.</strong></span> <span class='ocrx_word' id='word_1_301' title='bbox 704 2686 838 2722; x_wconf 88' lang='lat' dir='ltr'><strong>lustin.</strong></span> <span class='ocrx_word' id='word_1_302' title='bbox 855 2686 937 2724; x_wconf 70' lang='lat' dir='ltr'><strong>xlii,</strong></span> <span class='ocrx_word' id='word_1_303' title='bbox 955 2697 987 2732; x_wconf 89' lang='lat'><strong>3.</strong></span> <span class='ocrx_word' id='word_1_304' title='bbox 1104 2692 1318 2735; x_wconf 73' lang='lat' dir='ltr'><strong>teryemino:</strong></span> <span class='ocrx_word' id='word_1_305' title='bbox 1344 2691 1454 2737; x_wconf 87' lang='lat' dir='ltr'><strong>Verg.</strong></span> <span class='ocrx_word' id='word_1_306' title='bbox 1471 2695 1561 2727; x_wconf 78' lang='lat' dir='ltr'><strong>Aen.</strong></span> 
     </span>
    </p>
   </div>
   <div class='ocr_carea' id='block_1_13' title="bbox 110 2734 1567 2826">
    <p class='ocr_par' dir='ltr' id='par_1_14' title="bbox 110 2734 1567 2826">
     <span class='ocr_line' id='line_1_39' title="bbox 110 2734 1567 2782; baseline 0.007 -16"><span class='ocrx_word' id='word_1_307' title='bbox 110 2740 188 2766; x_wconf 78' lang='lat' dir='ltr'><strong>vm.</strong></span> <span class='ocrx_word' id='word_1_308' title='bbox 208 2741 289 2767; x_wconf 85' lang='lat'><strong>202.</strong></span> <span class='ocrx_word' id='word_1_309' title='bbox 459 2743 502 2778; x_wconf 83' lang='lat'><strong>¹4</strong></span> <span class='ocrx_word' id='word_1_310' title='bbox 528 2735 798 2771; x_wconf 78' lang='lat' dir='ltr'><strong>chironomanta</strong></span> <span class='ocrx_word' id='word_1_311' title='bbox 816 2735 911 2771; x_wconf 57' lang='lat' dir='ltr'><strong>etc:</strong></span> <span class='ocrx_word' id='word_1_312' title='bbox 941 2734 1018 2772; x_wconf 67' lang='lat' dir='ltr'><strong>IuV.</strong></span> <span class='ocrx_word' id='word_1_313' title='bbox 1034 2736 1108 2773; x_wconf 79' lang='lat' dir='ltr'><strong>Sat.</strong></span> <span class='ocrx_word' id='word_1_314' title='bbox 1126 2747 1159 2773; x_wconf 77' lang='lat' dir='ltr'><strong>V.</strong></span> <span class='ocrx_word' id='word_1_315' title='bbox 1179 2747 1257 2782; x_wconf 88' lang='lat'><strong>121,</strong></span> <span class='ocrx_word' id='word_1_316' title='bbox 1278 2748 1354 2782; x_wconf 88' lang='lat'><strong>122,</strong></span> <span class='ocrx_word' id='word_1_317' title='bbox 1372 2739 1439 2774; x_wconf 93' lang='lat' dir='ltr'><strong>ubi</strong></span> <span class='ocrx_word' id='word_1_318' title='bbox 1455 2740 1567 2776; x_wconf 75' lang='lat' dir='ltr'><strong>chiro-</strong></span> 
     </span>
     <span class='ocr_line' id='line_1_40' title="bbox 112 2778 571 2826; baseline 0.004 -11"><span class='ocrx_word' id='word_1_319' title='bbox 112 2783 287 2815; x_wconf 74' lang='lat' dir='ltr'><strong>nomunta</strong></span> <span class='ocrx_word' id='word_1_320' title='bbox 301 2778 440 2816; x_wconf 76' lang='lat' dir='ltr'><strong>rectius</strong></span> <span class='ocrx_word' id='word_1_321' title='bbox 456 2779 571 2826; x_wconf 81' lang='lat' dir='ltr'><strong>legas.</strong></span> 
     </span>
    </p>
   </div>
   <div class='ocr_carea' id='block_1_14' title="bbox 1416 2848 1457 2881">
    <p class='ocr_par' dir='ltr' id='par_1_15' title="bbox 1416 2848 1457 2881">
     <span class='ocr_line' id='line_1_41' title="bbox 1416 2848 1457 2881; baseline 0 0"><span class='ocrx_word' id='word_1_322' title='bbox 1416 2848 1457 2881; x_wconf 83' lang='lat'><strong>23</strong></span> 
     </span>
    </p>
   </div>
  </div>
 </body>
</html>
