<?xml version="1.0" encoding="UTF-8"?>
<!DOCTYPE html PUBLIC "-//W3C//DTD XHTML 1.0 Transitional//EN"
    "http://www.w3.org/TR/xhtml1/DTD/xhtml1-transitional.dtd">
<html xmlns="http://www.w3.org/1999/xhtml" xml:lang="en" lang="en">
 <head>
  <title>
</title>
<meta http-equiv="Content-Type" content="text/html;charset=utf-8" />
  <meta name='ocr-system' content='tesseract 3.04.00' />
  <meta name='ocr-capabilities' content='ocr_page ocr_carea ocr_par ocr_line ocrx_word'/>
</head>
<body>
  <div class='ocr_page' id='page_1' title='image "./ioannissaresberi01johnuoft_0415.png"; bbox 0 0 1878 3172; ppageno 0'>
   <div class='ocr_carea' id='block_1_1' title="bbox 93 121 1689 186">
    <p class='ocr_par' dir='ltr' id='par_1_1' title="bbox 20 91 1689 186">
     <span class='ocr_line' id='line_1_1' title="bbox 93 121 1689 186; baseline -0.007 -13.481"><span class='ocrx_word' id='word_1_1' title='bbox 93 136 192 172; x_wconf 72' lang='lat' dir='ltr'><strong>m.</strong></span> <span class='ocrx_word' id='word_1_2' title='bbox 205 123 329 186; x_wconf 79' lang='lat' dir='ltr'><strong>xm]</strong></span> <span class='ocrx_word' id='word_1_3' title='bbox 616 123 1050 170; x_wconf 76' lang='lat' dir='ltr'><strong>PomcRA&#39;rIcvs</strong></span> <span class='ocrx_word' id='word_1_4' title='bbox 1533 156 1535 159; x_wconf 91' lang='lat'><strong>.</strong></span> <span class='ocrx_word' id='word_1_5' title='bbox 1562 121 1643 173; x_wconf 75' lang='lat'><strong>⁵⁸2</strong></span> <span class='ocrx_word' id='word_1_6' title='bbox 1659 121 1689 162; x_wconf 72' lang='lat' dir='ltr'><strong>a</strong></span> 
     </span>
    </p>
   </div>
   <div class='ocr_carea' id='block_1_2' title="bbox 12 243 1695 736">
    <p class='ocr_par' dir='ltr' id='par_1_2' title="bbox 12 243 1695 715">
     <span class='ocr_line' id='line_1_2' title="bbox 17 243 1547 302; baseline -0.003 -12"><span class='ocrx_word' id='word_1_7' title='bbox 17 251 24 299; x_wconf 71' lang='grc' dir='ltr'><strong>ζ»</strong></span> <span class='ocrx_word' id='word_1_8' title='bbox 93 248 374 290; x_wconf 83' lang='lat' dir='ltr'><strong>uenerantur.</strong></span> <span class='ocrx_word' id='word_1_9' title='bbox 431 244 687 288; x_wconf 86' lang='lat' dir='ltr'><strong>Antistenes</strong></span> <span class='ocrx_word' id='word_1_10' title='bbox 717 258 901 302; x_wconf 90' lang='lat' dir='ltr'><strong>quoque,</strong></span> <span class='ocrx_word' id='word_1_11' title='bbox 929 259 1030 288; x_wconf 91' lang='lat' dir='ltr'><strong>cum</strong></span> <span class='ocrx_word' id='word_1_12' title='bbox 1063 244 1250 302; x_wconf 77' lang='lat' dir='ltr'>gloriose</span> <span class='ocrx_word' id='word_1_13' title='bbox 1283 243 1547 288; x_wconf 85' lang='lat' dir='ltr'><strong>rethoricam</strong></span> 
     </span>
     <span class='ocr_line' id='line_1_3' title="bbox 16 313 1549 371; baseline -0.001 -13"><span class='ocrx_word' id='word_1_14' title='bbox 16 332 41 353; x_wconf 43' lang='grc' dir='ltr'>ι*</span> <span class='ocrx_word' id='word_1_15' title='bbox 95 314 314 358; x_wconf 84' lang='lat' dir='ltr'><strong>docuisset</strong></span> <span class='ocrx_word' id='word_1_16' title='bbox 332 313 612 371; x_wconf 75' lang='lat' dir='ltr'>audissetque</span> <span class='ocrx_word' id='word_1_17' title='bbox 630 313 867 363; x_wconf 88' lang='lat' dir='ltr'><strong>Socratem,</strong></span> <span class='ocrx_word' id='word_1_18' title='bbox 886 313 1050 356; x_wconf 79' lang='lat' dir='ltr'>dixisse</span> <span class='ocrx_word' id='word_1_19' title='bbox 1071 313 1216 356; x_wconf 81' lang='lat' dir='ltr'><strong>fertur</strong></span> <span class='ocrx_word' id='word_1_20' title='bbox 1234 313 1291 356; x_wconf 85' lang='lat' dir='ltr'><strong>ad</strong></span> <span class='ocrx_word' id='word_1_21' title='bbox 1311 313 1549 370; x_wconf 90' lang='lat' dir='ltr'><strong>discipulos</strong></span> 
     </span>
     <span class='ocr_line' id='line_1_4' title="bbox 35 379 1549 440; baseline 0 -14"><span class='ocrx_word' id='word_1_22' title='bbox 35 398 41 437; x_wconf 63' lang='lat' dir='ltr'><em>j</em></span> <span class='ocrx_word' id='word_1_23' title='bbox 85 390 227 427; x_wconf 61' lang='grc' dir='ltr'><strong>[ποετ</strong></span> <span class='ocrx_word' id='word_1_24' title='bbox 269 379 415 434; x_wconf 87' lang='lat' dir='ltr'><strong>Abite,</strong></span> <span class='ocrx_word' id='word_1_25' title='bbox 442 382 703 440; x_wconf 87' lang='lat' dir='ltr'><strong>magistrum</strong></span> <span class='ocrx_word' id='word_1_26' title='bbox 732 382 941 439; x_wconf 73' lang='lat' dir='ltr'>quaerite,</span> <span class='ocrx_word' id='word_1_27' title='bbox 970 397 1052 439; x_wconf 89' lang='lat' dir='ltr'><strong>ego</strong></span> <span class='ocrx_word' id='word_1_28' title='bbox 1085 382 1203 425; x_wconf 89' lang='lat' dir='ltr'><strong>enim</strong></span> <span class='ocrx_word' id='word_1_29' title='bbox 1241 382 1330 425; x_wconf 89' lang='lat' dir='ltr'><strong>iam</strong></span> <span class='ocrx_word' id='word_1_30' title='bbox 1364 383 1549 440; x_wconf 86' lang='lat' dir='ltr'><strong>repperi.</strong></span> 
     </span>
     <span class='ocr_line' id='line_1_5' title="bbox 22 451 1550 508; baseline 0.001 -15"><span class='ocrx_word' id='word_1_31' title='bbox 22 487 25 493; x_wconf 27' lang='lat'>1</span> <span class='ocrx_word' id='word_1_32' title='bbox 96 451 348 508; x_wconf 74' lang='lat' dir='ltr'><strong>Statimque</strong></span> <span class='ocrx_word' id='word_1_33' title='bbox 385 451 579 494; x_wconf 89' lang='lat' dir='ltr'><strong>uenditis</strong></span> <span class='ocrx_word' id='word_1_34' title='bbox 617 466 728 508; x_wconf 89' lang='lat' dir='ltr'><strong>quae</strong></span> <span class='ocrx_word' id='word_1_35' title='bbox 774 452 966 494; x_wconf 87' lang='lat' dir='ltr'><strong>habebat</strong></span> <span class='ocrx_word' id='word_1_36' title='bbox 1004 455 1050 494; x_wconf 89' lang='lat' dir='ltr'><strong>et</strong></span> <span class='ocrx_word' id='word_1_37' title='bbox 1087 451 1260 508; x_wconf 88' lang='lat' dir='ltr'><strong>publice</strong></span> <span class='ocrx_word' id='word_1_38' title='bbox 1298 452 1550 495; x_wconf 76' lang='lat' dir='ltr'><strong>distributis</strong></span> 
     </span>
     <span class='ocr_line' id='line_1_6' title="bbox 23 520 1551 578; baseline -0.001 -12"><span class='ocrx_word' id='word_1_39' title='bbox 23 559 43 566; x_wconf 24' lang='lat'><strong>...⁴</strong></span> <span class='ocrx_word' id='word_1_40' title='bbox 57 538 78 573; x_wconf 89' lang='grc'><strong>5</strong></span> <span class='ocrx_word' id='word_1_41' title='bbox 96 520 232 564; x_wconf 82' lang='lat' dir='ltr'><strong>nichil</strong></span> <span class='ocrx_word' id='word_1_42' title='bbox 247 520 331 564; x_wconf 90' lang='lat' dir='ltr'><strong>sibi</strong></span> <span class='ocrx_word' id='word_1_43' title='bbox 350 520 450 578; x_wconf 89' lang='lat' dir='ltr'><strong>plus</strong></span> <span class='ocrx_word' id='word_1_44' title='bbox 469 534 602 577; x_wconf 88' lang='lat' dir='ltr'><strong>quam</strong></span> <span class='ocrx_word' id='word_1_45' title='bbox 620 521 847 577; x_wconf 88' lang='lat' dir='ltr'><strong>palliolum</strong></span> <span class='ocrx_word' id='word_1_46' title='bbox 867 521 1124 564; x_wconf 89' lang='lat' dir='ltr'><strong>reseruauit.</strong></span> <span class='ocrx_word' id='word_1_47' title='bbox 1163 520 1311 563; x_wconf 90' lang='lat' dir='ltr'><strong>Huius</strong></span> <span class='ocrx_word' id='word_1_48' title='bbox 1331 521 1551 578; x_wconf 83' lang='lat' dir='ltr'><strong>Diogenes</strong></span> 
     </span>
     <span class='ocr_line' id='line_1_7' title="bbox 94 585 1695 648; baseline 0.002 -16"><span class='ocrx_word' id='word_1_49' title='bbox 94 588 170 632; x_wconf 90' lang='lat' dir='ltr'><strong>ille</strong></span> <span class='ocrx_word' id='word_1_50' title='bbox 207 588 524 633; x_wconf 82' lang='lat' dir='ltr'><strong>famosissimus</strong></span> <span class='ocrx_word' id='word_1_51' title='bbox 561 592 751 633; x_wconf 77' lang='lat' dir='ltr'><strong>sectator</strong></span> <span class='ocrx_word' id='word_1_52' title='bbox 783 589 873 636; x_wconf 77' lang='lat' dir='ltr'><strong>fuit</strong></span> <span class='ocrx_word' id='word_1_53' title='bbox 905 590 1128 646; x_wconf 88' lang='lat' dir='ltr'><strong>potentior</strong></span> <span class='ocrx_word' id='word_1_54' title='bbox 1157 604 1259 648; x_wconf 90' lang='lat' dir='ltr'><strong>rege</strong></span> <span class='ocrx_word' id='word_1_55' title='bbox 1298 590 1551 633; x_wconf 87' lang='lat' dir='ltr'><strong>Alexandro</strong></span> <span class='ocrx_word' id='word_1_56' title='bbox 1566 585 1646 635; x_wconf 84' lang='lat'><strong>⁵83</strong></span> <span class='ocrx_word' id='word_1_57' title='bbox 1664 595 1695 624; x_wconf 73' lang='lat' dir='ltr'><strong>a</strong></span> 
     </span>
     <span class='ocr_line' id='line_1_8' title="bbox 12 648 1551 736; baseline 0.001 -36"><span class='ocrx_word' id='word_1_58' title='bbox 12 648 33 722; x_wconf 49' lang='grc' dir='ltr'><strong>ξ.</strong></span> <span class='ocrx_word' id='word_1_59' title='bbox 97 661 143 701; x_wconf 88' lang='lat' dir='ltr'><strong>et</strong></span> <span class='ocrx_word' id='word_1_60' title='bbox 179 660 365 736; x_wconf 79' lang='lat' dir='ltr'><strong>naturae</strong></span> <span class='ocrx_word' id='word_1_61' title='bbox 410 658 627 701; x_wconf 77' lang='lat' dir='ltr'><strong>humanae</strong></span> <span class='ocrx_word' id='word_1_62' title='bbox 666 658 819 702; x_wconf 87' lang='lat' dir='ltr'><strong>uictor.</strong></span> <span class='ocrx_word' id='word_1_63' title='bbox 896 657 1009 702; x_wconf 87' lang='lat' dir='ltr'><strong>Cum</strong></span> <span class='ocrx_word' id='word_1_64' title='bbox 1049 661 1198 702; x_wconf 89' lang='lat' dir='ltr'><strong>autem</strong></span> <span class='ocrx_word' id='word_1_65' title='bbox 1236 658 1551 736; x_wconf 83' lang='lat' dir='ltr'><strong>discipulorum</strong></span> 
     </span>
    </p>
   </div>
   <div class='ocr_carea' id='block_1_3' title="bbox 0 0 57 3172">
    <p class='ocr_par' dir='ltr' id='par_1_3' title="bbox 0 0 57 3172">
     <span class='ocr_line' id='line_1_9' title="bbox 0 0 57 729; baseline 0 0"><span class='ocrx_word' id='word_1_66' title='bbox 0 0 57 729; x_wconf 95' lang='lat' dir='ltr'><strong>    </strong></span> 
     </span>
     <span class='ocr_line' id='line_1_10' title="bbox 0 729 57 1527; baseline 0 0"><span class='ocrx_word' id='word_1_67' title='bbox 0 729 57 1527; x_wconf 95' lang='lat' dir='ltr'><strong>   </strong></span> 
     </span>
     <span class='ocr_line' id='line_1_11' title="bbox 0 1527 57 3172; baseline 0 -1303"><span class='ocrx_word' id='word_1_68' title='bbox 0 1527 57 3172; x_wconf 95' lang='lat' dir='ltr'><strong>    </strong></span> 
     </span>
    </p>
   </div>
   <div class='ocr_carea' id='block_1_4' title="bbox 2 811 1602 1956">
    <p class='ocr_par' dir='ltr' id='par_1_4' title="bbox 2 811 1602 1956">
     <span class='ocr_line' id='line_1_12' title="bbox 10 811 1550 927; baseline 0.001 -19"><span class='ocrx_word' id='word_1_69' title='bbox 10 811 17 927; x_wconf 53' lang='grc' dir='ltr'>Ξ</span> <span class='ocrx_word' id='word_1_70' title='bbox 34 859 38 862; x_wconf 54' lang='grc'><em>’</em></span> <span class='ocrx_word' id='word_1_71' title='bbox 59 879 82 903; x_wconf 89' lang='grc' dir='ltr'><strong>ο</strong></span> <span class='ocrx_word' id='word_1_72' title='bbox 101 865 254 908; x_wconf 87' lang='lat' dir='ltr'><strong>abiret.</strong></span> <span class='ocrx_word' id='word_1_73' title='bbox 312 864 396 909; x_wconf 90' lang='lat' dir='ltr'><strong>Cui</strong></span> <span class='ocrx_word' id='word_1_74' title='bbox 417 869 514 908; x_wconf 90' lang='lat' dir='ltr'><strong>tum</strong></span> <span class='ocrx_word' id='word_1_75' title='bbox 538 865 613 907; x_wconf 85' lang='lat' dir='ltr'><strong>ille</strong></span> <span class='ocrx_word' id='word_1_76' title='bbox 638 865 870 908; x_wconf 87' lang='lat' dir='ltr'><strong>subiecisse</strong></span> <span class='ocrx_word' id='word_1_77' title='bbox 890 868 1023 922; x_wconf 86' lang='lat' dir='ltr'><strong>caput</strong></span> <span class='ocrx_word' id='word_1_78' title='bbox 1046 864 1191 908; x_wconf 79' lang='lat' dir='ltr'><strong>fertur</strong></span> <span class='ocrx_word' id='word_1_79' title='bbox 1209 869 1343 922; x_wconf 88' lang='lat' dir='ltr'><strong>atque</strong></span> <span class='ocrx_word' id='word_1_80' title='bbox 1363 866 1550 909; x_wconf 83' lang='lat' dir='ltr'><strong>dixisse·</strong></span> 
     </span>
     <span class='ocr_line' id='line_1_13' title="bbox 98 934 1553 992; baseline 0.001 -14.943"><span class='ocrx_word' id='word_1_81' title='bbox 98 934 262 978; x_wconf 82' lang='lat' dir='ltr'><strong>Nullus</strong></span> <span class='ocrx_word' id='word_1_82' title='bbox 280 936 372 978; x_wconf 90' lang='lat' dir='ltr'><strong>tam</strong></span> <span class='ocrx_word' id='word_1_83' title='bbox 392 934 531 977; x_wconf 90' lang='lat' dir='ltr'><strong>durus</strong></span> <span class='ocrx_word' id='word_1_84' title='bbox 550 934 730 977; x_wconf 69' lang='lat' dir='ltr'><strong>baculus</strong></span> <span class='ocrx_word' id='word_1_85' title='bbox 749 934 834 977; x_wconf 88' lang='lat' dir='ltr'><strong>erit</strong></span> <span class='ocrx_word' id='word_1_86' title='bbox 849 934 924 991; x_wconf 88' lang='lat' dir='ltr'><strong>qui</strong></span> <span class='ocrx_word' id='word_1_87' title='bbox 945 949 1015 977; x_wconf 90' lang='lat' dir='ltr'><strong>me</strong></span> <span class='ocrx_word' id='word_1_88' title='bbox 1033 949 1061 977; x_wconf 89' lang='lat' dir='ltr'><strong>a</strong></span> <span class='ocrx_word' id='word_1_89' title='bbox 1079 937 1159 978; x_wconf 93' lang='lat' dir='ltr'><strong>tuo</strong></span> <span class='ocrx_word' id='word_1_90' title='bbox 1177 935 1316 992; x_wconf 88' lang='lat' dir='ltr'><strong>possit</strong></span> <span class='ocrx_word' id='word_1_91' title='bbox 1335 935 1553 978; x_wconf 88' lang='lat' dir='ltr'><strong>consortio</strong></span> 
     </span>
     <span class='ocr_line' id='line_1_14' title="bbox 8 1003 1554 1061; baseline -0.001 -14"><span class='ocrx_word' id='word_1_92' title='bbox 8 1032 13 1038; x_wconf 44' lang='grc' dir='ltr'>ι</span> <span class='ocrx_word' id='word_1_93' title='bbox 98 1017 312 1061; x_wconf 86' lang='lat' dir='ltr'><strong>separare.</strong></span> <span class='ocrx_word' id='word_1_94' title='bbox 369 1003 525 1046; x_wconf 77' lang='lat' dir='ltr'><strong>Refert</strong></span> <span class='ocrx_word' id='word_1_95' title='bbox 558 1003 743 1053; x_wconf 89' lang='lat' dir='ltr'><strong>Satirus‚</strong></span> <span class='ocrx_word' id='word_1_96' title='bbox 772 1003 849 1059; x_wconf 86' lang='lat' dir='ltr'><strong>qui</strong></span> <span class='ocrx_word' id='word_1_97' title='bbox 886 1003 1084 1046; x_wconf 89' lang='lat' dir='ltr'><strong>uirorum</strong></span> <span class='ocrx_word' id='word_1_98' title='bbox 1122 1003 1362 1046; x_wconf 76' lang='lat' dir='ltr'><strong>illustrium</strong></span> <span class='ocrx_word' id='word_1_99' title='bbox 1401 1004 1554 1047; x_wconf 86' lang='lat' dir='ltr'><strong>scribit</strong></span> 
     </span>
     <span class='ocr_line' id='line_1_15' title="bbox 8 1063 1554 1129; baseline 0 -14"><span class='ocrx_word' id='word_1_100' title='bbox 8 1063 32 1112; x_wconf 55' lang='lat' dir='ltr'><strong>&#39;J</strong></span> <span class='ocrx_word' id='word_1_101' title='bbox 98 1071 318 1122; x_wconf 80' lang='lat' dir='ltr'><strong>historias,</strong></span> <span class='ocrx_word' id='word_1_102' title='bbox 356 1072 473 1129; x_wconf 92' lang='lat' dir='ltr'><strong>quod</strong></span> <span class='ocrx_word' id='word_1_103' title='bbox 516 1072 600 1115; x_wconf 91' lang='lat' dir='ltr'><strong>iste</strong></span> <span class='ocrx_word' id='word_1_104' title='bbox 638 1071 856 1129; x_wconf 87' lang='lat' dir='ltr'><strong>Diogenes</strong></span> <span class='ocrx_word' id='word_1_105' title='bbox 904 1072 1082 1128; x_wconf 87' lang='lat' dir='ltr'><strong>palliolo</strong></span> <span class='ocrx_word' id='word_1_106' title='bbox 1129 1072 1295 1129; x_wconf 85' lang='lat' dir='ltr'><strong>duplici</strong></span> <span class='ocrx_word' id='word_1_107' title='bbox 1343 1087 1450 1116; x_wconf 88' lang='lat' dir='ltr'><strong>usus</strong></span> <span class='ocrx_word' id='word_1_108' title='bbox 1494 1073 1554 1115; x_wconf 91' lang='lat' dir='ltr'><strong>sit</strong></span> 
     </span>
     <span class='ocr_line' id='line_1_16' title="bbox 7 1140 1553 1199; baseline -0.001 -13"><span class='ocrx_word' id='word_1_109' title='bbox 7 1160 10 1186; x_wconf 60' lang='grc' dir='ltr'><em>ς</em></span> <span class='ocrx_word' id='word_1_110' title='bbox 30 1158 39 1198; x_wconf 66' lang='lat' dir='ltr'><strong>g·</strong></span> <span class='ocrx_word' id='word_1_111' title='bbox 99 1143 281 1198; x_wconf 84' lang='lat' dir='ltr'><strong>propter</strong></span> <span class='ocrx_word' id='word_1_112' title='bbox 304 1140 460 1198; x_wconf 82' lang='lat' dir='ltr'><strong>frigus,</strong></span> <span class='ocrx_word' id='word_1_113' title='bbox 479 1155 630 1198; x_wconf 89' lang='lat' dir='ltr'><strong>peram</strong></span> <span class='ocrx_word' id='word_1_114' title='bbox 655 1155 736 1198; x_wconf 92' lang='lat' dir='ltr'><strong>pro</strong></span> <span class='ocrx_word' id='word_1_115' title='bbox 761 1141 937 1184; x_wconf 88' lang='lat' dir='ltr'><strong>cellario</strong></span> <span class='ocrx_word' id='word_1_116' title='bbox 962 1141 1167 1184; x_wconf 87' lang='lat' dir='ltr'><strong>habuerit</strong></span> <span class='ocrx_word' id='word_1_117' title='bbox 1192 1156 1425 1198; x_wconf 88' lang='lat' dir='ltr'><strong>secumque</strong></span> <span class='ocrx_word' id='word_1_118' title='bbox 1454 1156 1553 1199; x_wconf 94' lang='lat' dir='ltr'><strong>por-</strong></span> 
     </span>
     <span class='ocr_line' id='line_1_17' title="bbox 8 1208 1554 1268; baseline 0.001 -15"><span class='ocrx_word' id='word_1_119' title='bbox 8 1208 82 1259; x_wconf 68' lang='lat'><strong>&#39;³5</strong></span> <span class='ocrx_word' id='word_1_120' title='bbox 101 1210 278 1260; x_wconf 87' lang='lat' dir='ltr'><strong>tauerit,</strong></span> <span class='ocrx_word' id='word_1_121' title='bbox 298 1213 344 1252; x_wconf 87' lang='lat' dir='ltr'><strong>et</strong></span> <span class='ocrx_word' id='word_1_122' title='bbox 362 1209 479 1266; x_wconf 92' lang='lat' dir='ltr'><strong>quod</strong></span> <span class='ocrx_word' id='word_1_123' title='bbox 505 1209 676 1252; x_wconf 88' lang='lat' dir='ltr'><strong>clauam</strong></span> <span class='ocrx_word' id='word_1_124' title='bbox 702 1210 883 1266; x_wconf 87' lang='lat' dir='ltr'><strong>gerebat</strong></span> <span class='ocrx_word' id='word_1_125' title='bbox 909 1210 965 1252; x_wconf 93' lang='lat' dir='ltr'><strong>ob</strong></span> <span class='ocrx_word' id='word_1_126' title='bbox 991 1211 1236 1267; x_wconf 89' lang='lat' dir='ltr'><strong>corpusculi</strong></span> <span class='ocrx_word' id='word_1_127' title='bbox 1263 1210 1554 1268; x_wconf 88' lang='lat' dir='ltr'><strong>fragilitatem</strong></span> 
     </span>
     <span class='ocr_line' id='line_1_18' title="bbox 4 1270 1555 1335; baseline 0.001 -15"><span class='ocrx_word' id='word_1_128' title='bbox 4 1270 43 1314; x_wconf 70' lang='grc' dir='ltr'>ἶ</span> <span class='ocrx_word' id='word_1_129' title='bbox 102 1292 191 1335; x_wconf 88' lang='lat' dir='ltr'><strong>qua</strong></span> <span class='ocrx_word' id='word_1_130' title='bbox 203 1278 293 1320; x_wconf 90' lang='lat' dir='ltr'><strong>iam</strong></span> <span class='ocrx_word' id='word_1_131' title='bbox 312 1293 446 1321; x_wconf 84' lang='lat' dir='ltr'><strong>senex</strong></span> <span class='ocrx_word' id='word_1_132' title='bbox 460 1278 656 1320; x_wconf 88' lang='lat' dir='ltr'><strong>membra</strong></span> <span class='ocrx_word' id='word_1_133' title='bbox 675 1281 922 1321; x_wconf 87' lang='lat' dir='ltr'><strong>sustentare</strong></span> <span class='ocrx_word' id='word_1_134' title='bbox 936 1279 1091 1322; x_wconf 87' lang='lat' dir='ltr'><strong>solitus</strong></span> <span class='ocrx_word' id='word_1_135' title='bbox 1106 1282 1213 1330; x_wconf 89' lang='lat' dir='ltr'><strong>erat,</strong></span> <span class='ocrx_word' id='word_1_136' title='bbox 1229 1282 1275 1322; x_wconf 89' lang='lat' dir='ltr'><strong>et</strong></span> <span class='ocrx_word' id='word_1_137' title='bbox 1290 1280 1555 1323; x_wconf 84' lang='lat' dir='ltr'><strong>emorathios</strong></span> 
     </span>
     <span class='ocr_line' id='line_1_19' title="bbox 4 1347 1556 1405; baseline 0.003 -18"><span class='ocrx_word' id='word_1_138' title='bbox 4 1380 17 1386; x_wconf 59' lang='lat'><em>„</em></span> <span class='ocrx_word' id='word_1_139' title='bbox 101 1347 238 1404; x_wconf 90' lang='lat' dir='ltr'><strong>uulgo</strong></span> <span class='ocrx_word' id='word_1_140' title='bbox 251 1347 311 1390; x_wconf 88' lang='lat' dir='ltr'><strong>sit</strong></span> <span class='ocrx_word' id='word_1_141' title='bbox 325 1347 571 1404; x_wconf 88' lang='lat' dir='ltr'><strong>appellatus</strong></span> <span class='ocrx_word' id='word_1_142' title='bbox 589 1347 637 1389; x_wconf 90' lang='lat' dir='ltr'><strong>in</strong></span> <span class='ocrx_word' id='word_1_143' title='bbox 655 1351 930 1404; x_wconf 87' lang='lat' dir='ltr'><strong>praesentem</strong></span> <span class='ocrx_word' id='word_1_144' title='bbox 950 1348 1103 1391; x_wconf 89' lang='lat' dir='ltr'><strong>horam</strong></span> <span class='ocrx_word' id='word_1_145' title='bbox 1123 1363 1303 1405; x_wconf 86' lang='lat' dir='ltr'><strong>poscens</strong></span> <span class='ocrx_word' id='word_1_146' title='bbox 1317 1363 1344 1391; x_wconf 93' lang='lat' dir='ltr'><strong>a</strong></span> <span class='ocrx_word' id='word_1_147' title='bbox 1359 1349 1556 1405; x_wconf 91' lang='lat' dir='ltr'><strong>quolibet</strong></span> 
     </span>
     <span class='ocr_line' id='line_1_20' title="bbox 103 1416 1556 1474; baseline 0.001 -15.871"><span class='ocrx_word' id='word_1_148' title='bbox 103 1419 149 1459; x_wconf 90' lang='lat' dir='ltr'><strong>et</strong></span> <span class='ocrx_word' id='word_1_149' title='bbox 167 1416 382 1473; x_wconf 86' lang='lat' dir='ltr'><strong>accipiens</strong></span> <span class='ocrx_word' id='word_1_150' title='bbox 396 1416 553 1459; x_wconf 88' lang='lat' dir='ltr'><strong>eibum.</strong></span> <span class='ocrx_word' id='word_1_151' title='bbox 593 1416 830 1459; x_wconf 89' lang='lat' dir='ltr'><strong>Habitauit</strong></span> <span class='ocrx_word' id='word_1_152' title='bbox 847 1420 997 1460; x_wconf 89' lang='lat' dir='ltr'><strong>autem</strong></span> <span class='ocrx_word' id='word_1_153' title='bbox 1015 1417 1063 1459; x_wconf 91' lang='lat' dir='ltr'><strong>in</strong></span> <span class='ocrx_word' id='word_1_154' title='bbox 1081 1420 1309 1474; x_wconf 87' lang='lat' dir='ltr'><strong>portarum</strong></span> <span class='ocrx_word' id='word_1_155' title='bbox 1324 1418 1556 1460; x_wconf 84' lang='lat' dir='ltr'><strong>uestibulis</strong></span> 
     </span>
     <span class='ocr_line' id='line_1_21' title="bbox 3 1480 1602 1543; baseline 0.002 -15"><span class='ocrx_word' id='word_1_156' title='bbox 3 1480 35 1499; x_wconf 81' lang='lat'><em>&#39;</em></span> <span class='ocrx_word' id='word_1_157' title='bbox 105 1487 151 1528; x_wconf 89' lang='lat' dir='ltr'><strong>et</strong></span> <span class='ocrx_word' id='word_1_158' title='bbox 183 1484 231 1527; x_wconf 93' lang='lat' dir='ltr'><strong>in</strong></span> <span class='ocrx_word' id='word_1_159' title='bbox 263 1485 504 1542; x_wconf 86' lang='lat' dir='ltr'><strong>porticibus</strong></span> <span class='ocrx_word' id='word_1_160' title='bbox 533 1485 778 1536; x_wconf 88' lang='lat' dir='ltr'><strong>ciuitatum,</strong></span> <span class='ocrx_word' id='word_1_161' title='bbox 810 1501 1121 1543; x_wconf 83' lang='lat' dir='ltr'><strong>usquequaque</strong></span> <span class='ocrx_word' id='word_1_162' title='bbox 1158 1487 1372 1543; x_wconf 82' lang='lat' dir='ltr'><strong>profitens</strong></span> <span class='ocrx_word' id='word_1_163' title='bbox 1399 1501 1555 1530; x_wconf 91' lang='lat' dir='ltr'><strong>uerum</strong></span> <span class='ocrx_word' id='word_1_164' title='bbox 1572 1493 1602 1532; x_wconf 87' lang='lat' dir='ltr'><strong>b</strong></span> 
     </span>
     <span class='ocr_line' id='line_1_22' title="bbox 35 1554 1556 1612; baseline 0.001 -15"><span class='ocrx_word' id='word_1_165' title='bbox 35 1566 91 1590; x_wconf 59' lang='lat' dir='ltr'><strong>mo</strong></span> <span class='ocrx_word' id='word_1_166' title='bbox 107 1557 153 1597; x_wconf 85' lang='lat' dir='ltr'><strong>et</strong></span> <span class='ocrx_word' id='word_1_167' title='bbox 187 1554 514 1597; x_wconf 86' lang='lat' dir='ltr'><strong>transeuntium</strong></span> <span class='ocrx_word' id='word_1_168' title='bbox 552 1554 733 1612; x_wconf 87' lang='lat' dir='ltr'><strong>abigens</strong></span> <span class='ocrx_word' id='word_1_169' title='bbox 771 1558 851 1598; x_wconf 91' lang='lat' dir='ltr'><strong>aut</strong></span> <span class='ocrx_word' id='word_1_170' title='bbox 895 1558 1055 1598; x_wconf 87' lang='lat' dir='ltr'><strong>notans</strong></span> <span class='ocrx_word' id='word_1_171' title='bbox 1097 1556 1212 1598; x_wconf 89' lang='lat' dir='ltr'><strong>uitia</strong></span> <span class='ocrx_word' id='word_1_172' title='bbox 1253 1571 1365 1612; x_wconf 86' lang='lat' dir='ltr'><strong>quae</strong></span> <span class='ocrx_word' id='word_1_173' title='bbox 1414 1570 1556 1598; x_wconf 89' lang='lat' dir='ltr'><strong>mores</strong></span> 
     </span>
     <span class='ocr_line' id='line_1_23' title="bbox 2 1622 1557 1683; baseline 0.001 -18"><span class='ocrx_word' id='word_1_174' title='bbox 2 1681 6 1683; x_wconf 11' lang='grc' dir='ltr'>μ</span> <span class='ocrx_word' id='word_1_175' title='bbox 27 1671 31 1679; x_wconf 58' lang='lat'><em>,</em></span> <span class='ocrx_word' id='word_1_176' title='bbox 105 1622 328 1666; x_wconf 73' lang='lat' dir='ltr'><strong>sedabant.</strong></span> <span class='ocrx_word' id='word_1_177' title='bbox 386 1622 585 1680; x_wconf 84' lang='lat' dir='ltr'><strong>Cumque</strong></span> <span class='ocrx_word' id='word_1_178' title='bbox 611 1638 657 1666; x_wconf 89' lang='lat' dir='ltr'><strong>se</strong></span> <span class='ocrx_word' id='word_1_179' title='bbox 682 1626 908 1680; x_wconf 90' lang='lat' dir='ltr'><strong>torqueret</strong></span> <span class='ocrx_word' id='word_1_180' title='bbox 932 1624 980 1666; x_wconf 90' lang='lat' dir='ltr'><strong>in</strong></span> <span class='ocrx_word' id='word_1_181' title='bbox 1006 1624 1133 1675; x_wconf 93' lang='lat' dir='ltr'><strong>dolio,</strong></span> <span class='ocrx_word' id='word_1_182' title='bbox 1153 1639 1199 1668; x_wconf 89' lang='lat' dir='ltr'><strong>se</strong></span> <span class='ocrx_word' id='word_1_183' title='bbox 1228 1624 1406 1667; x_wconf 90' lang='lat' dir='ltr'><strong>domum</strong></span> <span class='ocrx_word' id='word_1_184' title='bbox 1433 1625 1557 1667; x_wconf 91' lang='lat' dir='ltr'><strong>uolu-</strong></span> 
     </span>
     <span class='ocr_line' id='line_1_24' title="bbox 27 1686 1557 1750; baseline 0.001 -16"><span class='ocrx_word' id='word_1_185' title='bbox 27 1686 41 1719; x_wconf 64' lang='lat'><strong>&#39;³</strong></span> <span class='ocrx_word' id='word_1_186' title='bbox 105 1691 238 1735; x_wconf 89' lang='lat' dir='ltr'><strong>bilem</strong></span> <span class='ocrx_word' id='word_1_187' title='bbox 257 1692 417 1735; x_wconf 89' lang='lat' dir='ltr'><strong>habere</strong></span> <span class='ocrx_word' id='word_1_188' title='bbox 436 1692 664 1735; x_wconf 84' lang='lat' dir='ltr'><strong>iocabatur</strong></span> <span class='ocrx_word' id='word_1_189' title='bbox 682 1696 727 1735; x_wconf 88' lang='lat' dir='ltr'><strong>et</strong></span> <span class='ocrx_word' id='word_1_190' title='bbox 750 1707 796 1735; x_wconf 92' lang='lat' dir='ltr'><strong>se</strong></span> <span class='ocrx_word' id='word_1_191' title='bbox 815 1708 915 1735; x_wconf 86' lang='lat' dir='ltr'><strong>cum</strong></span> <span class='ocrx_word' id='word_1_192' title='bbox 940 1693 1211 1750; x_wconf 88' lang='lat' dir='ltr'><strong>temporibus</strong></span> <span class='ocrx_word' id='word_1_193' title='bbox 1236 1693 1557 1736; x_wconf 87' lang='lat' dir='ltr'><strong>immutantem.</strong></span> 
     </span>
     <span class='ocr_line' id='line_1_25' title="bbox 38 1760 1555 1818; baseline 0.001 -15"><span class='ocrx_word' id='word_1_194' title='bbox 38 1807 39 1810; x_wconf 11' lang='grc' dir='ltr'><strong>Ἴ</strong></span> <span class='ocrx_word' id='word_1_195' title='bbox 106 1760 288 1818; x_wconf 83' lang='lat' dir='ltr'><strong>Frigore</strong></span> <span class='ocrx_word' id='word_1_196' title='bbox 316 1761 433 1804; x_wconf 90' lang='lat' dir='ltr'><strong>enim</strong></span> <span class='ocrx_word' id='word_1_197' title='bbox 459 1776 508 1804; x_wconf 92' lang='lat' dir='ltr'><strong>os</strong></span> <span class='ocrx_word' id='word_1_198' title='bbox 537 1761 643 1804; x_wconf 92' lang='lat' dir='ltr'><strong>dolii</strong></span> <span class='ocrx_word' id='word_1_199' title='bbox 672 1762 875 1804; x_wconf 89' lang='lat' dir='ltr'><strong>uertebat</strong></span> <span class='ocrx_word' id='word_1_200' title='bbox 900 1762 948 1803; x_wconf 91' lang='lat' dir='ltr'><strong>in</strong></span> <span class='ocrx_word' id='word_1_201' title='bbox 973 1762 1212 1812; x_wconf 89' lang='lat' dir='ltr'><strong>meridiem,</strong></span> <span class='ocrx_word' id='word_1_202' title='bbox 1242 1764 1382 1805; x_wconf 86' lang='lat' dir='ltr'><strong>estate</strong></span> <span class='ocrx_word' id='word_1_203' title='bbox 1407 1762 1465 1804; x_wconf 86' lang='lat' dir='ltr'><strong>ad</strong></span> <span class='ocrx_word' id='word_1_204' title='bbox 1491 1777 1555 1805; x_wconf 89' lang='lat' dir='ltr'><strong>se-</strong></span> 
     </span>
     <span class='ocr_line' id='line_1_26' title="bbox 3 1829 1555 1888; baseline 0 -16"><span class='ocrx_word' id='word_1_205' title='bbox 3 1844 6 1851; x_wconf 61' lang='lat'>*</span> <span class='ocrx_word' id='word_1_206' title='bbox 105 1829 427 1886; x_wconf 88' lang='lat' dir='ltr'><strong>ptentrionem;</strong></span> <span class='ocrx_word' id='word_1_207' title='bbox 472 1832 517 1872; x_wconf 89' lang='lat' dir='ltr'><strong>et</strong></span> <span class='ocrx_word' id='word_1_208' title='bbox 550 1830 813 1887; x_wconf 89' lang='lat' dir='ltr'><strong>ubicumque</strong></span> <span class='ocrx_word' id='word_1_209' title='bbox 842 1845 888 1873; x_wconf 89' lang='lat' dir='ltr'><strong>se</strong></span> <span class='ocrx_word' id='word_1_210' title='bbox 918 1831 983 1873; x_wconf 89' lang='lat' dir='ltr'><strong>sol</strong></span> <span class='ocrx_word' id='word_1_211' title='bbox 1010 1831 1313 1882; x_wconf 84' lang='lat' dir='ltr'><strong>inclinauerat,</strong></span> <span class='ocrx_word' id='word_1_212' title='bbox 1343 1830 1555 1888; x_wconf 89' lang='lat' dir='ltr'><strong>Diogenis</strong></span> 
     </span>
     <span class='ocr_line' id='line_1_27' title="bbox 43 1898 1558 1956; baseline 0.001 -15.989"><span class='ocrx_word' id='word_1_213' title='bbox 26 1889 91 1945; x_wconf 50' lang='grc'><strong>’315</strong></span> <span class='ocrx_word' id='word_1_214' title='bbox 106 1898 238 1941; x_wconf 85' lang='lat' dir='ltr'><strong>simul</strong></span> <span class='ocrx_word' id='word_1_215' title='bbox 262 1898 532 1955; x_wconf 89' lang='lat' dir='ltr'><strong>praetorium</strong></span> <span class='ocrx_word' id='word_1_216' title='bbox 550 1899 817 1942; x_wconf 88' lang='lat' dir='ltr'><strong>uertebatur.</strong></span> <span class='ocrx_word' id='word_1_217' title='bbox 876 1899 1078 1952; x_wconf 82' lang='lat' dir='ltr'><strong>Quodam</strong></span> <span class='ocrx_word' id='word_1_218' title='bbox 1102 1913 1208 1942; x_wconf 89' lang='lat' dir='ltr'><strong>uero</strong></span> <span class='ocrx_word' id='word_1_219' title='bbox 1231 1903 1439 1956; x_wconf 85' lang='lat' dir='ltr'><strong>tempore,</strong></span> <span class='ocrx_word' id='word_1_220' title='bbox 1458 1913 1558 1942; x_wconf 88' lang='lat' dir='ltr'><strong>cum</strong></span> 
     </span>
    </p>
   </div>
   <div class='ocr_carea' id='block_1_5' title="bbox 26 2000 1558 2129">
    <p class='ocr_par' dir='ltr' id='par_1_5' title="bbox 26 2000 1558 2129">
     <span class='ocr_line' id='line_1_28' title="bbox 26 2000 1558 2070; baseline 0.001 -10"><span class='ocrx_word' id='word_1_221' title='bbox 26 2000 39 2003; x_wconf 14' lang='grc' dir='ltr'>ἰ</span> <span class='ocrx_word' id='word_1_222' title='bbox 108 2033 127 2060; x_wconf 90' lang='lat'>1</span> <span class='ocrx_word' id='word_1_223' title='bbox 154 2022 355 2060; x_wconf 72' lang='lat' dir='ltr'><strong>retoricam</strong></span> <span class='ocrx_word' id='word_1_224' title='bbox 371 2022 395 2059; x_wconf 85' lang='lat' dir='ltr'><strong>s</strong></span> <span class='ocrx_word' id='word_1_225' title='bbox 584 2033 627 2069; x_wconf 89' lang='lat'><strong>13</strong></span> <span class='ocrx_word' id='word_1_226' title='bbox 650 2024 836 2070; x_wconf 71' lang='lat' dir='ltr'><strong>hystorias</strong></span> <span class='ocrx_word' id='word_1_227' title='bbox 852 2024 925 2060; x_wconf 79' lang='grc' dir='ltr'><strong>ΒΜ</strong></span> <span class='ocrx_word' id='word_1_228' title='bbox 1039 2023 1211 2070; x_wconf 80' lang='lat' dir='ltr'><strong>dupplici</strong></span> <span class='ocrx_word' id='word_1_229' title='bbox 1224 2022 1325 2060; x_wconf 83' lang='lat' dir='ltr'><strong>ASM</strong></span> <span class='ocrx_word' id='word_1_230' title='bbox 1515 2033 1558 2068; x_wconf 90' lang='lat'><strong>17</strong></span> 
     </span>
     <span class='ocr_line' id='line_1_29' title="bbox 26 2070 712 2129; baseline 0 -22"><span class='ocrx_word' id='word_1_231' title='bbox 26 2098 40 2129; x_wconf 57' lang='lat'><em>3</em></span> <span class='ocrx_word' id='word_1_232' title='bbox 108 2070 295 2117; x_wconf 83' lang='lat' dir='ltr'><strong>apellatus</strong></span> <span class='ocrx_word' id='word_1_233' title='bbox 312 2071 338 2107; x_wconf 89' lang='lat' dir='ltr'>S</span> <span class='ocrx_word' id='word_1_234' title='bbox 476 2081 522 2115; x_wconf 86' lang='lat'><strong>24</strong></span> <span class='ocrx_word' id='word_1_235' title='bbox 546 2070 602 2107; x_wconf 89' lang='lat' dir='ltr'><strong>sol</strong></span> <span class='ocrx_word' id='word_1_236' title='bbox 617 2083 655 2108; x_wconf 88' lang='lat' dir='ltr'><strong>se</strong></span> <span class='ocrx_word' id='word_1_237' title='bbox 673 2071 712 2107; x_wconf 81' lang='lat' dir='ltr'>M</span> 
     </span>
    </p>
   </div>
   <div class='ocr_carea' id='block_1_6' title="bbox 28 2175 1562 2320">
    <p class='ocr_par' dir='ltr' id='par_1_6' title="bbox 28 2170 1562 2320">
     <span class='ocr_line' id='line_1_30' title="bbox 28 2175 1559 2226; baseline -0.001 -10"><span class='ocrx_word' id='word_1_238' title='bbox 28 2175 34 2199; x_wconf 41' lang='lat'><strong>⁵·</strong></span> <span class='ocrx_word' id='word_1_239' title='bbox 105 2181 272 2226; x_wconf 73' lang='lat' dir='ltr'><strong>pondere,</strong></span> <span class='ocrx_word' id='word_1_240' title='bbox 286 2181 401 2222; x_wconf 75' lang='lat' dir='ltr'><strong>Abite,</strong></span> <span class='ocrx_word' id='word_1_241' title='bbox 412 2181 541 2226; x_wconf 72' lang='lat' dir='ltr'><strong>inquit,</strong></span> <span class='ocrx_word' id='word_1_242' title='bbox 550 2191 691 2225; x_wconf 80' lang='lat' dir='ltr'><strong>pessum</strong></span> <span class='ocrx_word' id='word_1_243' title='bbox 702 2181 819 2215; x_wconf 83' lang='lat' dir='ltr'><strong>malae</strong></span> <span class='ocrx_word' id='word_1_244' title='bbox 832 2181 1068 2225; x_wconf 30' lang='lat' dir='ltr'><strong>cupisztates</strong></span> <span class='ocrx_word' id='word_1_245' title='bbox 1093 2190 1152 2224; x_wconf 70' lang='lat' dir='ltr'><strong>eqo</strong></span> <span class='ocrx_word' id='word_1_246' title='bbox 1168 2190 1232 2215; x_wconf 73' lang='lat' dir='ltr'><strong>uos</strong></span> <span class='ocrx_word' id='word_1_247' title='bbox 1248 2191 1415 2224; x_wconf 66' lang='lat' dir='ltr'><strong>memam,</strong></span> <span class='ocrx_word' id='word_1_248' title='bbox 1427 2191 1471 2214; x_wconf 80' lang='lat' dir='ltr'><strong>ne</strong></span> <span class='ocrx_word' id='word_1_249' title='bbox 1483 2181 1559 2224; x_wconf 75' lang='lat' dir='ltr'><strong>ipse</strong></span> 
     </span>
     <span class='ocr_line' id='line_1_31' title="bbox 38 2207 1561 2274; baseline -0.001 -12"><span class='ocrx_word' id='word_1_250' title='bbox 38 2256 41 2257; x_wconf 15' lang='grc' dir='ltr'><em>γ</em></span> <span class='ocrx_word' id='word_1_251' title='bbox 102 2238 254 2272; x_wconf 54' lang='grc' dir='ltr'><strong>Μοῖραν</strong></span> <span class='ocrx_word' id='word_1_252' title='bbox 274 2239 298 2262; x_wconf 87' lang='grc' dir='ltr'><strong><em>α</em></strong></span> <span class='ocrx_word' id='word_1_253' title='bbox 325 2207 436 2262; x_wconf 75' lang='lat' dir='ltr'><strong>uob&#39;is.</strong></span> <span class='ocrx_word' id='word_1_254' title='bbox 487 2228 586 2271; x_wconf 79' lang='lat' dir='ltr'><strong>Quod</strong></span> <span class='ocrx_word' id='word_1_255' title='bbox 608 2229 642 2262; x_wconf 76' lang='lat' dir='ltr'><strong>si</strong></span> <span class='ocrx_word' id='word_1_256' title='bbox 663 2229 744 2274; x_wconf 74' lang='lat' dir='ltr'><strong>quis</strong></span> <span class='ocrx_word' id='word_1_257' title='bbox 767 2229 948 2262; x_wconf 74' lang='lat' dir='ltr'><strong>existimat</strong></span> <span class='ocrx_word' id='word_1_258' title='bbox 972 2232 1004 2261; x_wconf 81' lang='lat' dir='ltr'><strong>et</strong></span> <span class='ocrx_word' id='word_1_259' title='bbox 1027 2227 1253 2262; x_wconf 80' lang='lat' dir='ltr'><strong>abundantia</strong></span> <span class='ocrx_word' id='word_1_260' title='bbox 1276 2227 1431 2261; x_wconf 61' lang='lat' dir='ltr'><strong>ciborum</strong></span> <span class='ocrx_word' id='word_1_261' title='bbox 1454 2229 1561 2271; x_wconf 75' lang='lat' dir='ltr'><strong>potio-</strong></span> 
     </span>
     <span class='ocr_line' id='line_1_32' title="bbox 28 2273 1562 2320; baseline -0.001 -11"><span class='ocrx_word' id='word_1_262' title='bbox 28 2273 34 2314; x_wconf 61' lang='grc' dir='ltr'>ἶ</span> <span class='ocrx_word' id='word_1_263' title='bbox 110 2285 264 2320; x_wconf 62' lang='lat' dir='ltr'><strong>”unique</strong></span> <span class='ocrx_word' id='word_1_264' title='bbox 286 2285 322 2309; x_wconf 75' lang='lat' dir='ltr'><strong>se</strong></span> <span class='ocrx_word' id='word_1_265' title='bbox 334 2275 479 2319; x_wconf 75' lang='lat' dir='ltr'><strong>perfrui</strong></span> <span class='ocrx_word' id='word_1_266' title='bbox 494 2279 666 2309; x_wconf 79' lang='lat' dir='ltr'><strong>etuacare</strong></span> <span class='ocrx_word' id='word_1_267' title='bbox 675 2286 780 2320; x_wconf 73' lang='lat' dir='ltr'><strong>posse</strong></span> <span class='ocrx_word' id='word_1_268' title='bbox 794 2276 1001 2319; x_wconf 75' lang='lat' dir='ltr'><strong>sapientiae,</strong></span> <span class='ocrx_word' id='word_1_269' title='bbox 1020 2274 1083 2309; x_wconf 82' lang='lat' dir='ltr'><strong>hoc</strong></span> <span class='ocrx_word' id='word_1_270' title='bbox 1098 2279 1156 2316; x_wconf 76' lang='lat' dir='ltr'><strong>est,</strong></span> <span class='ocrx_word' id='word_1_271' title='bbox 1169 2278 1201 2308; x_wconf 82' lang='lat' dir='ltr'><strong>et</strong></span> <span class='ocrx_word' id='word_1_272' title='bbox 1216 2275 1358 2308; x_wconf 80' lang='lat' dir='ltr'><strong>uersari</strong></span> <span class='ocrx_word' id='word_1_273' title='bbox 1368 2276 1408 2308; x_wconf 83' lang='lat' dir='ltr'><strong>in</strong></span> <span class='ocrx_word' id='word_1_274' title='bbox 1424 2275 1562 2308; x_wconf 73' lang='lat' dir='ltr'><strong>deliciis</strong></span> 
     </span>
    </p>
   </div>
   <div class='ocr_carea' id='block_1_7' title="bbox 23 2321 1560 2468">
    <p class='ocr_par' dir='ltr' id='par_1_7' title="bbox 23 2321 1560 2460">
     <span class='ocr_line' id='line_1_33' title="bbox 26 2321 1560 2366; baseline -0.001 -10"><span class='ocrx_word' id='word_1_275' title='bbox 26 2326 34 2363; x_wconf 68' lang='grc' dir='ltr'><em>ζ</em></span> <span class='ocrx_word' id='word_1_276' title='bbox 110 2325 144 2356; x_wconf 70' lang='lat' dir='ltr'><strong><em>d</em></strong></span> <span class='ocrx_word' id='word_1_277' title='bbox 161 2322 371 2357; x_wconf 63' lang='lat' dir='ltr'><strong>deliciarum</strong></span> <span class='ocrx_word' id='word_1_278' title='bbox 394 2322 498 2356; x_wconf 71' lang='lat' dir='ltr'><strong>uitiis</strong></span> <span class='ocrx_word' id='word_1_279' title='bbox 517 2332 591 2356; x_wconf 84' lang='lat' dir='ltr'><strong>non</strong></span> <span class='ocrx_word' id='word_1_280' title='bbox 612 2323 734 2363; x_wconf 73' lang='lat' dir='ltr'><strong>teneri,</strong></span> <span class='ocrx_word' id='word_1_281' title='bbox 754 2323 908 2366; x_wconf 75' lang='lat' dir='ltr'><strong>seipsum</strong></span> <span class='ocrx_word' id='word_1_282' title='bbox 930 2322 1069 2365; x_wconf 73' lang='lat' dir='ltr'><strong>decipit.</strong></span> <span class='ocrx_word' id='word_1_283' title='bbox 1213 2330 1229 2356; x_wconf 92' lang='lat'>1</span> <span class='ocrx_word' id='word_1_284' title='bbox 1255 2321 1461 2355; x_wconf 66' lang='lat' dir='ltr'><strong>Antistenes</strong></span> <span class='ocrx_word' id='word_1_285' title='bbox 1480 2332 1560 2355; x_wconf 79' lang='lat' dir='ltr'><strong>oum</strong></span> 
     </span>
     <span class='ocr_line' id='line_1_34' title="bbox 23 2366 1558 2420; baseline 0 -18"><span class='ocrx_word' id='word_1_286' title='bbox 23 2374 45 2408; x_wconf 53' lang='grc' dir='ltr'>ζ</span> <span class='ocrx_word' id='word_1_287' title='bbox 107 2368 258 2420; x_wconf 63' lang='lat' dir='ltr'><strong>alm-lox</strong></span> <span class='ocrx_word' id='word_1_288' title='bbox 269 2379 386 2412; x_wconf 87' lang='lat' dir='ltr'><strong>usque</strong></span> <span class='ocrx_word' id='word_1_289' title='bbox 396 2368 444 2403; x_wconf 83' lang='lat' dir='ltr'><strong>ad</strong></span> <span class='ocrx_word' id='word_1_290' title='bbox 450 2369 618 2414; x_wconf 79' lang='lat' dir='ltr'><strong>poculum</strong></span> <span class='ocrx_word' id='word_1_291' title='bbox 632 2368 722 2414; x_wconf 85' lang='lat'><strong>(583</strong></span> <span class='ocrx_word' id='word_1_292' title='bbox 727 2369 792 2413; x_wconf 83' lang='lat' dir='ltr'><strong>B):</strong></span> <span class='ocrx_word' id='word_1_293' title='bbox 810 2368 966 2404; x_wconf 87' lang='lat' dir='ltr'><strong>Hieron.</strong></span> <span class='ocrx_word' id='word_1_294' title='bbox 976 2370 1054 2403; x_wconf 84' lang='lat' dir='ltr'><strong>adv.</strong></span> <span class='ocrx_word' id='word_1_295' title='bbox 1062 2368 1176 2403; x_wconf 76' lang='lat' dir='ltr'><strong>Iovin.</strong></span> <span class='ocrx_word' id='word_1_296' title='bbox 1186 2366 1226 2402; x_wconf 88' lang='grc' dir='ltr'><strong>ιι.</strong></span> <span class='ocrx_word' id='word_1_297' title='bbox 1241 2366 1440 2412; x_wconf 83' lang='lat' dir='ltr'><strong>14(Migne</strong></span> <span class='ocrx_word' id='word_1_298' title='bbox 1456 2368 1496 2402; x_wconf 89' lang='lat' dir='ltr'><strong>P.</strong></span> <span class='ocrx_word' id='word_1_299' title='bbox 1512 2368 1558 2403; x_wconf 89' lang='lat' dir='ltr'><strong>L.</strong></span> 
     </span>
     <span class='ocr_line' id='line_1_35' title="bbox 37 2412 1559 2468; baseline 0 -19"><span class='ocrx_word' id='word_1_300' title='bbox 37 2442 41 2458; x_wconf 53' lang='lat'><em>5</em></span> <span class='ocrx_word' id='word_1_301' title='bbox 66 2426 69 2429; x_wconf 91' lang='lat'>·</span> <span class='ocrx_word' id='word_1_302' title='bbox 111 2412 217 2450; x_wconf 86' lang='lat' dir='ltr'><strong>xxiii.</strong></span> <span class='ocrx_word' id='word_1_303' title='bbox 234 2425 313 2460; x_wconf 85' lang='lat'>304,</span> <span class='ocrx_word' id='word_1_304' title='bbox 330 2414 429 2460; x_wconf 84' lang='lat'><strong>305).</strong></span> <span class='ocrx_word' id='word_1_305' title='bbox 530 2422 549 2460; x_wconf 87' lang='grc'><strong>5</strong></span> <span class='ocrx_word' id='word_1_306' title='bbox 570 2416 678 2460; x_wconf 74' lang='lat' dir='ltr'><strong>plsus</strong></span> <span class='ocrx_word' id='word_1_307' title='bbox 694 2417 854 2460; x_wconf 76' lang='lat' dir='ltr'><strong>amplius</strong></span> <span class='ocrx_word' id='word_1_308' title='bbox 870 2414 1027 2468; x_wconf 62' lang='lat' dir='ltr'><strong>Hieron.</strong></span> <span class='ocrx_word' id='word_1_309' title='bbox 1124 2424 1162 2450; x_wconf 89' lang='lat'><strong>11</strong></span> <span class='ocrx_word' id='word_1_310' title='bbox 1184 2416 1375 2450; x_wconf 71' lang='lat' dir='ltr'><strong>consortio:</strong></span> <span class='ocrx_word' id='word_1_311' title='bbox 1397 2415 1559 2467; x_wconf 76' lang='lat' dir='ltr'><strong>obsequio</strong></span> 
     </span>
    </p>
   </div>
   <div class='ocr_carea' id='block_1_8' title="bbox 26 2460 1562 2749">
    <p class='ocr_par' dir='ltr' id='par_1_8' title="bbox 14 2460 1559 2647">
     <span class='ocr_line' id='line_1_36' title="bbox 35 2460 1559 2515; baseline -0.001 -19"><span class='ocrx_word' id='word_1_312' title='bbox 35 2488 41 2493; x_wconf 66' lang='lat'><em>„</em></span> <span class='ocrx_word' id='word_1_313' title='bbox 110 2460 263 2497; x_wconf 85' lang='lat' dir='ltr'><strong>Hieron.</strong></span> <span class='ocrx_word' id='word_1_314' title='bbox 361 2471 402 2496; x_wconf 87' lang='lat'><strong>12</strong></span> <span class='ocrx_word' id='word_1_315' title='bbox 426 2462 587 2497; x_wconf 74' lang='lat' dir='ltr'><strong>Satirus·</strong></span> <span class='ocrx_word' id='word_1_316' title='bbox 609 2461 731 2498; x_wconf 72' lang='lat' dir='ltr'><strong>male*</strong></span> <span class='ocrx_word' id='word_1_317' title='bbox 721 2474 762 2497; x_wconf 88' lang='lat' dir='ltr'><strong>m</strong></span> <span class='ocrx_word' id='word_1_318' title='bbox 773 2461 945 2515; x_wconf 85' lang='lat' dir='ltr'><strong>margine</strong></span> <span class='ocrx_word' id='word_1_319' title='bbox 957 2460 1182 2507; x_wconf 83' lang='lat' dir='ltr'><strong>exemplaris</strong></span> <span class='ocrx_word' id='word_1_320' title='bbox 1194 2460 1251 2496; x_wconf 88' lang='lat' dir='ltr'><strong>sui</strong></span> <span class='ocrx_word' id='word_1_321' title='bbox 1264 2460 1427 2496; x_wconf 86' lang='lat' dir='ltr'><strong>coniecit</strong></span> <span class='ocrx_word' id='word_1_322' title='bbox 1438 2460 1559 2496; x_wconf 86' lang='lat' dir='ltr'><strong>Mark-</strong></span> 
     </span>
     <span class='ocr_line' id='line_1_37' title="bbox 26 2506 1559 2556; baseline 0.001 -14"><span class='ocrx_word' id='word_1_323' title='bbox 26 2512 38 2556; x_wconf 58' lang='lat' dir='ltr'>J</span> <span class='ocrx_word' id='word_1_324' title='bbox 111 2506 248 2543; x_wconf 80' lang='lat' dir='ltr'><strong>landus</strong></span> <span class='ocrx_word' id='word_1_325' title='bbox 263 2508 450 2551; x_wconf 48' lang='lat' dir='ltr'><strong>Lam-trum</strong></span> <span class='ocrx_word' id='word_1_326' title='bbox 475 2519 564 2544; x_wconf 88' lang='lat' dir='ltr'><strong>nam</strong></span> <span class='ocrx_word' id='word_1_327' title='bbox 580 2507 673 2545; x_wconf 84' lang='lat' dir='ltr'><strong>haec</strong></span> <span class='ocrx_word' id='word_1_328' title='bbox 690 2508 817 2544; x_wconf 87' lang='lat' dir='ltr'><strong>omnia</strong></span> <span class='ocrx_word' id='word_1_329' title='bbox 832 2520 881 2544; x_wconf 85' lang='lat' dir='ltr'><strong>ex</strong></span> <span class='ocrx_word' id='word_1_330' title='bbox 897 2507 1127 2554; x_wconf 79' lang='lat' dir='ltr'><strong>Hieronymo</strong></span> <span class='ocrx_word' id='word_1_331' title='bbox 1141 2508 1337 2553; x_wconf 86' lang='lat' dir='ltr'><strong>desumpta</strong></span> <span class='ocrx_word' id='word_1_332' title='bbox 1353 2509 1453 2543; x_wconf 87' lang='lat' dir='ltr'><strong>sunt.</strong></span> <span class='ocrx_word' id='word_1_333' title='bbox 1502 2506 1559 2544; x_wconf 89' lang='lat' dir='ltr'><strong>De</strong></span> 
     </span>
     <span class='ocr_line' id='line_1_38' title="bbox 111 2536 1559 2600; baseline 0.001 -10.937"><span class='ocrx_word' id='word_1_334' title='bbox 111 2553 185 2590; x_wconf 83' lang='lat' dir='ltr'><strong>hoc</strong></span> <span class='ocrx_word' id='word_1_335' title='bbox 206 2554 339 2599; x_wconf 78' lang='lat' dir='ltr'><strong>Satyro</strong></span> <span class='ocrx_word' id='word_1_336' title='bbox 360 2567 392 2590; x_wconf 88' lang='lat' dir='ltr'><strong>v.</strong></span> <span class='ocrx_word' id='word_1_337' title='bbox 405 2536 583 2590; x_wconf 79' lang='lat' dir='ltr'><strong>V&#39;ossium</strong></span> <span class='ocrx_word' id='word_1_338' title='bbox 604 2557 647 2590; x_wconf 75' lang='lat' dir='ltr'><strong>de</strong></span> <span class='ocrx_word' id='word_1_339' title='bbox 666 2557 860 2592; x_wconf 69' lang='lat' dir='ltr'><strong>Historicis</strong></span> <span class='ocrx_word' id='word_1_340' title='bbox 885 2555 1031 2590; x_wconf 54' lang='lat' dir='ltr'><strong>Graecas</strong></span> <span class='ocrx_word' id='word_1_341' title='bbox 1053 2555 1110 2592; x_wconf 88' lang='lat' dir='ltr'><strong>ed.</strong></span> <span class='ocrx_word' id='word_1_342' title='bbox 1127 2555 1401 2591; x_wconf 87' lang='lat' dir='ltr'><strong>Westermann.</strong></span> <span class='ocrx_word' id='word_1_343' title='bbox 1422 2566 1457 2600; x_wconf 93' lang='lat' dir='ltr'><strong>p.</strong></span> <span class='ocrx_word' id='word_1_344' title='bbox 1477 2563 1559 2600; x_wconf 87' lang='grc'><strong>495.</strong></span> 
     </span>
     <span class='ocr_line' id='line_1_39' title="bbox 31 2600 1559 2647; baseline 0 -11"><span class='ocrx_word' id='word_1_345' title='bbox 31 2616 41 2630; x_wconf 48' lang='grc' dir='ltr'><strong>κ</strong></span> <span class='ocrx_word' id='word_1_346' title='bbox 117 2602 160 2637; x_wconf 91' lang='lat'><strong>16</strong></span> <span class='ocrx_word' id='word_1_347' title='bbox 183 2602 412 2637; x_wconf 72' lang='lat' dir='ltr'><strong>emorathios:</strong></span> <span class='ocrx_word' id='word_1_348' title='bbox 449 2600 473 2636; x_wconf 92' lang='lat' dir='ltr'><strong>i.</strong></span> <span class='ocrx_word' id='word_1_349' title='bbox 484 2612 514 2637; x_wconf 87' lang='lat' dir='ltr'><strong>e.</strong></span> <span class='ocrx_word' id='word_1_350' title='bbox 539 2601 642 2647; x_wconf 78' lang='grc' dir='ltr'>ἡμερο</span> <span class='ocrx_word' id='word_1_351' title='bbox 624 2604 730 2642; x_wconf 75' lang='grc' dir='ltr'>όβιος.</span> <span class='ocrx_word' id='word_1_352' title='bbox 902 2611 945 2647; x_wconf 78' lang='grc'><strong>25</strong></span> <span class='ocrx_word' id='word_1_353' title='bbox 986 2603 1146 2645; x_wconf 78' lang='lat' dir='ltr'><strong>Quodam</strong></span> <span class='ocrx_word' id='word_1_354' title='bbox 1170 2613 1254 2637; x_wconf 83' lang='lat' dir='ltr'><strong>uero</strong></span> <span class='ocrx_word' id='word_1_355' title='bbox 1282 2607 1434 2647; x_wconf 82' lang='lat' dir='ltr'><strong>tempore</strong></span> <span class='ocrx_word' id='word_1_356' title='bbox 1468 2602 1559 2637; x_wconf 87' lang='lat' dir='ltr'><strong>etc.:</strong></span> 
     </span>
    </p>

    <p class='ocr_par' dir='ltr' id='par_1_9' title="bbox 29 2646 1562 2742">
     <span class='ocr_line' id='line_1_40' title="bbox 29 2646 1562 2693; baseline 0 -11"><span class='ocrx_word' id='word_1_357' title='bbox 29 2650 58 2688; x_wconf 17' lang='lat' dir='ltr'><strong>&#39;v</strong></span> <span class='ocrx_word' id='word_1_358' title='bbox 115 2646 223 2684; x_wconf 87' lang='lat' dir='ltr'><strong>Hanc</strong></span> <span class='ocrx_word' id='word_1_359' title='bbox 253 2647 300 2684; x_wconf 86' lang='lat' dir='ltr'><strong>de</strong></span> <span class='ocrx_word' id='word_1_360' title='bbox 326 2647 496 2693; x_wconf 85' lang='lat' dir='ltr'><strong>Diogene</strong></span> <span class='ocrx_word' id='word_1_361' title='bbox 520 2647 718 2684; x_wconf 82' lang='lat' dir='ltr'><strong>historiam</strong></span> <span class='ocrx_word' id='word_1_362' title='bbox 743 2659 789 2685; x_wconf 85' lang='lat' dir='ltr'><strong>ex</strong></span> <span class='ocrx_word' id='word_1_363' title='bbox 816 2648 1046 2693; x_wconf 83' lang='lat' dir='ltr'><strong>Hieronymo</strong></span> <span class='ocrx_word' id='word_1_364' title='bbox 1070 2648 1166 2684; x_wconf 86' lang='lat' dir='ltr'><strong>citat</strong></span> <span class='ocrx_word' id='word_1_365' title='bbox 1190 2647 1306 2684; x_wconf 87' lang='lat' dir='ltr'><strong>etiam</strong></span> <span class='ocrx_word' id='word_1_366' title='bbox 1328 2647 1562 2684; x_wconf 87' lang='lat' dir='ltr'><strong>Abaelardus</strong></span> 
     </span>
     <span class='ocr_line' id='line_1_41' title="bbox 112 2692 1562 2749; baseline -0.001 -20"><span class='ocrx_word' id='word_1_367' title='bbox 112 2692 156 2729; x_wconf 90' lang='lat' dir='ltr'><strong>in</strong></span> <span class='ocrx_word' id='word_1_368' title='bbox 179 2695 344 2749; x_wconf 64' lang='lat' dir='ltr'><strong>Sermone</strong></span> <span class='ocrx_word' id='word_1_369' title='bbox 364 2697 407 2730; x_wconf 77' lang='lat' dir='ltr'><strong>de</strong></span> <span class='ocrx_word' id='word_1_370' title='bbox 424 2696 461 2731; x_wconf 86' lang='lat' dir='ltr'><strong>S.</strong></span> <span class='ocrx_word' id='word_1_371' title='bbox 476 2696 614 2732; x_wconf 78' lang='lat' dir='ltr'><strong>Ioanne</strong></span> <span class='ocrx_word' id='word_1_372' title='bbox 636 2697 804 2742; x_wconf 75' lang='lat' dir='ltr'><strong>Baptista</strong></span> <span class='ocrx_word' id='word_1_373' title='bbox 828 2698 867 2733; x_wconf 86' lang='lat' dir='ltr'><strong>et</strong></span> <span class='ocrx_word' id='word_1_374' title='bbox 887 2695 928 2732; x_wconf 87' lang='grc' dir='ltr'><strong>ιιι</strong></span> <span class='ocrx_word' id='word_1_375' title='bbox 947 2696 1064 2732; x_wconf 77' lang='lat' dir='ltr'><strong>Theol.</strong></span> <span class='ocrx_word' id='word_1_376' title='bbox 1092 2697 1301 2732; x_wconf 48' lang='lat' dir='ltr'><strong>Christiana</strong></span> <span class='ocrx_word' id='word_1_377' title='bbox 1328 2695 1402 2742; x_wconf 89' lang='lat' dir='ltr'><strong>(ed.</strong></span> <span class='ocrx_word' id='word_1_378' title='bbox 1425 2693 1562 2729; x_wconf 85' lang='lat' dir='ltr'><strong>Cousin</strong></span> 
     </span>
    </p>
   </div>
   <div class='ocr_carea' id='block_1_9' title="bbox 38 2740 1453 2853">
    <p class='ocr_par' dir='ltr' id='par_1_10' title="bbox 38 2740 1453 2853">
     <span class='ocr_line' id='line_1_42' title="bbox 38 2740 422 2788; baseline 0 0"><span class='ocrx_word' id='word_1_379' title='bbox 38 2759 42 2782; x_wconf 74' lang='lat' dir='ltr'><strong>r</strong></span> <span class='ocrx_word' id='word_1_380' title='bbox 114 2740 140 2777; x_wconf 90' lang='lat' dir='ltr'><strong>i.</strong></span> <span class='ocrx_word' id='word_1_381' title='bbox 155 2742 242 2788; x_wconf 88' lang='grc'>576·</span> <span class='ocrx_word' id='word_1_382' title='bbox 267 2741 308 2778; x_wconf 86' lang='lat' dir='ltr'><strong>ii·</strong></span> <span class='ocrx_word' id='word_1_383' title='bbox 326 2741 422 2788; x_wconf 85' lang='lat'><strong>424)-</strong></span> 
     </span>
     <span class='ocr_line' id='line_1_43' title="bbox 1387 2820 1453 2853; baseline -0.015 0"><span class='ocrx_word' id='word_1_384' title='bbox 1387 2820 1453 2853; x_wconf 80' lang='lat'><strong>359</strong></span> 
     </span>
    </p>
   </div>
  </div>
 </body>
</html>
