1878 3172
131 111 230 191 '406
249 150 280 180 a
624 135 884 180 IOANNIS
925 134 1436 179 SARESBERIENSIS
1613 134 1726 195 [LIB.
1744 145 1763 178 1

296 258 588 301 ioculatorum
618 271 748 300 scena
776 255 986 313 procedit.
1046 255 1245 308 Quorum
1274 254 1384 298 adeo
1412 269 1534 298 error
1557 254 1762 306 inualuit,

295 330 349 369 ut
368 342 396 369 a
414 326 651 384 praeclaris
671 326 874 368 domibus
894 340 983 368 non
1011 328 1257 375 arceantur,
1277 324 1413 367 etiam
1432 324 1499 367 illi
1519 324 1596 381 qui
1615 325 1762 368 obsce-

296 396 367 438 nis
386 395 590 452 partibus
610 395 803 452 corporis
833 395 971 437 oculis
1001 394 1199 436 omnium
1220 408 1317 436 eam
1337 393 1547 451 ingerunt
1567 393 1760 451 turpitu-

297 465 458 517 dinem,
480 479 612 521 quam
637 464 865 507 erubescat
884 463 1035 506 uidere
1055 463 1127 505 uel
1147 463 1325 506 cinicus.
1387 463 1602 520 Quodque
1620 463 1764 520 magis

297 534 467 584 mirere,
497 548 576 576 nec
606 537 713 576 tunc
750 533 982 584 eiciuntur,
1010 532 1187 588 quando
1221 532 1547 575 tumultuantes
1575 531 1763 576 inferius
1781 548 1802 582 5

296 603 449 646 crebro
481 603 630 645 sonitu
662 616 807 644 aerem
839 601 1006 651 sedant,
1034 604 1079 643 et
1113 601 1307 658 turpiter
1336 601 1555 644 inclusum
1586 601 1764 659 turpius

249 674 279 712 b
298 672 504 729 produnt.
579 671 810 727 Numquid
843 671 927 712 tibi
958 670 1139 712 uidetur
1177 670 1364 727 sapiens,
1399 670 1476 727 qui
1510 670 1658 714 oculos
1691 670 1765 713 uel

297 756 426 784 aures
455 741 554 784 istis
585 740 831 797 expandit?
891 740 1001 792 Quis
1028 743 1178 782 tamen
1202 740 1392 782 libenter
1421 754 1510 782 non
1536 739 1689 782 uideat
1718 742 1765 782 et

297 810 453 862 rideat,
493 825 593 853 cum
633 809 984 866 praestigiatoris
1023 809 1132 852 lotio
1171 808 1341 866 perfusi
1384 823 1457 852 ars
1495 809 1678 860 deletur,
1717 812 1764 852 et

297 880 447 932 oculis,
483 894 592 936 quos
630 879 803 921 malitia
843 894 923 921 sua
962 878 1323 935 praestrinxerat,
1355 878 1538 921 uidendi
1572 878 1763 922 facultas
1785 891 1827 915 10

298 949 561 1005 reparaturZ
639 948 885 990 Iocundum
932 948 1109 1005 quidem
1150 951 1218 991 est
1257 950 1302 990 et
1341 947 1398 990 ab
1441 948 1627 990 honesto
1672 962 1763 991 non

298 1018 464 1061 recedit
490 1017 638 1059 uirum
664 1017 852 1073 probum
874 1017 1136 1074 quandoque
1165 1017 1364 1060 modesta
1393 1017 1620 1060 hilaritate
1650 1017 1763 1060 mul-

298 1087 399 1139 ceri,
421 1086 497 1129 sed
517 1085 858 1143 ignominiosum
880 1090 947 1129 est
966 1087 1235 1144 grauitatem
1256 1086 1557 1130 huiuscemodi
1579 1086 1763 1129 lasciuia

300 1156 557 1212 frequenter
576 1155 749 1198 resolui.
808 1155 879 1198 Ab
899 1155 997 1198 istis
1018 1170 1191 1212 quoque
1213 1156 1472 1212 spectaculis
1497 1158 1542 1198 et
1566 1155 1760 1198 maxime

299 1226 357 1268 ab
387 1225 585 1268 obscenis
621 1225 795 1267 honesti
830 1225 918 1266 uiri
954 1225 1168 1267 arcendus
1198 1228 1266 1267 est
1295 1225 1458 1276 oculus,
1487 1239 1543 1267 ne
1575 1225 1760 1267 inconti-
1784 1238 1824 1274 15

299 1295 453 1337 nentia
473 1294 567 1337 eius
585 1294 747 1336 mentis
768 1308 941 1350 quoque
961 1294 1284 1350 impudicitiam
1306 1294 1514 1338 fateatur.
1575 1293 1763 1351 Egregie

301 1363 517 1419 siquidem
553 1362 813 1418 Sophoclem
849 1364 1097 1418 praetorem
1134 1362 1300 1419 collega
1335 1362 1521 1406 Pericles
1559 1377 1763 1419 arguens,

258 1447 282 1475 c
300 1433 390 1474 ait:
436 1431 574 1474 Decet
603 1434 862 1487 praetorem,
893 1430 1118 1487 Sophocle,
1147 1446 1237 1474 non
1266 1431 1396 1474 modo
1422 1446 1580 1474 manus
1610 1431 1686 1474 sed
1717 1434 1763 1475 et

299 1501 447 1544 oculos
482 1501 643 1542 habere
675 1500 962 1543 continentes.
1035 1499 1214 1552 Auerte,
1244 1500 1392 1557 inquit
1430 1501 1573 1551 homo,
1601 1501 1674 1543 cui
1705 1500 1760 1544 de

300 1570 425 1626 regni
437 1569 668 1611 maiestate
683 1569 825 1611 multa
840 1569 1043 1621 licebant,
1057 1569 1204 1613 oculos
1215 1584 1346 1622 meos,
1361 1584 1416 1612 ne
1431 1570 1615 1612 uideant
1634 1570 1759 1612 uani—
1782 1582 1826 1606 πο

299 1642 465 1681 tatem:
506 1638 646 1680 sciens
684 1638 839 1694 utique
878 1653 1034 1680 uerum
1069 1653 1161 1681 esse
1197 1638 1314 1695 quod
1353 1639 1466 1681 alius
1497 1638 1762 1696 ingemiscit,

300 1708 405 1764 quia
424 1707 576 1750 oculus
596 1721 719 1749 meus
748 1707 1041 1763 depraedatus
1061 1710 1128 1750 est
1148 1708 1341 1750 animam
1365 1722 1521 1752 meam.
1579 1708 1764 1750 Verum-

301 1780 451 1819 tamen
477 1775 584 1832 quid
611 1776 658 1817 in
688 1776 875 1833 singulis
901 1777 1042 1833 prosit
1068 1777 1140 1819 uel
1168 1777 1330 1827 deceat,
1351 1777 1525 1819 animus
1550 1777 1764 1834 sapientis

302 1845 510 1895 aduertit,
542 1859 622 1887 nec
657 1845 864 1902 apologos
896 1845 1065 1903 refugit
1099 1849 1179 1889 aut
1209 1846 1485 1888 narrationes
1515 1848 1595 1888 aut
1629 1861 1763 1902 quae-

300 1929 487 1971 cumque
522 1915 781 1971 spectacula,
816 1915 923 1957 dum
961 1916 1145 1959 uirtutis
1185 1919 1265 1958 aut
1303 1916 1512 1958 honestae
1550 1915 1763 1958 utilitatis
1782 1929 1824 1964 25

301 1985 495 2026 habeant
515 1984 871 2027 instrumentum.
931 1985 1091 2028 Sacrae
1121 1985 1298 2042 quidem
1326 1984 1644 2028 communionis
1662 1994 1784 2042 grae·

302 2054 412 2096 tiam
433 2052 723 2096 histrionibus
748 2057 793 2096 et
816 2054 976 2106 mimis,
997 2055 1102 2096 dum
1123 2055 1171 2096 in
1195 2054 1368 2097 malitia
1391 2057 1687 2111 perseuerant,
1709 2069 1765 2097 ex

302 2122 566 2164 auctoritate
597 2125 776 2178 patrum
812 2137 901 2165 non
936 2123 1124 2180 ambigis
1157 2137 1249 2166 esse
1284 2123 1569 2179 praeclusam.
1636 2122 1765 2166 Vnde

302 2191 409 2247 quid
449 2191 700 2233 fautoribus
732 2205 883 2234 eorum
919 2192 1149 2235 immineat
1179 2192 1360 2249 colligis,
1395 2191 1433 2234 si
1468 2191 1680 2234 facientes
1720 2194 1766 2234 et

302 2328 323 2362 3
350 2318 515 2363 corporis
531 2318 702 2363 partibus
719 2317 753 2352 A
871 2327 891 2362 7
917 2317 1097 2364 Nunquid
1114 2318 1154 2353 M
1276 2328 1318 2354 12
1342 2315 1547 2364 hylaritate
1565 2315 1605 2351 M
1720 2325 1762 2361 17

302 2365 450 2410 pericles
467 2365 570 2400 OBM
680 2376 719 2401 21
750 2364 894 2401 sciebat
910 2365 940 2401 P
1040 2376 1083 2401 22
1109 2366 1405 2412 Verumptamen
1421 2364 1476 2400 A:
1501 2364 1764 2401 Veruntamen

302 2411 343 2446 M
486 2423 532 2458 29
557 2412 789 2448 sanctoribus
806 2412 864 2447 AS

354 2534 395 2569 17
421 2527 623 2571 Sophoclem
640 2528 709 2562 etc.
726 2540 733 2561 ε
761 2539 791 2561 v.
811 2525 886 2562 Cic.
904 2529 946 2562 de
966 2528 1032 2571 Off.
1051 2525 1075 2561 i.
1095 2537 1153 2571 40.
1356 2535 1398 2570 19
1422 2526 1557 2560 Auerte
1572 2525 1672 2561 etc.:
1700 2524 1760 2561 ΡΒ.

304 2572 427 2608 cxviii.
448 2582 503 2617 37.
674 2584 719 2608 20
743 2576 861 2609 oculos
877 2586 971 2609 meos
987 2576 1083 2610 etc.:
1109 2573 1244 2609 Thren.
1262 2571 1316 2608 iii.
1337 2580 1392 2617 51.
1559 2573 1604 2607 26
1629 2572 1762 2608 Sacrae

305 2622 401 2654 etc.:
445 2621 578 2655 Decret.
615 2620 683 2657 III.
718 2621 763 2657 de
797 2632 962 2657 consecr.
995 2621 1083 2657 dist.
1113 2631 1146 2662 2,
1176 2632 1207 2656 c.
1242 2628 1284 2665 95
1317 2618 1406 2654 ‘Pro
1439 2617 1666 2655 dilectione'
1687 2619 1761 2664 (ed.

304 2666 517 2710 Friedberg.
557 2667 581 2702 i.
622 2671 724 2713 1352)
758 2668 1075 2703 6001151110111111111.
1095 2694 1128 2703 ..
1149 2679 1198 2702 an
1230 2665 1372 2702 talibus
1403 2677 1509 2701 sacra
1543 2665 1760 2702 communio

303 2725 389 2749 cum
416 2713 549 2749 ceteris
575 2714 800 2750 Christianis
826 2715 962 2752 debeat
988 2715 1092 2751 dari’
1119 2718 1180 2760 (ex
1206 2713 1315 2760 Cypr.
1341 2712 1407 2749 lib.
1432 2712 1457 2748 i.
1484 2724 1543 2759 ep.
1573 2713 1630 2758 10)
1658 2712 1761 2750 Ivon.

303 2760 456 2796 Carnot.
478 2763 611 2796 Decret.
629 2761 667 2796 ii.
687 2772 741 2806 31.

411 2832 456 2874 48
