1878 3172
123 174 222 207 car.
237 161 370 222 xxm]
637 161 1072 206 POLICRATICVS
1596 172 1683 213 459
1701 175 1731 203 ιι

123 281 399 326 fortitudinis
438 297 560 325 meae
607 284 652 325 et
690 282 738 324 in
776 282 919 339 gloria
957 281 1148 324 nominis
1186 282 1306 325 mei?
1364 281 1438 325 Sic
1476 296 1581 339 ergo

123 351 326 394 elationis
355 365 462 395 uoce
495 351 543 393 in
574 351 765 408 seipsum
799 351 888 393 iam
919 350 1164 407 fugientem
1198 350 1281 392 Dei
1316 350 1581 394 sententiam

123 420 358 464 reuocauit.

45 549 50 554 ·
124 532 230 590 Cap.
252 534 319 577 26.
351 532 477 586 Quod
498 532 718 576 sententia
735 532 820 575 Dei
838 532 1015 575 moueri
1029 536 1177 588 potest,
1198 533 1316 589 quod
1340 533 1582 577 consilium

87 623 105 655 5
236 602 322 646 Dei
350 601 635 645 immutabile
660 605 733 653 est,
763 605 802 644 et
827 601 1044 645 uoluntas
1069 601 1155 644 Dei
1176 602 1339 658 prima
1368 603 1582 646 omnium

237 686 387 722 causa,
406 675 444 714 et
464 671 584 727 quod
602 670 808 714 mtkesis
827 670 913 714 ww
932 670 1282 727 dampnationis
1301 675 1372 715 est.

181 756 294 800 Cum
333 757 483 813 itaque
522 756 809 799 immutabilis
843 756 927 799 Dei
966 757 1105 813 possit
1142 757 1311 800 moueri
1349 757 1581 808 sententia,

122 826 365 868 errantium
400 829 445 868 et
479 825 819 868 discurrentium
853 825 1046 867 siderum
1085 840 1227 868 sermo
1265 826 1463 869 manebit
1500 826 1581 868 im-

122 894 325 937 mobilis?
378 893 466 936 Sed
496 908 767 950 quocumque
797 894 926 936 modo
954 894 1175 937 sententia
1207 898 1450 946 moueatur,
1480 910 1581 938 con-

65 984 107 1007 10
122 963 271 1006 silium
306 963 486 1005 Domini
521 966 671 1005 manet
706 962 754 1004 in
788 965 1000 1005 eternum.
1060 963 1189 1015 Quod
1226 967 1376 1007 autem
1409 964 1581 1007 consilii

123 1034 168 1074 et
206 1031 450 1074 uoluntatis
488 1030 572 1073 Dei
611 1031 787 1087 signum
837 1031 999 1074 certius
1042 1035 1109 1074 est
1153 1032 1458 1089 praeceptione
1500 1036 1581 1075 aut

121 1099 417 1156 prohibitione
446 1099 628 1142 diuina?
687 1099 760 1141 An
788 1114 878 1142 non
907 1103 1024 1143 recte
1057 1100 1284 1143 uidebitur
1317 1101 1430 1144 uelle
1462 1101 1580 1158 quod
1598 1102 1626 1140 b

119 1169 363 1226 praecipit?
422 1168 555 1211 Plane
584 1168 880 1225 patriarcham
918 1169 1141 1226 praecepit
1171 1170 1450 1226 unigenitum
1480 1184 1580 1226 pro-

120 1237 340 1280 missionis
369 1237 510 1279 fflium
542 1237 781 1281 immolare.
839 1237 1029 1280 Rectene
1063 1238 1316 1294 patriarcha
1350 1238 1582 1282 mandanti

65 1326 103 1359 ¹5
121 1305 378 1363 adquieuit?
437 1306 572 1349 Recte
600 1306 776 1362 quidem
802 1320 881 1362 per
907 1306 1067 1357 omnia,
1094 1321 1145 1349 eo
1175 1307 1291 1363 quod
1320 1307 1581 1350 mandatum

120 1375 376 1425 uoluntatis,
397 1389 508 1431 quae
534 1371 679 1432 prima
697 1374 893 1417 omnium
919 1389 1051 1417 causa
1071 1378 1138 1418 est
1164 1379 1210 1418 et
1235 1390 1476 1432 numquam
1501 1390 1581 1418 suo

58 1455 65 1460 ·
120 1442 357 1486 fraudatur
379 1444 547 1494 effectu,
573 1443 865 1486 certissimum
889 1443 1100 1486 indicium
1130 1444 1200 1487 sit.
1259 1444 1384 1487 Adeo
1403 1445 1581 1501 quidem

120 1512 264 1568 prima
291 1515 369 1564 est,
388 1514 440 1554 ut
466 1512 504 1554 si
532 1514 772 1568 quaeratur
795 1512 849 1554 de
876 1512 1034 1568 aliquo,
1056 1527 1134 1555 cur
1159 1514 1225 1556 ita
1250 1514 1321 1564 sit,
1341 1514 1582 1557 rectissime

121 1580 307 1631 dicatur,
341 1580 548 1636 quoniam
588 1580 662 1623 ille
696 1580 758 1623 sic
791 1580 947 1631 uoluit,
982 1581 1058 1637 qui
1098 1582 1247 1624 omnia
1282 1597 1581 1639 quaecumque

0 1639 2 1683 ἶ
64 1667 106 1690 20
121 1649 277 1700 uoluit,
292 1648 409 1692 fecit.
453 1648 503 1691 Si
519 1663 624 1692 uero
639 1663 718 1692 cur
732 1649 924 1692 uoluerit
938 1649 1200 1706 inquiratur,
1215 1651 1367 1708 inepta
1381 1652 1581 1708 quaestio

0 1712 1 1715 ¹
121 1720 199 1768 est,
253 1718 358 1774 quia
405 1717 573 1774 primae
626 1732 792 1768 causae,
835 1718 1082 1761 uoluntatis
1130 1720 1306 1771 scilicet,
1351 1721 1581 1776 quaeritur

119 1800 263 1836 causa,
291 1785 416 1829 cuius
444 1786 569 1828 nulla
597 1790 664 1829 est
693 1787 872 1830 omnino
902 1802 1045 1831 causa.
1108 1788 1323 1844 Equidem
1351 1789 1438 1832 dici
1467 1790 1579 1832 solet

120 1857 166 1897 et
191 1869 347 1897 uerum
374 1858 453 1906 est,
484 1854 588 1911 quia
614 1855 661 1896 in
688 1870 823 1897 manu
846 1856 1058 1912 principis
1086 1860 1154 1899 est
1179 1861 1231 1900 ut
1260 1858 1399 1914 possit
1425 1858 1578 1901 mitius
1596 1870 1621 1899 c

0 1948 10 1975 μ
120 1923 315 1965 iudicare
341 1937 474 1979 quam
502 1923 631 1980 leges,
660 1938 760 1966 cum
792 1927 838 1966 et
869 1924 945 1980 qui
979 1925 1121 1982 legem
1156 1926 1273 1976 tulit,
1302 1926 1579 1984 derogandae

0 1980 5 2010 ²
62 2012 79 2034 2
84 2012 102 2044 5
120 1991 193 2034 uel
216 1991 494 2048 abrogandae
519 1991 639 2034 illius
664 1992 826 2034 habeat
846 1996 1121 2048 potestatem.
1180 1994 1287 2051 Legi
1308 2009 1424 2052 ergo,
1446 2009 1579 2051 quam

0 2067 4 2074 ”
122 2059 306 2125 Figulus
346 2064 450 2101 tuus
488 2059 580 2102 celo
614 2059 813 2116 imponit,
853 2063 1007 2103 auctor
1045 2061 1134 2103 celi-
1158 2063 1455 2106 contradicere
1489 2078 1579 2106 non

119 2128 330 2171 audebit?
399 2127 714 2184 Interpositam
761 2128 878 2171 inter
923 2129 992 2172 ius
1036 2133 1083 2172 et
1128 2131 1396 2187 aequitatem
1442 2132 1578 2175 inter-

118 2196 412 2253 pretationem
432 2196 512 2238 soli
532 2196 721 2252 principi
742 2199 787 2239 et
810 2201 984 2254 oportet
1008 2201 1053 2241 et
1078 2198 1182 2241 licet
1207 2199 1431 2256 inspicere.
1489 2201 1578 2243 Vbi

119 2313 144 2347 4
166 2301 369 2340 concilium
386 2301 411 2338 S
428 2304 469 2338 in
485 2304 583 2356 rubr:
602 2305 813 2385 cap-&raes-
956 2313 974 2350 5
1002 2305 1270 2358 commutabile
1288 2305 1313 2342 S
1328 2308 1369 2342 in
1385 2307 1481 2344 rubr.
1498 2320 1577 2354 cap.

115 2351 237 2396 praef.
377 2351 400 2386 6
424 2350 666 2395 dapnauoms
852 2361 895 2388 21
915 2363 1094 2396 quomam
1111 2353 1150 2387 M

167 2451 190 2485 4
217 2442 316 2484 Quod
330 2443 505 2477 sententia
521 2443 592 2478 etc.
608 2454 616 2477 :
641 2441 696 2477 De
713 2443 856 2478 consilii
871 2442 946 2478 sive
962 2445 1206 2489 dispositionis
1221 2447 1487 2490 sententiaeque
1505 2445 1574 2483 Dei

120 2486 336 2523 discrimine
366 2488 413 2525 cf.
447 2488 625 2524 Nostrum
656 2490 752 2534 Epp.
785 2491 843 2534 96,
873 2499 949 2534 137,
981 2492 1067 2536 1853
1098 2502 1130 2526 v.
1166 2490 1277 2538 Greg.
1308 2494 1401 2529 Mor.
1428 2492 1502 2529 xvi.
1533 2504 1577 2530 10

147 2545 235 2569 uam
261 2535 356 2570 citat
379 2534 604 2571 Abailardus
626 2537 709 2571 Eth.
734 2547 765 2572 c.
792 2546 834 2582 14
858 2536 928 2579 (ed.
956 2535 1093 2573 cousin
1117 2537 1157 2573 ii.
1182 2550 1220 2584 p.
1246 2539 1353 2584 617);
1383 2540 1432 2575 cf.
1458 2539 1576 2576 etiam

156 2591 233 2627 reg.
249 2583 342 2617 Mor.
359 2581 432 2618 xvi.
453 2592 507 2627 12,
524 2582 638 2625 1112,
657 2586 695 2618 et
713 2582 758 2618 de
774 2585 916 2618 consilii
931 2583 1244 2622 immutabilitate
1260 2585 1355 2632 Aug.
1377 2588 1477 2633 Conf.
1497 2587 1522 2623 i.
1538 2599 1572 2632 4,

121 2629 166 2662 de
195 2629 268 2664 Cio.
293 2630 374 2672 Dei,
402 2640 436 2664 x,
470 2639 511 2665 12
540 2631 766 2670 (sententiam
788 2631 918 2666 tamen
945 2636 1020 2666 tam
1038 2634 1161 2676 fixam
1188 2645 1295 2679 quam
1318 2638 1450 2669 certam
1471 2647 1576 2680 prae·

122 2676 308 2710 seientiam
325 2686 404 2711 esse
420 2675 516 2712 dicit
531 2676 629 2722 Aug.
648 2678 691 2712 de
711 2678 782 2712 Civ.
798 2678 879 2721 Dei,
895 2689 930 2713 x.
950 2688 1004 2713 12.
1152 2689 1193 2723 13
1214 2682 1466 2725 patriarcham
1481 2684 1575 2717 etc.:

123 2731 155 2755 v.
172 2720 264 2758 Gen.
281 2721 353 2757 xvi.
467 2733 509 2768 19
532 2725 654 2759 omnia
669 2735 904 2771 quaecumque
919 2726 990 2761 etc.
1008 2737 1016 2760 :
1037 2724 1096 2763 Ps.
1114 2737 1214 2763 cxm.
1234 2737 1287 2764 11.
1399 2737 1455 2772 27.
1480 2730 1577 2764 inter

123 2768 182 2803 ius
198 2770 293 2806 eta:
317 2768 404 2805 Cod.
424 2769 618 2806 Iustinian.
637 2769 661 2807 i.
682 2781 725 2814 14
742 2769 760 2816 ξ
783 2780 812 2806 1.

1406 2855 1467 2889 Ῑ39
