1878 3172
82 150 303 228 mam]
589 164 1022 212 PomoRA‘movs
1556 166 1640 217 508
1660 177 1690 206 a

86 289 204 340 tulit,
233 289 337 333 licet
366 288 623 346 plerumque
655 286 1064 344 impatientissimus
1102 284 1251 335 fuerit,
1284 287 1330 328 et
1367 287 1539 342 patrem

85 357 201 401 sicut
225 358 394 401 uirtute
411 357 477 400 ita
494 357 619 400 uitiis
641 358 880 413 superaret.
940 355 1095 397 Eidem
1119 368 1291 411 quoque
1318 353 1542 411 eleganter

7 419 25 474 ἶ
85 428 132 469 et
164 439 268 469 uere
300 425 635 482 comprehensus
668 425 815 482 pirata
844 424 1051 467 scribitur
1083 422 1367 479 respondisse.
1427 420 1541 465 Cum
1557 420 1587 459 b

6 478 21 549 ἶ,
67 494 204 538 'enim
229 495 482 538 Alexander
506 494 798 551 interrogaret
824 492 931 549 quid
957 491 997 534 ei
1023 491 1252 534 uideretur
1280 490 1397 547 quod
1420 505 1542 534 mare

11 568 22 602 ἶ·
46 575 70 612 5
84 563 268 606 haberet
290 562 514 613 infestum,
534 562 608 605 ille
634 561 773 604 libera
795 560 1091 604 contumacia:
1121 559 1250 613 Quod
1269 559 1365 610 tibi,
1384 559 1543 615 inquit,

7 637 20 693 ζ’
84 634 139 675 ut
157 635 209 675 tu
228 631 377 675 orbem
393 634 610 675 terrarum
625 633 647 674 ’ἐ
686 630 786 681 Sed,
806 630 911 686 quia
929 629 975 672 id
995 644 1076 686 ego
1102 643 1192 671 uno
1214 628 1395 685 nauigio
1414 627 1542 679 facio,

7 694 21 719 '³
85 699 200 743 latro
228 714 383 753 uocor3
421 700 526 757 quia
550 703 603 742 tu
628 713 791 756 magna
817 698 965 748 classe,
993 697 1151 741 diceris
1179 697 1432 754 imperator.
1491 696 1542 740 Si

85 769 204 812 solus
243 772 289 812 et
321 771 477 826 captus
509 769 570 812 sit
602 767 865 817 Alexander,
895 766 1011 809 latro
1048 766 1160 818 erit;
1207 765 1246 808 si
1285 765 1342 808 ad
1381 768 1542 808 nutum

85 837 267 880 Dionidi
290 837 441 895 populi
465 837 749 888 famulentur,
770 836 855 879 erit
880 835 1092 878 Dionides
1115 835 1364 891 imperator.
1423 834 1542 876 Nam

7 918 72 944 ³¹0
87 906 204 962 quod
237 906 295 949 ad
327 921 503 950 causam
530 920 620 948 non
648 905 870 957 differunt,
899 904 985 947 nisi
1015 904 1119 960 quia
1147 903 1339 946 deterior
1367 906 1435 946 est
1465 903 1541 959 qui

85 975 205 1032 rapit
232 975 484 1032 improbius,
510 974 586 1031 qui
613 973 830 1017 iustitiam
859 973 1071 1016 abiectius
1097 972 1270 1022 deserit,
1297 972 1373 1028 qui
1399 973 1541 1014 mani-

8 1085 10 1090 ,
85 1042 243 1086 festius
257 1043 490 1100 impugnat
503 1042 633 1099 leges.
671 1041 792 1094 Quas
806 1041 922 1084 enim
935 1055 1016 1098 ego
1031 1040 1167 1098 fugio,
1178 1043 1231 1083 tu
1245 1040 1517 1097 persequeris
1530 1054 1540 1092 ;

10 1147 16 1155 .
85 1126 166 1170 ego
199 1115 436 1168 utcumque
469 1126 664 1162 ueneror,
695 1114 748 1153 tu
778 1110 1060 1167 contempnis.
1118 1110 1190 1152 Me
1221 1108 1426 1152 fortunae
1454 1109 1538 1151 ini-

88 1181 236 1238 quitas
262 1184 308 1224 et
336 1181 400 1223 rei
427 1180 659 1222 familiaris
684 1179 902 1237 angustia,
931 1181 976 1221 te
1002 1178 1146 1221 fastus
1174 1178 1464 1221 intolerabilis
1493 1181 1539 1221 et

27 1259 71 1297 τε
86 1249 362 1307 inexplebilis
385 1249 576 1292 auaritia
594 1248 739 1291 furem
759 1248 878 1291 facit.
937 1247 986 1291 Si
1006 1247 1188 1290 fortuna
1205 1250 1538 1298 mansuesceret,

7 1312 22 1316 ff
85 1319 235 1362 fierem
265 1318 381 1361 forte
411 1318 565 1361 melior
577 1331 587 1370 ;
625 1320 675 1360 at
704 1320 757 1360 tu
791 1331 878 1373 quo
918 1315 1197 1366 fortunatior,
1226 1315 1411 1372 nequior
1439 1316 1536 1359 eris.

8 1389 15 1421 Γ
84 1387 273 1430 Miratus
286 1387 539 1430 Alexander
552 1386 845 1430 constantiam
859 1385 1048 1428 hominis
1064 1399 1164 1428 eum
1178 1385 1336 1427 merito
1351 1399 1535 1441 arguen—
1553 1399 1579 1429 c

13 1455 30 1506 ἐζ·
83 1456 167 1500 tis:
201 1456 426 1514 Experiar,
455 1455 611 1512 inquit,
641 1470 699 1497 an
728 1454 907 1497 futurus
941 1454 1001 1496 sis
1030 1453 1196 1504 melior,
1225 1453 1537 1509 fortunamque

55 1567 58 1570 ,
83 1525 276 1576 mutabo,
294 1528 347 1569 ut
366 1540 454 1569 non
474 1525 514 1568 ei
533 1540 561 1567 a
586 1524 715 1567 modo
742 1523 859 1580 quod
882 1523 1117 1580 deliqueris
1136 1522 1213 1565 sed
1231 1523 1323 1566 tuis
1342 1523 1539 1566 moribus

7 1590 69 1639 ἕω
85 1594 370 1638 adscribatur.
447 1594 561 1636 Eum
603 1594 753 1650 itaque
801 1593 931 1635 iussit
981 1592 1195 1636 conscribi
1242 1592 1439 1644 militiae,
1484 1596 1538 1635 ut

16 1643 35 1732 Ξ
83 1666 231 1720 posset
257 1663 414 1706 exinde
433 1663 568 1706 saluis
587 1662 756 1720 legibus
775 1662 976 1704 militare.
1035 1661 1123 1704 Sed
1142 1676 1198 1703 ne
1218 1675 1245 1704 a
1264 1661 1368 1703 solis
1386 1661 1536 1704 Grecis

10 1722 34 1749 Ἀ
82 1735 337 1775 mutuemur
363 1732 656 1774 instrumenta
684 1731 916 1773 uirtutum.
977 1729 1123 1786 Scipio
1148 1730 1409 1780 Affricanus,
1435 1745 1535 1773 cum

31 1792 33 1795 ’
83 1814 184 1843 eum
214 1815 371 1857 parum
404 1814 646 1857 pugnacem
685 1799 863 1856 quidam
903 1801 1160 1856 arguerent:
1205 1799 1535 1855 Imperatorem,

30 1895 34 1929 :-
83 1868 240 1925 inquit,
263 1884 334 1912 me
358 1872 501 1911 mater
524 1868 708 1925 peperit,
730 1882 820 1910 non
842 1867 1110 1909 bellatorem.
1168 1867 1336 1909 Marius
1363 1882 1535 1923 quoque

11 1931 68 1991 ἐκ
83 1951 184 1981 cum
195 1952 295 1980 eum
310 1937 564 1980 Theutonus
579 1936 756 1992 quidam
772 1936 828 1978 ad
842 1950 1016 1992 pugnae
1030 1938 1251 1978 certamen
1265 1939 1535 1992 prouocaret‚

12 1990 30 2045 22³,
82 2006 318 2063 respondit,
349 2005 387 2048 si
417 2005 601 2061 cupidus
632 2004 786 2047 mortis
818 2007 941 2054 esset,
975 2017 1021 2046 se
1053 2004 1194 2046 uitam
1225 2003 1381 2059 laqueo
1410 2018 1535 2060 posse

81 2075 240 2126 finisse,
279 2077 325 2117 et
362 2074 603 2130 sapientem
642 2087 731 2115 non
769 2076 861 2115 tam
899 2087 1094 2128 pugnam
1133 2086 1264 2128 quam
1302 2072 1535 2114 uictoriam

83 2158 302 2200 quaerere.
371 2143 543 2184 Primus
581 2142 877 2184 Romanorum
930 2141 1169 2197 imperator
1212 2140 1353 2183 Iulius
1399 2140 1535 2183 Cesar

82 2227 215 2269 quam
237 2211 555 2269 patientissime
579 2209 721 2252 multa
745 2209 969 2252 sustinuit.
1027 2208 1140 2252 Cum
1164 2209 1280 2251 enim
1304 2209 1532 2252 caluitium
1548 2210 1578 2250 d

82 2345 126 2374 21
152 2335 268 2382 possit
283 2335 317 2371 A

130 2460 152 2486 2
174 2452 304 2504 Eidem
321 2451 413 2485 etc:
437 2460 469 2484 v.
487 2448 582 2494 Aug.
598 2449 640 2483 de
660 2448 696 2484 C.
716 2448 762 2483 D.
782 2446 828 2482 iv.
848 2456 870 2490 4
878 2459 890 2502 ἓ
916 2445 962 2482 cf.
978 2444 1054 2481 Cic.
1073 2447 1115 2481 de
1131 2447 1217 2491 Rep.
1236 2444 1350 2492 ii1.13
1369 2446 1387 2493 ξ
1407 2457 1474 2492 24;
1498 2461 1531 2485 v.

82 2494 659 2596 gfflffaegucggegfigaillbstgigk
686 2540 812 2576 forsan
824 2498 1090 2593 ζιιῖἔρῖιέἳὲἴὲθ
1111 2492 1531 2592 ρηὲῗιῗὶιειὲῒιῗιιιὲῗῖἒοέῗ

82 2589 322 2636 Augustinus,
339 2600 385 2626 ex
401 2589 592 2625 Ciceronis
608 2590 650 2623 de
666 2589 858 2633 Republica
875 2586 983 2628 hbro,
1001 2586 1066 2621 ubl
1079 2585 1200 2623 Nomo
1217 2589 1369 2623 auctore
1385 2589 1530 2625 factum

83 2634 197 2673 fuisse
212 2638 405 2672 narratum
421 2634 598 2680 novimus,
615 2633 800 2680 excerpsit
817 2633 975 2669 Ioannes
987 2635 1123 2669 noster.
1229 2644 1273 2669 22
1298 2636 1418 2680 Scipio
1436 2639 1506 2672 ete.
1521 2650 1530 2672 :

84 2693 117 2718 v.
131 2683 300 2719 Frontin.
316 2685 425 2719 Strat.
443 2682 492 2718 iv.
510 2692 530 2726 7
550 2681 567 2728 ξ
587 2691 620 2726 4.
732 2691 777 2725 24
801 2682 946 2715 Marius
961 2682 1032 2716 etc.
1049 2692 1057 2715 :
1081 2692 1113 2715 v.
1128 2680 1298 2717 Frontin.
1316 2683 1426 2718 Strat.
1444 2683 1491 2719 iv.
1508 2692 1529 2728 7

87 2727 106 2775 ξ
126 2738 157 2776 5.
298 2739 342 2774 27
368 2735 400 2766 et
415 2731 609 2775 sapientem
626 2729 719 2765 etc.:
744 2727 844 2762 haud
863 2737 909 2764 ex
924 2726 1116 2763 Frontino.
1257 2724 1310 2774 29'
1329 2729 1419 2765 Cum
1436 2732 1531 2766 em’m

86 2778 178 2813 eta:
202 2788 235 2813 v.
253 2775 356 2813 Suet.
371 2778 445 2812 Iul.
463 2784 519 2822 45.

150 2846 231 2866 vm
754 2840 781 2868 G
808 2841 836 2879 g
1354 2844 1419 2879 2¹5
