1878 3172
19 128 31 175 5
94 173 192 206 cn».
206 159 299 222 vu]
324 186 327 188 -
604 158 1036 204 POLICRATICVS
1559 157 1637 219 ⁵2⁸
1657 158 1687 198 b

93 280 255 323 mentis
302 278 552 323 faciendum
598 292 796 336 agnosce.
869 277 940 320 Ad
987 276 1295 334 philosophum
1337 275 1544 326 Taurum,

93 349 294 392 Athenas
305 348 476 391 uisendi
491 347 860 405 cognoscendique
871 346 964 389 eius
978 346 1136 403 gratia,
1147 348 1366 388 uenerunt
1379 345 1546 402 pariter

95 416 254 461 Cretae
291 417 543 475 prouinciae
587 429 761 472 praeses
806 417 852 458 et
896 417 1024 472 pater
1068 415 1164 457 eius
1208 414 1284 457 sed
1329 415 1543 471 priuatus.

74 484 268 529 'Taurus
314 486 595 529 uenientibus
642 484 811 541 placide
857 483 1111 533 assurrexit,
1149 483 1396 539 reseditque
1443 485 1544 539 post

58 572 78 606 5
95 557 297 597 mutuam
322 554 644 597 salutationem.
701 553 852 595 Allata
881 555 948 595 est
972 566 1077 594 mox
1102 566 1193 594 una
1216 551 1333 601 sella,
1358 566 1470 607 quae
1495 551 1545 593 in

94 626 273 680 promtu
318 626 424 673 erat,
463 626 509 666 et
552 622 659 664 dum
697 621 808 664 aliae
854 621 1170 678 promebantur
1219 620 1421 677 apposita
1466 623 1545 664 est.

94 690 318 734 Inuitauit
351 706 456 749 ergo
489 692 660 734 Taurus
697 693 869 747 patrem
907 689 1120 746 praesidis
1149 691 1203 731 ut
1239 689 1422 732 sederet.
1481 689 1546 731 At

93 759 191 803 ille:
221 760 382 803 Sedeat
400 760 471 803 hic
490 760 638 817 potius
664 759 739 815 qui
765 758 916 816 populi
941 757 1127 801 Romani
1152 758 1440 815 magistratus
1466 760 1543 800 est.

94 828 273 885 Absque
309 828 575 886 praeiudicio
609 833 673 879 tu,
703 828 852 885 inquit
883 828 1065 877 Taurus,
1096 826 1266 870 interea
1299 826 1412 877 sede,
1437 825 1542 868 dum
1561 839 1587 868 c

36 916 79 941 10
93 897 382 954 conspicimus
396 897 730 954 quaerimusque
746 897 850 952 quid
863 896 1107 947 conueniat,
1121 899 1222 939 tene
1233 896 1381 953 potius
1395 895 1544 938 sedere

94 966 171 1022 qui
185 970 312 1023 pater
325 981 382 1017 es,
396 981 455 1009 an
469 967 610 1008 filium
622 966 698 1022 qui
713 965 828 1022 gerit
843 965 1028 1008 Romani
1043 965 1193 1022 populi
1208 964 1544 1022 magistratum?

94 1033 208 1078 Oum
233 1038 360 1092 pater
386 1035 628 1084 assedisset,
648 1034 983 1091 appositumque
1010 1037 1123 1076 esset
1146 1033 1267 1076 aliud
1289 1033 1393 1083 filio,
1412 1047 1544 1090 super

93 1117 146 1145 ea
183 1118 231 1146 re
269 1103 439 1146 Taurus
472 1103 553 1154 his,
592 1103 667 1159 qui
710 1106 1016 1153 conuenerant,
1053 1102 1238 1145 uerbum
1283 1102 1400 1152 fecit,
1442 1117 1543 1145 cum

93 1186 265 1214 summa
278 1172 394 1224 boni,
409 1172 548 1229 aequi,
563 1171 777 1214 honorum
793 1174 925 1228 atque
940 1171 1179 1214 officiorum
1197 1171 1542 1228 perpensatione.

11 1290 14 1292 ,
34 1253 76 1288 15
94 1239 257 1283 Eorum
274 1240 507 1283 uerborum
527 1240 746 1283 sententia
765 1240 871 1282 haec
891 1239 984 1282 fere
1003 1239 1103 1284 fuit.
1161 1239 1217 1283 In
1232 1240 1418 1296 publicis
1437 1240 1543 1283 locis

92 1311 226 1365 atque
258 1309 512 1352 muneribus
543 1311 721 1365 patrum
750 1309 850 1351 iura
877 1323 977 1351 cum
1002 1309 1204 1360 filiorum,
1224 1309 1301 1365 qui
1330 1309 1377 1351 in
1403 1310 1541 1366 magi-

91 1380 237 1420 stratu
262 1381 342 1421 aut
366 1378 659 1435 potestatibus
679 1380 785 1420 sunt
810 1377 981 1429 collata,
1001 1378 1336 1434 interquiescere
1359 1379 1541 1434 paulum

3 1463 9 1468 ·
92 1448 138 1489 et
165 1446 379 1490 coniuere.
431 1446 518 1490 Sed
543 1461 643 1490 cum
669 1450 797 1489 extra
821 1461 913 1488 rem
938 1446 1158 1503 publicam
1184 1446 1232 1488 in
1257 1446 1542 1490 domesticare

93 1517 226 1572 atque
254 1515 351 1558 uita
374 1515 588 1565 sedeatur,
608 1515 869 1565 ambuletur,
888 1515 936 1556 in
965 1515 1169 1558 conuiuio
1199 1530 1370 1571 quoque
1399 1515 1541 1559 discu-

0 1569 3 1634 ᾗ
33 1598 76 1631 20
91 1583 270 1626 mbatur
297 1582 519 1634 familiari,
538 1587 645 1627 tunc
668 1584 784 1626 inter
806 1584 947 1626 filium
970 1584 1279 1641 magistratum
1299 1587 1345 1627 et
1369 1588 1541 1641 patrem
1557 1593 1587 1632 d

0 1647 2 1661 ²
90 1651 315 1709 priuatum
344 1653 540 1709 publicos
574 1653 759 1695 honores
793 1667 971 1704 cessare,
1002 1653 1227 1696 naturales
1256 1656 1301 1696 et
1329 1654 1543 1711 genuinos

14 1767 15 1773 ¹
91 1720 264 1764 exoriri.
322 1721 419 1764 Hoc
450 1736 565 1778 ergo,
595 1721 742 1778 inquit
780 1722 963 1772 Taurus,
997 1722 1113 1778 quod
1148 1722 1204 1764 ad
1242 1736 1312 1765 me
1346 1723 1543 1773 uenistis‚

92 1789 210 1846 quod
237 1803 354 1832 nunc
380 1789 613 1846 loquimur,
640 1790 756 1846 quod
785 1790 839 1832 de
868 1790 1019 1833 officiis
1048 1791 1343 1842 dissertamus,
1366 1792 1544 1848 priuata

7 1850 10 1853 ’
93 1857 209 1900 actio
229 1860 308 1900 est.
358 1857 514 1914 Itaque
530 1861 581 1900 tu
600 1861 727 1914 pater
745 1861 868 1902 utere
888 1859 958 1901 his
976 1859 1215 1902 honoribus
1233 1860 1368 1916 prius,
1383 1861 1543 1916 quibus

35 1943 77 1978 25
95 1939 267 1982 quoque
304 1926 422 1968 domi
460 1929 633 1969 uestrae
671 1930 716 1969 te
754 1927 822 1969 uti
860 1927 1051 1983 priorem
1090 1928 1223 1971 decet.
1301 1928 1422 1971 Haec
1462 1943 1543 1985 ego

11 2011 17 2015 ’
93 1993 428 2050 magistratibus
442 1995 705 2051 generaliter
723 1995 1025 2051 persuadenda
1040 1996 1242 2046 arbitror,
1261 2000 1313 2039 ut
1332 1997 1379 2038 in
1400 1997 1542 2052 splen-

93 2062 198 2104 dore
224 2062 422 2118 publicae
446 2063 677 2119 dignitatis
700 2078 912 2105 memores
935 2064 1026 2105 sint
1048 2064 1250 2120 propriae
1269 2065 1543 2116 conditionis,

93 2133 140 2173 et
173 2131 235 2173 sic
268 2130 502 2173 attendant
535 2131 736 2188 propriae
770 2131 1032 2174 conditionis
1051 2128 1239 2183 statum,
1268 2136 1320 2175 ut
1351 2148 1440 2175 non
1469 2134 1543 2176 de-

93 2201 332 2241 uenustent
350 2199 550 2255 publicae
570 2199 800 2256 dignitatis
819 2200 1029 2256 gradum3
1057 2200 1118 2243 sic
1139 2201 1272 2243 etiam
1292 2201 1439 2243 collati
1459 2202 1543 2244 sibi

35 2283 79 2317 30
94 2267 272 2310 honoris
295 2267 596 2324 integritatem
622 2271 779 2318 seruet,
798 2271 851 2310 ut
877 2268 1062 2311 aliorum
1089 2283 1178 2310 non
1204 2269 1377 2311 minuat
1400 2270 1543 2326 digni-

92 2337 258 2387 tatem3
287 2338 332 2378 et
356 2335 417 2379 sic
436 2335 613 2392 priuata
637 2336 820 2392 quisque
842 2336 1006 2393 polleat
1031 2336 1260 2393 dignitate,
1279 2340 1332 2380 ut
1355 2352 1444 2380 non
1463 2338 1544 2381 fiat

92 2403 255 2446 iniuria
277 2403 476 2460 publicae
495 2404 714 2460 potestati.

96 2532 112 2559 1
125 2522 412 2605 ffilosophum
428 2523 490 2577 M·
656 2533 679 2567 4
703 2522 851 2568 placide
866 2522 1105 2559 uenientibus
1121 2522 1155 2558 A
1293 2570 1302 2578 ·
1317 2525 1340 2561 6
1363 2528 1543 2572 promptu

93 2569 125 2604 B
189 2616 197 2623 ¹
340 2580 363 2624 9
386 2571 511 2615 mquit
526 2572 660 2606 taurus
676 2572 724 2650 {g
737 2569 802 2605 SM
868 2627 882 2652 Ι
942 2580 984 2654 1181
1010 2570 1354 2653 ppplgluilffigpffi
1498 2583 1539 2618 17

90 2618 476 2710 Ξὲᾅῗζὲξέἳέεὲἷὲῗ
493 2616 676 2710 ἵξὶἲηῗὲ
803 2673 823 2699 2
828 2672 846 2709 s
872 2625 1000 2700 dtmui
1016 2629 1089 2698 ΜΡ
1497 2631 1541 2657 ²²

144 2779 161 2807 1
187 2772 248 2807 Aa
258 2773 509 2818 philosophum
525 2798 535 2810 .
554 2799 563 2809 .
583 2799 591 2808 .
610 2773 703 2809 decet
721 2771 803 2819 (528
814 2771 882 2818 D):
907 2784 940 2809 v.
959 2771 1057 2810 Gen.
1076 2772 1116 2811 ii.
1133 2783 1155 2810 2
1174 2772 1215 2821 ἕξ
1238 2784 1337 2812 1-10.

537 2852 541 2856 ·
1367 2844 1428 2879 261
