1878 3172
129 181 211 220 432
230 174 261 210 'a
604 168 864 212 IOANNIS
905 148 1418 212 SARESBERIENSIS
1573 165 1684 228 [LIB.
1699 171 1739 211 11

275 289 453 332 omnino
485 303 627 331 uanae
662 290 777 338 sunt,
808 290 853 330 et
887 287 935 329 in
969 287 1203 343 postremis
1237 287 1363 343 quasi
1394 286 1562 330 uisibili
1596 287 1739 344 specie

274 358 440 401 ueritas
460 358 599 400 menti
620 357 821 409 occurrit,
842 357 1043 406 mediam,
1065 370 1177 412 quae
1197 356 1368 412 corpori
1388 356 1593 400 ueritatis
1612 356 1739 413 quasi

274 427 424 470 uelum
444 428 688 484 figurarum
709 425 935 483 oppandit,
957 425 1215 482 diligentius
1236 425 1483 482 exequitur.

275 632 380 690 Cap.
400 635 463 675 16.
496 631 737 676 Gamo-aloia
757 631 982 687 quaedam
999 630 1052 672 de
1071 628 1493 686 siynfficationibus,
1511 633 1610 674 tam
1627 643 1740 674 som-⁶

555 701 756 751 morum,
777 714 918 756 quam
948 699 1151 743 aliorum
1167 699 1463 755 fiyuralium.
1759 730 1778 763 5

333 814 414 857 Est
448 815 598 871 itaque
629 816 722 856 tam
763 813 820 855 ad
855 813 1268 870 interpretationem
1303 813 1573 856 somniorum
1607 828 1741 870 quam

213 938 215 941 .
275 884 332 926 ad
362 884 675 926 reuelationem
705 883 978 939 enigmatum
1014 885 1060 924 et
1092 882 1337 939 figurarum
1367 882 1567 925 sollerter
1595 886 1741 926 atten-

275 952 419 994 denda
439 967 585 994 rerum
612 951 887 1008 significatio,
908 966 1020 1007 quae
1047 954 1174 993 tanto
1201 951 1489 1008 multiplicior
1514 954 1582 994 est
1609 967 1742 1008 quam

228 1031 257 1069 b
274 1036 444 1072 uocum,
461 1024 627 1077 quanto
643 1021 700 1063 ab
715 1020 921 1077 operibus
941 1022 1127 1062 naturae
1147 1034 1280 1076 opera
1299 1020 1541 1063 uincuntur
1560 1020 1743 1063 artificis
1865 1076 1869 1079 Α

274 1090 493 1132 imitantis
512 1092 730 1131 naturam.
791 1089 839 1131 Si
869 1089 967 1145 quis
994 1089 1111 1131 enim
1139 1103 1281 1131 sermo
1307 1091 1398 1132 tres
1425 1092 1505 1132 aut
1531 1092 1744 1146 quattuor
1762 1110 1803 1133 10

275 1159 409 1201 habet
429 1159 783 1216 significationes,
805 1158 958 1201 statim
978 1158 1211 1214 polixenus
1232 1161 1310 1208 est,
1330 1158 1378 1200 id
1401 1161 1480 1209 est,
1499 1159 1743 1201 multarum

274 1228 657 1285 significationum.
739 1227 894 1270 Omnis
943 1241 1050 1269 uero
1099 1242 1169 1269 res
1215 1230 1323 1283 quot
1371 1227 1508 1270 habet
1553 1227 1742 1270 aliarum
1868 1219 1878 1267 2}

275 1297 598 1348 similitudines,
618 1299 688 1339 tot
711 1296 828 1353 gerit
848 1296 1100 1338 earumdem
1120 1296 1479 1353 significationes;
1508 1297 1574 1339 ita
1593 1299 1743 1339 tamen
1866 1288 1878 1303 ⁷

275 1370 328 1409 ut
357 1367 499 1409 maior
527 1380 770 1422 numquam
798 1365 982 1407 minoris
1011 1365 1071 1407 sit
1101 1365 1290 1421 signum.
1350 1364 1489 1422 Signa
1524 1366 1742 1422 siquidem
1873 1412 1878 1424 ⁴

277 1449 449 1491 semper
482 1435 654 1477 minora
682 1437 799 1476 sunt.
858 1433 968 1475 Inde
999 1436 1065 1476 est
1094 1433 1211 1489 quod
1240 1434 1463 1476 hominem
1492 1435 1743 1478 substantia
1761 1450 1802 1484 15
1835 1431 1878 1491 33

278 1504 460 1560 quaeuis
499 1503 731 1560 significat,
761 1505 916 1558 utpote
945 1502 1115 1558 aliquid
1149 1517 1379 1545 commune
1408 1518 1509 1546 cum
1538 1504 1743 1547 omnibus

277 1573 525 1623 habentem,
546 1572 664 1628 quod
690 1574 735 1614 et
758 1571 806 1612 in
832 1571 976 1627 figura
998 1571 1224 1628 reptilium
1252 1571 1371 1614 Petri
1397 1575 1443 1615 et
1467 1572 1515 1614 in
1541 1573 1744 1629 pluribus

277 1642 383 1684 locis
414 1641 732 1697 scripturarum
763 1639 1050 1682 manifestum
1081 1643 1158 1682 est.
1219 1640 1354 1683 Porro
1384 1655 1471 1697 quo
1500 1641 1745 1684 similitudo

278 1710 525 1766 expressior
554 1712 632 1759 est,
653 1724 703 1751 eo
729 1709 870 1765 magis
900 1711 1088 1765 cognata
1114 1712 1160 1751 et
1189 1708 1451 1752 familiarior
1479 1712 1548 1753 est
1576 1710 1744 1767 signifi·
1868 1690 1878 1781 {¹

278 1779 404 1822 catio.
476 1778 731 1821 Similitudo
762 1792 868 1820 uero
900 1780 979 1819 aut
1011 1778 1317 1821 substantialis
1348 1781 1427 1831 est,
1458 1781 1511 1822 ut
1542 1794 1654 1836 quae
1688 1794 1745 1822 ex
1764 1794 1807 1818 20

278 1862 438 1905 genere
472 1850 551 1890 aut
585 1847 749 1903 specie3
790 1849 869 1889 aut
896 1846 1188 1897 accidentalis,
1218 1850 1272 1889 ut
1301 1862 1358 1889 ex
1385 1848 1636 1904 quantitate
1666 1851 1746 1891 aut

280 1917 495 1973 qualitate
532 1919 612 1958 aut
649 1915 787 1958 uariis
819 1915 1111 1958 accidentium
1146 1915 1327 1969 formis3
1371 1920 1452 1959 aut
1482 1916 1746 1959 imitationis

238 2002 263 2031 c
280 1989 358 2036 est,
378 1988 430 2028 ut
456 1999 556 2027 011111
577 1985 675 2041 quis
699 1984 775 2026 alii
803 1984 960 2040 quouis
985 1987 1111 2026 motu
1140 1985 1284 2041 operis
1313 1984 1626 2028 conformatur.
1686 1985 1746 2028 Et

278 2054 360 2097 hoc
391 2053 568 2110 quidem
597 2053 727 2096 modo
756 2055 903 2109 potest
932 2053 1119 2095 creatori
1140 2056 1342 2096 creatura
1372 2069 1464 2097 esse
1491 2054 1743 2106 consimilis,

276 2137 377 2165 cum
408 2126 558 2165 tamen
590 2122 712 2164 nullo
743 2121 1026 2164 substantiali
1065 2122 1138 2164 uel
1172 2123 1432 2166 accidentali
1464 2123 1743 2180 participent.
1763 2141 1779 2164 2
1785 2141 1804 2175 5
1867 2113 1878 2171 J

279 2191 448 2235 Causae
488 2206 661 2248 quoque
705 2206 810 2233 suus
859 2191 1163 2234 conformatur
1201 2193 1393 2245 effectus,
1433 2196 1478 2235 et
1526 2193 1744 2250 reciproce
1867 2189 1870 2198 ¹

279 2276 423 2314 causa,
459 2261 496 2304 si
531 2264 681 2303 tamen
714 2260 859 2302 minor
894 2262 971 2311 est,
1004 2260 1178 2304 effectui
1209 2275 1289 2304 suo
1320 2260 1484 2305 dicitur
1514 2276 1606 2305 esse
1644 2276 1744 2306 con-

281 2330 446 2372 similis.
527 2329 735 2373 Ceterum
776 2329 987 2371 similium
1023 2328 1174 2371 ‘rerum
1213 2330 1328 2373 sicut
1366 2330 1483 2372 idem
1521 2328 1747 2382 iudicium,

280 2399 346 2442 ita
378 2402 423 2441 et
457 2399 608 2441 eadem
643 2401 751 2440 nota
781 2400 857 2440 est.
919 2398 978 2440 Et
1007 2398 1112 2454 quia
1140 2398 1268 2456 signa
1297 2398 1553 2455 frequenter
1581 2399 1745 2452 eadem,
1850 2455 1853 2458 Α

281 2468 329 2510 in
349 2482 400 2510 eo
423 2467 496 2509 uel
522 2467 715 2509 maxime
739 2481 811 2509 ars
838 2466 1095 2509 coniectoris
1122 2469 1317 2523 apparet,
1337 2467 1374 2509 si
1401 2468 1484 2510 sub
1509 2467 1746 2512 identitate
1764 2484 1806 2518 30

281 2598 303 2632 4
338 2586 646 2633 significabilium
674 2585 709 2622 S.
733 2587 774 2620 in
799 2586 895 2621 rubr.
927 2597 1004 2631 cap.
1026 2586 1145 2631 praefi
1271 2631 1279 2639 ⁵
1314 2631 1322 2639 ι
1430 2587 1454 2623 6
1486 2586 1745 2633 sompniorum

281 2634 382 2670 AMS
482 2644 526 2669 10
549 2635 712 2678 quatuor
729 2633 805 2669 OS:
829 2638 924 2668 11110r
941 2632 1012 2668 MP
1111 2633 1153 2669 16
1178 2631 1395 2669 hominibus
1412 2633 1441 2669 P

335 2753 373 2779 11
397 2743 610 2788 polixenus:
636 2740 715 2777 scil.
735 2741 956 2786 πολύσημοςς
979 2740 1025 2777 cf.
1047 2739 1144 2777 Serv.
1162 2739 1203 2776 in
1219 2740 1312 2776 Aen.
1327 2738 1352 2776 i.
1373 2750 1402 2777 1.
1502 2749 1543 2786 17
1561 2742 1747 2788 reptilium

283 2791 386 2827 Petri
397 2802 406 2833 ;
431 2801 464 2825 v.
481 2788 564 2825 Act.
583 2788 681 2835 App.
701 2787 755 2825 iii.
779 2799 822 2824 10
833 2800 934 2834 seqq.

392 2870 438 2906 94
