1878 3172
68 125 169 211 nir.
181 163 255 226 11]
572 162 1008 209 PomcRA'rIcvs
1527 165 1615 215 ⁵⁶0
1634 174 1661 204 c

67 285 288 330 exercitiis
319 284 511 343 corporis
543 285 690 328 minus
717 286 914 342 possunt.
986 283 1150 327 Eorum
1180 283 1333 340 utique
1361 284 1516 326 tantus

66 354 209 406 honor
235 354 388 398 extitit
412 353 531 411 apud
559 353 719 396 Grecos
743 355 797 396 ut
821 353 954 396 duces
977 352 1041 396 rei
1071 352 1271 409 publicae
1298 365 1517 408 nusquam

67 423 363 481 procederent,
381 423 517 466 nichil
546 422 770 480 egregium
797 424 1004 479 ageretur
1032 421 1149 478 quod
1177 435 1302 464 senes
1320 420 1517 463 instituti

69 506 159 535 non
191 491 450 535 inducerent
483 495 563 534 aut
595 490 902 548 approbarent,
932 492 989 540 et,
1023 489 1140 546 quod
1173 489 1314 547 magis
1347 492 1426 539 est,
1460 489 1518 531 ab
1532 488 1562 529 d

31 577 53 612 5
70 559 200 602 initio
228 559 351 603 urbis
379 559 580 603 conditae
607 559 787 602 nomina
814 572 965 601 eorum
994 558 1138 601 aureis
1165 557 1326 600 litteris
1354 557 1520 614 scripta

70 631 187 679 sunt,
216 628 387 685 ipsique
421 631 570 685 patres
602 627 837 684 conscripti
871 627 929 669 ab
961 626 1165 670 omnibus
1197 626 1408 683 appellati
1442 625 1519 682 qui

69 697 180 741 alios
198 697 414 754 sapientia
432 700 549 740 etate
569 700 615 739 et
633 697 791 739 affectu
810 698 993 752 paterno
1011 695 1339 752 praecedebant.
1383 695 1522 740 Penes

70 765 180 809 istos
197 765 476 809 consiliorum
496 768 592 808 erat
610 764 849 808 auctoritas
875 767 921 807 et
946 764 1142 806 omnium
1168 763 1341 820 publice
1365 777 1519 820 geren·

71 835 241 878 dorum.
318 833 525 878 Ceterum
563 833 666 877 licet
707 833 764 875 ab
802 835 920 876 etate
958 832 1147 875 nominis
1184 832 1391 875 uideatur
1428 846 1521 875 esse

11 916 56 948 1ο
72 904 207 961 origo,
235 904 349 947 hanc
378 918 459 960 ego
486 903 678 945 arbitror
710 905 803 944 tam
832 901 1025 958 corporis
1053 915 1145 944 esse
1175 915 1307 957 quam
1345 900 1521 943 mentis.

72 973 180 1016 Etas
198 986 387 1028 namque
405 971 566 1014 mentis
579 970 796 1027 sapientia
813 973 881 1012 est
899 970 947 1011 in
966 983 1054 1026 qua
1071 969 1266 1012 omnium
1281 969 1521 1012 officiorum

70 1041 273 1085 consistit
292 1040 545 1083 distributio
564 1043 610 1082 et
627 1039 863 1081 artificium
883 1038 1020 1081 totius
1039 1038 1170 1080 uitae.
1228 1038 1315 1080 Ars
1333 1051 1522 1094 namque

73 1113 190 1153 recte
218 1109 399 1152 uiuendi
428 1107 498 1166 (ut
526 1107 686 1150 Stoicis
719 1105 880 1163 placet)
909 1121 981 1149 ars
1009 1106 1173 1148 artium
1202 1110 1280 1148 est.
1339 1105 1522 1148 Nullam

73 1192 180 1222 uero
198 1192 291 1221 esse
309 1181 451 1221 artem
469 1176 762 1219 maximarum
780 1189 939 1225 rerum,
954 1189 1054 1218 cum
1073 1174 1121 1216 in
1138 1174 1332 1217 minimis
1351 1189 1524 1231 quoque

15 1256 58 1294 85
74 1249 216 1290 artem
255 1261 347 1289 esse
384 1246 533 1288 nullus
579 1244 764 1301 ignoret,
802 1243 950 1300 opinio
988 1246 1056 1286 est
1100 1243 1328 1286 hominum
1366 1257 1524 1300 parum

74 1315 346 1359 considerate
378 1313 653 1370 loquentium
691 1315 737 1355 et
773 1311 822 1354 in
863 1310 1069 1354 maximis
1107 1312 1237 1355 rebus
1270 1311 1527 1361 errantium,

74 1383 223 1428 omnia
252 1383 394 1440 magis
423 1397 504 1439 pro
537 1381 664 1423 libito
702 1381 993 1423 statuentium
1033 1395 1165 1437 quam
1203 1395 1285 1437 pro
1322 1380 1525 1423 ueritate.

76 1452 158 1496 ffl
183 1455 343 1502 autem,
362 1454 415 1494 ut
439 1450 635 1507 antiquis
659 1449 931 1506 philosophis
955 1449 1111 1505 placet,
1137 1449 1354 1506 sapientia
1378 1463 1526 1491 rerum
1542 1449 1618 1498 561
1636 1458 1672 1497 a*

77 1521 330 1564 diuinarum
349 1523 395 1563 et
413 1521 706 1562 humanarum
726 1518 927 1575 princeps
947 1520 993 1560 et
1010 1518 1302 1574 gerendorum
1321 1517 1527 1561 omitten-

15 1600 61 1632 ιο
77 1590 319 1646 dorumque
346 1588 541 1632 scientia.
614 1586 732 1629 Huic
760 1600 867 1629 uero
895 1586 1097 1629 insistere
1124 1586 1425 1643 philosophari
1451 1589 1529 1635 est,

78 1672 129 1701 eo
171 1657 289 1715 quod
326 1656 603 1714 philosophia
644 1655 703 1698 sit
750 1654 947 1697 studium
995 1655 1248 1711 sapientiae.
1324 1655 1388 1697 Vt
1425 1669 1530 1712 ergo

78 1726 274 1782 antiquis
301 1725 480 1782 placuit,
511 1725 568 1767 ad
607 1724 769 1767 ostium
798 1723 1039 1780 sapientiae
1072 1724 1349 1780 philosophia
1381 1723 1532 1780 pulsat

79 1796 136 1844 et,
173 1808 274 1837 cum
311 1793 353 1836 ei
390 1795 592 1849 apertum
642 1792 790 1842 fuerit,
828 1792 976 1834 anima
1014 1807 1161 1834 rerum
1200 1792 1296 1835 luce
1344 1791 1534 1834 dulciter

78 1862 313 1912 illustrata,
341 1876 502 1904 nomen
530 1860 831 1917 philosophiae
860 1861 1083 1903 euanescit
1102 1875 1113 1912 ;
1161 1864 1251 1910 aut,
1281 1861 1396 1903 sicut
1433 1874 1531 1916 per-

21 1944 63 1981 25
81 1930 388 1987 spicacioribus
406 1930 553 1971 uisum
581 1932 658 1978 est,
677 1929 921 1970 uoluntatis
942 1929 1166 1985 appetitus
1191 1929 1413 1985 impletur,
1432 1943 1532 1971 cum

79 1999 162 2042 flos
197 1998 336 2041 studii
375 1997 523 2054 uergit
569 1997 616 2038 in
655 1996 883 2047 fructum3
940 2011 1043 2038 nam
1091 1997 1392 2053 philosophiae
1430 1997 1533 2039 finis

79 2067 298 2123 sapientia
331 2069 412 2109 est.
478 2065 566 2108 Sed
599 2065 744 2107 nescio
779 2078 969 2120 quonam
1007 2069 1138 2121 pacto
1176 2065 1265 2107 iam
1304 2079 1533 2107 uersamur

79 2136 129 2178 in
157 2136 245 2178 fine
273 2135 393 2177 illius
420 2134 544 2177 cuius
578 2133 757 2175 initium
795 2133 992 2175 nondum
1026 2133 1300 2190 agnouimus,
1331 2133 1449 2189 quod
1475 2133 1527 2175 in

79 2225 104 2260 6
127 2223 286 2270 apellati
302 2222 327 2260 S
458 2232 499 2267 13
525 2221 662 2268 stoycis
677 2220 710 2256 A
839 2222 881 2257 18
907 2220 1151 2267 phylosophis
1167 2221 1207 2256 M
1335 2230 1378 2257 21
1404 2220 1534 2266 phylo-

80 2270 214 2317 sophia
230 2270 270 2305 M
410 2279 454 2305 22
479 2267 729 2315 phylosophia
746 2267 786 2303 M
926 2279 971 2313 24
995 2267 1265 2314 phylosophiae
1284 2267 1324 2302 M

131 2358 170 2385 11
199 2351 360 2384 omnium
383 2348 580 2392 officiorum
605 2347 698 2381 etc.:
723 2345 769 2381 cf.
795 2345 877 2381 val.
904 2345 1005 2381 Max.
1030 2355 1063 2381 2.
1093 2346 1116 2381 6
1146 2344 1163 2391 ξ
1190 2356 1225 2389 4,
1243 2346 1283 2381 et
1307 2356 1432 2390 supra,
1459 2344 1483 2380 i.
1512 2355 1533 2391 3

83 2396 170 2442 (390
181 2398 234 2433 Β).
380 2404 421 2429 12
446 2395 521 2428 Ars
541 2404 693 2438 namque
713 2394 808 2428 etc.:
832 2393 940 2428 Hanc
961 2392 1161 2427 formulam
1186 2404 1262 2428 non
1287 2391 1456 2437 repperi;
1481 2393 1530 2428 cf.

80 2442 159 2479 Cic.
183 2443 283 2477 Tuae.
300 2442 405 2486 Βίῳ.
422 2440 469 2475 iv.
489 2450 509 2484 3
529 2439 546 2485 ξ
568 2449 597 2485 5,
615 2439 713 2484 Aug.
734 2441 777 2474 de
805 2440 878 2475 Cic.
899 2441 969 2474 Dei
992 2439 1039 2474 iv.
1059 2449 1115 2481 21,
1137 2438 1299 2474 Macrob.
1319 2441 1392 2474 Sat.
1408 2438 1471 2473 vii.
1491 2448 1533 2485 15

83 2488 102 2535 ξ
121 2499 174 2534 14.
289 2489 330 2524 18
355 2489 423 2523 Est
445 2492 563 2522 autem
579 2489 671 2522 etc.:
696 2497 728 2521 v.
748 2485 821 2521 Cic.
840 2487 883 2521 de
901 2487 969 2530 Off.
987 2485 1010 2521 i.
1030 2496 1075 2530 43
1093 2484 1112 2532 ξ
1135 2494 1211 2531 153.
1319 2496 1359 2521 21
1382 2487 1536 2531 philoso-

74 2537 169 2581 phia
184 2537 344 2571 studium
358 2535 556 2579 sapientiae
571 2546 578 2568 ;
604 2531 677 2568 Cic.
695 2534 738 2567 de
756 2534 822 2577 Off.
839 2532 879 2567 11.
899 2543 920 2567 2
939 2531 957 2578 ξ
978 2541 1010 2578 5.
1109 2533 1152 2567 Vt
1167 2543 1247 2577 erqo
1263 2534 1423 2578 antiquis
1439 2535 1534 2568 etc.:

82 2581 161 2625 Quo
179 2584 330 2618 auctore
346 2581 448 2617 dicat
465 2591 560 2625 quae
575 2582 795 2624 sequuntur,
806 2579 953 2621 nescim
977 2579 1024 2615 de
1042 2578 1280 2624 philosophia
1293 2581 1332 2616 et
1347 2578 1535 2625 sapientia

82 2629 130 2666 cf.
144 2629 311 2674 Sen.Ep.
326 2629 372 2673 89
389 2627 430 2674 ἕξ
450 2637 530 2672 4-7.
671 2636 715 2661 22
733 2628 782 2661 ad
796 2628 947 2661 ostium:
973 2625 1174 2661 Markland
1192 2627 1201 2644 ‘
1214 2625 1266 2662 sic
1283 2638 1320 2672 p.
1336 2628 1426 2672 245,’
1445 2626 1485 2672 [i.
1499 2638 1531 2662 e.

82 2687 117 2711 c.
133 2686 177 2711 10
195 2677 260 2720 563
273 2674 317 2720 A]
333 2677 343 2695 ‘
352 2673 605 2720 Anglicismus
620 2672 794 2708 “knocks
808 2675 849 2708 at
866 2673 931 2708 the
948 2673 1038 2708 door
1050 2673 1094 2707 ’'.'
1134 2672 1230 2708 Nam
1243 2671 1377 2708 Latine
1387 2675 1536 2718 pulsare

82 2724 212 2758 ostium
227 2721 386 2763 dicitur;
410 2720 620 2756 notandum
641 2721 772 2755 tamen
794 2723 850 2755 est
873 2719 1041 2754 Ambros.
1058 2721 1099 2754 in
1115 2721 1173 2756 Ps.
1198 2721 1308 2755 cxviii
1330 2721 1442 2756 Ser-m.
1467 2719 1533 2755 xii.

84 2767 103 2814 §
126 2778 168 2813 14
201 2780 247 2805 ex
270 2768 437 2804 versione
460 2767 617 2812 antiqua
648 2766 747 2802 Itala
778 2765 887 2802 Cant.
916 2778 946 2801 v.
974 2776 995 2801 2
1023 2765 1167 2802 citare:
1195 2767 1272 2802 Vox
1293 2769 1435 2810 fratris
1465 2768 1536 2802 mei

81 2816 206 2861 pulsat
220 2817 268 2850 ad
283 2817 443 2850 ianuam.
600 2814 645 2849 28
670 2814 816 2848 initium
834 2816 928 2850 etc.:
952 2825 984 2848 v.
1004 2814 1086 2859 Diq.
1102 2812 1127 2848 i.
1145 2823 1166 2849 2
1185 2812 1203 2859 ξ
1225 2823 1240 2850 1
1260 2819 1352 2850 certe
1367 2815 1537 2859 cuiusque

83 2863 138 2897 rei
148 2864 337 2908 potissima
347 2873 442 2908 pars
454 2862 679 2907 principium
696 2865 755 2896 est.

1365 2922 1430 2958 3¹9
