1878 3172
233 277 262 318 d
279 276 327 319 in
360 276 568 332 laqueum
607 276 652 317 et
683 273 860 317 foueam
894 272 1116 316 falsitatis.
1175 273 1412 317 Mathesim
1447 288 1552 332 ergo
1584 274 1742 332 proba-

278 344 411 387 bilem
444 358 556 400 quae
589 342 836 400 penultima
870 342 995 385 breui
1028 343 1298 394 enuntiatur,
1334 357 1467 399 quam
1501 345 1547 386 et
1581 345 1744 386 natura

277 413 461 464 inducit,
500 411 615 454 ratio
654 411 824 468 probat,
864 412 909 453 et
946 411 1157 453 utilitatis
1197 411 1471 468 experientia
1515 411 1744 468 approbat,

279 482 405 540 quasi
438 481 658 538 quoddam
691 479 917 523 doctrinae
956 494 1062 522 suae
1100 480 1270 523 iaciunt
1304 480 1657 531 fundamentum,
1689 482 1744 522 ut

279 551 438 596 exinde
473 550 731 607 opinionum
760 563 940 591 suarum
970 548 1139 592 lubrico
1169 549 1295 606 quasi
1327 549 1519 606 quadam
1549 548 1743 606 imagine
1762 565 1782 599 5

278 620 464 664 rationis
502 619 550 661 in
588 618 824 660 mathesim
865 617 1108 674 reprobam,
1144 632 1256 675 quae
1293 618 1521 676 profertur
1560 619 1744 661 extensa

277 689 535 747 penultima,
574 686 939 744 perniciosissime
982 687 1284 744 prolabantur.
1361 687 1510 730 Primo
1552 701 1744 744 namque

277 773 348 801 res
391 772 500 815 quas
539 760 702 799 natura
739 756 909 799 creauit
947 755 1205 807 discutiunt,
1239 770 1399 834 easque
1437 756 1744 813 multipliciter

277 827 562 884 inuestigant‚
582 840 699 868 nunc
721 825 939 882 quomodo
959 840 1015 868 ex
1034 826 1238 882 partibus
1264 825 1367 877 suis,
1386 839 1504 868 nunc
1525 824 1743 882 quomodo

278 911 334 939 ex
353 895 540 938 materia
559 898 605 938 et
625 894 769 937 forma
788 897 993 938 constant
1011 895 1298 951 inquirentes
1347 894 1476 948 Quod
1494 896 1547 937 ut
1566 893 1742 938 facilius
1762 911 1803 935 10
1864 913 1878 953 ‘i

275 965 458 1023 possint,
493 979 701 1007 sensuum
739 964 858 1007 uires
897 966 1087 1020 pensant
1121 967 1167 1007 et
1209 963 1460 1007 intellectus
1506 963 1742 1006 efficaciam

274 1034 534 1077 metiuntur.
592 1033 651 1075 Et
671 1033 776 1090 quia
795 1047 1003 1076 sensuum
1024 1033 1244 1076 hebetudo
1263 1047 1411 1076 rerum
1435 1046 1743 1090 corporearum

276 1105 483 1145 naturam
503 1117 593 1145 non
621 1102 960 1159 transgreditur,
979 1102 1197 1159 paulatim
1227 1102 1414 1145 aliorum
1444 1101 1655 1144 beneficio
1685 1100 1743 1143 ad

131 1181 211 1222 437
231 1184 261 1213 a
277 1172 510 1215 subtiliora
529 1173 812 1228 consurgunt.
871 1171 1005 1214 Visus
1025 1171 1188 1214 etenim
1211 1171 1259 1213 in
1285 1171 1377 1214 solo
1400 1185 1580 1228 corpore
1604 1185 1742 1227 eoque

274 1242 506 1297 praesente
534 1240 699 1284 colores
725 1242 902 1283 tantum
932 1241 1204 1297 quantitates
1231 1239 1457 1283 examinat
1481 1242 1526 1282 et
1551 1239 1740 1296 figuras:
1761 1256 1799 1290 15
1855 1240 1857 1243 ⁴

275 1324 408 1352 sonus
429 1309 547 1352 solus
562 1309 780 1366 contingit
794 1309 1020 1352 auditum:
1049 1312 1207 1366 gustus
1226 1309 1281 1351 de
1301 1308 1531 1366 saporibus
1550 1308 1740 1351 iudicat:

275 1378 511 1421 olfaciendi
546 1379 616 1421 uis
662 1378 710 1420 in
750 1378 958 1421 odoribus
1003 1381 1100 1421 tota
1138 1380 1370 1421 uersatur:
1420 1377 1528 1434 quid
1566 1377 1741 1428 durum,

277 1447 384 1502 quid
413 1447 544 1490 molle
567 1447 637 1497 sit,
666 1447 773 1504 quid
799 1447 908 1498 lene,
929 1447 1036 1504 quid
1065 1462 1280 1504 asperum,
1302 1446 1409 1503 quid
1435 1446 1742 1503 ponderosum,

277 1515 384 1571 quid
418 1516 527 1566 leue,
559 1516 666 1573 quid
696 1516 886 1559 calidum
917 1519 996 1559 aut
1026 1516 1251 1573 frigidum,
1281 1516 1389 1572 quid
1417 1515 1651 1558 humidum
1681 1515 1742 1558 sit

276 1586 356 1626 aut
395 1584 569 1636 siccum,
608 1587 755 1628 tactus
794 1585 1030 1638 discernit3
1082 1587 1149 1628 est
1188 1585 1412 1628 interdum
1450 1585 1620 1642 figurae
1663 1599 1739 1627 ex-
1759 1604 1802 1628 20
1855 1599 1858 1602 ·

275 1652 483 1709 plorator,
529 1656 575 1696 et
620 1654 885 1710 quantitatis
932 1656 977 1697 et
1022 1654 1228 1711 ponderis
1273 1653 1497 1706 conscius3
1544 1653 1740 1697 dolorem

276 1735 449 1778 quoque
476 1722 664 1779 percipit
691 1725 736 1765 et
763 1722 1064 1779 uoluptatem3
1092 1723 1217 1779 isque
1241 1737 1321 1780 per
1347 1736 1498 1765 omnes
1525 1721 1619 1765 fere
1642 1737 1739 1765 sen-

275 1791 361 1833 sati
391 1791 583 1847 corporis
613 1793 762 1847 partes
795 1791 1071 1842 diffunditur,
1101 1792 1297 1848 adeoque
1327 1791 1500 1834 animae
1531 1792 1740 1835 coherens

274 1861 343 1902 est
362 1862 414 1902 ut
434 1874 484 1902 eo
505 1860 754 1903 discedente
772 1860 979 1903 uideatur
999 1864 1044 1903 et
1063 1864 1159 1904 tota
1179 1860 1371 1917 corporis
1390 1860 1487 1903 uita
1507 1859 1738 1904 discedere.
1852 1910 1854 1912 v

275 1928 324 1971 Si
344 1943 450 1971 uero
470 1943 701 1985 corporum
721 1929 971 1971 absentium
991 1929 1216 1986 praefatas
1231 1929 1524 1986 proprietates
1538 1929 1738 1986 inquiriS‚
1758 1952 1774 1975 2
1780 1952 1798 1986 5
1848 1931 1852 1950 ³

274 2012 348 2040 eas
386 1997 470 2040 tibi
505 2000 649 2041 tracta
683 1997 973 2040 similitudine
1008 1998 1065 2041 ab
1097 1999 1166 2041 his
1202 2012 1311 2054 quas
1351 2012 1504 2041 sensus
1543 1999 1738 2056 agnouit,

227 2073 256 2111 b
274 2066 438 2123 poterit
483 2067 743 2124 imaginatio
782 2069 1075 2124 praesentare,
1115 2081 1228 2123 quae
1266 2069 1394 2110 tanto
1433 2068 1519 2110 erit
1557 2068 1739 2119 fidelior,

274 2137 441 2191 quanto
491 2135 739 2192 expressior
787 2135 1043 2179 similitudo.
1130 2135 1257 2178 Vnde
1306 2137 1352 2178 et
1400 2135 1567 2179 Titirus
1619 2137 1739 2194 apud

273 2204 500 2247 Maronem
543 2216 633 2246 non
673 2207 897 2247 assecutae
935 2205 1241 2248 similitudinis
1279 2204 1392 2248 uitio
1437 2205 1607 2262 lapsam
1650 2205 1735 2249 sibi

271 2273 472 2329 queritur
500 2273 885 2330 imaginationem:
1755 2298 1797 2332 30
1848 2307 1853 2333 ζ

128 159 217 207 436
234 156 264 197 d
608 153 762 198 IOAN
764 153 809 197 N
810 153 869 197 IS
909 153 1422 198 SARESBERIENSIS
1496 156 1498 158 ’
1578 152 1686 214 [ΜΒ.
1701 165 1742 198 11
1855 0 1878 343 11

1870 389 1878 423 2

1872 444 1878 482 l

331 2357 496 2399 Vrbem
528 2372 661 2414 quam
691 2358 846 2401 dicunt
875 2358 1073 2409 Romam,
1103 2330 1301 2409 Melibee,
1329 2358 1488 2415 putaui

332 2415 497 2458 stultus
527 2430 608 2472 ego
638 2416 741 2459 huic
770 2419 948 2459 nostrae
978 2392 1178 2471 similem,
1208 2430 1295 2472 quo
1324 2430 1453 2474 saepe
1482 2415 1673 2460 solemus

331 2476 530 2529 pastores
559 2474 711 2516 ouium
741 2477 916 2517 teneros
945 2474 1162 2531 depellere
1192 2473 1323 2517 fetus.

275 2591 294 2628 5
312 2582 490 2629 ymagine
508 2583 547 2618 M
654 2593 698 2629 27
723 2584 962 2631 ymaginatio
981 2583 1021 2619 M
1132 2585 1175 2620 28
1195 2588 1278 2629 post
1293 2582 1502 2629 expressior
1517 2585 1602 2620 add.
1619 2583 1739 2621 fuerit

270 2629 306 2665 A
321 2642 433 2675 mary.
453 2630 519 2666 SM
613 2630 752 2668 titurus
769 2632 809 2667 M
951 2641 1000 2677 30
1021 2630 1347 2678 ymaginationem
1363 2630 1405 2685 M

320 2743 341 2769 2
364 2745 453 2780 quae
469 2735 672 2778 penultima
689 2735 784 2771 ete..
776 2746 784 2754 ·
811 2734 860 2771 cf.
878 2746 1003 2781 supra,
1028 2735 1154 2771 Polior.
1170 2733 1195 2771 i.
1219 2743 1262 2771 10
1281 2733 1364 2781 (407
1375 2733 1424 2781 a).
1539 2744 1581 2781 31
1607 2735 1736 2771 Vrbem

274 2781 371 2818 etc.:
398 2780 509 2827 Verg
528 2782 606 2816 Ecl.
623 2781 648 2817 i.
672 2791 738 2828 19-
740 2791 797 2828 21,
815 2792 872 2828 24,
890 2792 945 2828 25-

387 2861 447 2884 102
