1878 3172
118 114 201 188 437
219 137 249 177 d
565 132 851 203 Δ1011111113
892 130 1406 176 SARESBERIENSIS
1563 129 1675 191 [mn.
1690 142 1731 175 11

264 256 503 306 fluxerunt,
523 268 636 311 quae
659 254 707 296 in
733 253 921 296 materia
946 254 1053 295 sunt
1079 253 1126 295 et
1147 265 1306 308 corpus
1331 250 1536 295 efficiunt.
1596 251 1731 295 Porro

116 331 199 381 438
218 340 249 370 a
265 339 365 368 cum
400 338 469 367 res
500 323 631 366 aliter
670 337 803 379 quam
842 321 934 364 sint
973 319 1271 377 componendo
1305 319 1496 377 inspicit,
1528 334 1580 363 eo
1613 320 1732 377 quod

264 408 413 437 cassus
452 396 520 436 est
566 395 612 435 et
657 406 684 434 a
731 405 879 434 rerum
924 390 1115 432 ueritate
1156 389 1372 439 deficiens,
1412 388 1470 432 ad
1513 388 1734 446 opinionis

263 478 456 506 errorem
495 461 654 518 uergit,
694 462 740 503 et
783 460 821 503 si
867 474 961 502 esse
1007 459 1165 501 asserit
1203 458 1276 500 uel
1322 472 1413 500 non
1458 472 1564 509 esse,
1602 457 1733 516 pleno

262 531 440 575 nomine
459 530 609 587 opinio
629 531 709 572 est.
770 528 856 571 Sed
877 528 980 571 licet
1004 527 1135 570 aliter
1162 542 1295 584 quam
1324 526 1427 576 sint,
1447 526 1554 570 dum
1582 530 1732 570 tamen
1750 541 1770 576 5

263 601 532 658 simpliciter,
562 599 797 642 coniuncta
823 597 1061 654 disiungat,
1088 611 1178 639 non
1207 596 1354 640 inanis
1383 596 1467 639 erit
1495 595 1734 653 conceptio,

264 684 376 726 quae
396 669 535 712 totius
555 665 913 724 inuestigationis
937 665 1180 722 sapientiae
1210 665 1587 723 expeditissimam
1613 664 1734 722 parit

263 739 395 781 uiam.
471 737 559 780 Hic
599 738 666 779 est
700 735 818 778 enim
853 734 993 777 totius
1031 734 1335 792 philosophiae
1373 736 1731 784 instrumentum,

264 807 382 864 quod
416 808 462 849 et
493 808 686 848 mentem
715 804 830 846 mira
863 802 1113 846 subtilitate
1145 804 1323 847 exacuit
1357 807 1402 848 et
1433 818 1503 847 res
1534 803 1733 861 singulas

263 891 291 919 a
331 890 376 919 se
425 875 616 918 inuicem
662 875 850 915 naturae
895 886 1000 914 suae
1039 873 1311 930 proprietate
1350 872 1601 930 distinguit.
1681 870 1732 914 Si
1751 885 1792 910 10
1865 877 1867 879 ’

263 944 595 988 abstrahentem
614 942 771 985 tuleris
790 941 1077 992 intellectum,
1097 941 1346 1003 liberalium
1374 942 1540 985 artium
1559 940 1733 984 officina

262 1014 437 1071 peribit,
472 1027 573 1056 cum
607 1012 721 1055 citra
749 1011 889 1068 ipsius
918 1025 1098 1068 operam
1127 1011 1251 1054 nulla
1280 1026 1433 1054 earum
1462 1011 1548 1053 rite
1577 1010 1733 1054 haberi

262 1083 412 1126 ualeat
435 1084 515 1124 aut
541 1080 699 1124 doceri.
759 1079 847 1122 Hic
876 1079 1027 1136 itaque
1055 1079 1170 1123 sicut
1197 1079 1387 1122 formam
1411 1080 1506 1123 sine
1533 1079 1732 1129 materia,

264 1153 326 1195 sic
356 1155 401 1195 et
430 1150 664 1193 materiam
693 1148 954 1207 aggreditur
983 1148 1078 1191 sine
1108 1148 1276 1201 forma;
1307 1151 1353 1191 et
1382 1148 1500 1205 quod
1529 1148 1734 1206 propriae
1857 1194 1859 1199 ,

216 1223 246 1261 b
265 1220 448 1263 uirtutis
480 1219 682 1277 potentia
716 1215 867 1261 ten'ere
901 1232 991 1260 non
1023 1217 1195 1268 sufficit,
1224 1232 1305 1261 suo
1334 1217 1524 1274 quodam
1554 1216 1732 1260 defectu
1751 1233 1791 1268 15
1855 1209 1861 1234 s

263 1290 490 1336 interdum
536 1287 880 1345 comprehendit,
919 1289 972 1329 ut
1018 1287 1056 1329 si
1104 1287 1344 1330 uideantur
1385 1287 1594 1330 tenebrae
1641 1301 1733 1330 non

263 1359 456 1402 uidendo
488 1361 534 1402 et
564 1372 654 1400 non
689 1355 909 1400 audiendo
948 1356 1174 1398 silentium
1206 1356 1426 1399 audiatur.
1498 1355 1608 1399 Ecce
1643 1370 1734 1398 non

264 1430 332 1471 est
355 1428 498 1476 ,homo
537 1427 614 1483 qui
648 1440 739 1468 non
773 1425 833 1468 sit
864 1425 991 1467 albus
1026 1428 1105 1467 aut
1138 1425 1267 1482 niger
1300 1427 1380 1468 aut
1413 1424 1548 1468 medii
1576 1424 1733 1468 coloris

263 1496 495 1553 particeps,
515 1510 595 1539 nec
625 1496 772 1552 potest
801 1509 893 1536 esse
923 1495 1065 1544 homo,
1086 1494 1163 1551 qui
1192 1509 1282 1537 non
1308 1493 1462 1537 statim
1486 1494 1546 1536 sit
1571 1494 1733 1550 aliquis

264 1566 408 1615 homo,
446 1579 547 1607 cum
585 1564 703 1606 idem
742 1563 802 1605 sit
840 1562 972 1605 alicui
1011 1577 1104 1605 esse
1143 1565 1189 1605 et
1226 1577 1366 1605 unum
1404 1577 1588 1605 numero
1627 1577 1732 1607 esse.
1752 1578 1794 1602 20

264 1634 582 1677 Verumtamen
630 1633 692 1675 sic
745 1631 968 1674 hominem
1020 1631 1271 1674 intellectus
1323 1631 1521 1689 attingit,
1569 1635 1622 1675 ut
1675 1632 1734 1675 ad

264 1703 486 1746 neminem
525 1701 749 1744 hominem
788 1703 990 1757 aspectus
1027 1700 1147 1743 illius
1186 1700 1433 1752 descendat,
1467 1701 1735 1758 generaliter

264 1771 455 1822 intuens,
474 1771 591 1828 quod
610 1785 699 1813 non
719 1770 806 1812 nisi
825 1769 1113 1826 singulariter
1132 1784 1224 1812 esse
1244 1772 1401 1826 potest.
1461 1770 1588 1814 Sicut
1614 1771 1733 1813 enim

265 1840 439 1883 dicendi
471 1843 516 1882 et
547 1838 837 1896 significandi,
867 1838 929 1881 sic
959 1840 1005 1880 et
1033 1838 1311 1895 intelligendi
1345 1838 1593 1890 diuersitas,
1624 1840 1731 1883 sub·
1845 1895 1847 1899 ¹

264 1909 450 1952 sistendi
478 1909 631 1952 modos
661 1909 730 1951 sui
759 1908 1074 1950 numerositate
1105 1907 1388 1959 transcendit,
1412 1910 1459 1951 et
1487 1909 1630 1960 homo,
1654 1909 1731 1966 qui
1751 1925 1792 1960 25
1840 1939 1842 1942 -

265 1993 355 2021 non
375 1981 522 2035 potest
541 1978 627 2021 nisi
647 1974 932 2035 singulariter
953 1991 1056 2027 esse,
1068 1976 1310 2019 uniuersali
1330 1977 1552 2020 clauditur
1570 1978 1733 2022 mentis

266 2047 559 2103 conceptione.
619 2046 796 2090 Diffinit
829 2060 934 2103 ergo
958 2046 1073 2088 ratio
1103 2046 1222 2102 quod
1251 2046 1443 2103 concipit
1471 2046 1733 2098 intellectus,

225 2127 250 2157 e
267 2116 431 2159 animal
465 2115 681 2159 rationale
713 2115 910 2165 mortale,
944 2115 1061 2171 quod
1100 2115 1148 2157 in
1187 2114 1302 2158 solos
1340 2115 1540 2159 subditos
1579 2116 1734 2159 cadere

265 2184 432 2227 nemini
471 2187 590 2228 recte
637 2183 906 2241 sapientium
945 2184 1204 2241 ambiguum
1249 2186 1328 2227 est.
1414 2184 1534 2227 Dum
1581 2185 1734 2242 itaque

264 2268 413 2296 rerum
433 2254 746 2297 similitudines
774 2256 820 2296 et
848 2253 1231 2296 dissimilitudines
1256 2253 1436 2310 colligit,
1456 2253 1563 2296 dum
1586 2254 1732 2297 differ·
1750 2269 1793 2302 30
1844 2259 1849 2290 J

266 2322 436 2365 entium
465 2322 797 2366 conuenientias
831 2324 877 2365 et
910 2321 1269 2365 conuenientium
1299 2321 1569 2365 differentias
1598 2323 1734 2366 altius
1851 2323 1853 2330 ⁴

265 2393 581 2448 perscrutatur,
612 2390 719 2433 dum
755 2390 863 2447 quid
901 2390 1078 2447 singula
1109 2404 1209 2433 cum
1243 2390 1456 2447 pluribus,
1491 2391 1598 2447 quid
1632 2406 1733 2434 cum

265 2460 545 2516 paucioribus
565 2474 794 2502 commune
808 2453 1013 2509 habeant,
1026 2459 1283 2516 diligentius
1295 2459 1548 2516 inuestigat,
1564 2474 1734 2516 quaeue

267 2528 398 2571 rebus
429 2528 614 2584 singulis
639 2528 790 2571 adesse
819 2542 994 2571 necesse
1020 2527 1091 2578 sit,
1113 2542 1226 2585 quae
1252 2528 1403 2571 abesse
1431 2542 1521 2571 non
1550 2528 1733 2585 possint,

1875 607 1878 625 ,.
1876 550 1878 554 .
1870 470 1878 522 Νι..
1868 434 1878 453 ³.

267 2626 288 2661 8
313 2623 560 2670 phylosophie
574 2624 602 2661 C
620 2614 626 2620 ⁸
650 2624 857 2672 phylophie
871 2625 901 2660 B
977 2635 1019 2662 21
1039 2625 1338 2672 Verumptamen
1351 2623 1379 2661 C
1459 2635 1506 2671 34
1523 2627 1681 2671 possunt
1693 2625 1734 2661 M

315 2719 358 2754 27
387 2712 534 2756 Drffim't
562 2713 659 2748 etc.:
693 2711 778 2748 vide
809 2712 910 2759 (cum
943 2712 1106 2759 quodam
1135 2711 1177 2748 in
1204 2723 1324 2758 marg.
1353 2711 1404 2759 S.)
1430 2711 1561 2748 Boeth.
1593 2713 1730 2750 Consol.

267 2759 403 2794 Philos.
418 2770 449 2794 v.
469 2758 570 2793 Pros.
589 2769 622 2803 4.

378 2838 444 2871 104
