1878 3172
82 149 289 209 cmm]
590 147 1022 219 PomoRA'rlovs
1499 196 1504 201 ⁴
1551 148 1633 198 52⁶
1651 157 1682 186 a

12 321 19 329 β
80 269 318 328 diligentes
339 284 410 313 me
429 272 475 313 et
502 269 730 312 thesauros
755 268 930 311 illorum
956 268 1160 326 repleam.
1181 285 1185 289 ·
1219 267 1357 311 Item:
1386 267 1535 311 Meum

14 381 20 387 ,
85 342 154 383 991
191 339 421 383 consilium
465 341 512 381 et
556 338 764 395 aequitas,
802 351 901 380 mea
938 339 1005 380 est
1043 337 1290 394 prudentia,
1327 352 1426 380 mea
1468 340 1536 380 est

84 407 312 451 fortitudo.
373 407 432 450 Et
451 406 580 450 alibi:
608 406 805 463 Accipite
824 406 1100 463 disciplinam
1119 409 1165 449 et
1183 421 1272 448 non
1291 406 1533 463 pecuniam,

67 476 330 520 ‘doctrinam
363 476 505 533 magis
542 489 674 532 quam
707 489 865 518 aurum
899 475 1058 532 eligite.
1117 475 1274 518 Melior
1312 478 1379 518 est
1417 475 1535 518 enim

46 556 67 597 '5
85 546 302 602 sapientia
320 545 489 588 cunctis
505 544 662 601 opibus
681 543 1016 601 pretiosissimis,
1037 546 1082 586 et
1100 558 1228 586 omne
1248 543 1535 586 desiderabile

85 614 126 658 ei
160 629 249 657 non
282 616 429 671 potest
457 613 711 670 comparari.
769 612 882 656 Cum
915 612 1102 670 gentiles
1131 612 1266 655 nichil
1296 612 1390 655 sine
1419 615 1534 655 nutu

84 683 317 725 numinum
342 682 569 726 crederent
597 681 859 734 faciendum,
888 696 1026 723 unum
1055 684 1204 724 tamen
1234 681 1359 737 quasi
1389 681 1534 724 Deum

84 751 265 794 deorum
277 754 322 794 et
334 751 529 794 omnium
541 750 780 807 principem
794 749 1060 800 excolebant,
1073 749 1236 792 scilicet
1249 749 1533 806 Sapientiam,
1550 749 1580 789 b

85 819 184 863 ideo
204 820 320 876 quod
340 820 436 876 ipsa
450 819 652 862 omnibus
666 822 849 876 praeest.
898 818 1024 861 Vnde
1039 821 1084 862 et
1098 818 1347 876 philosophi
1362 821 1534 862 ueteres

24 895 71 927 ’πο
86 888 322 945 imaginem
343 888 595 945 Sapientiae
619 902 699 944 pro
719 887 888 930 foribus
907 887 1103 930 omnium
1122 887 1385 944 templorum
1405 887 1530 946 pingi

85 959 131 1000 et
149 957 256 1000 haec
275 956 412 999 uerba
429 956 560 1000 scribi
579 956 735 999 debere
754 959 1042 1000 censuerunt.

257 1036 372 1079 Vsus
400 1051 471 1079 me
499 1037 664 1094 genuit,
693 1037 864 1093 peperit
893 1036 1127 1089 Memoria;

256 1093 466 1151 Sophiam
494 1109 564 1137 me
594 1097 755 1137 uocant
784 1094 920 1146 Graii,
949 1109 1028 1137 uos
1057 1094 1341 1152 Sapientiam.

86 1172 146 1217 Et
162 1174 269 1217 11999
287 1174 417 1217 item:
447 1174 541 1231 Ego
568 1174 640 1217 odi
667 1174 864 1217 homines
890 1174 1050 1217 stultos
1076 1177 1122 1217 et
1146 1174 1309 1232 ignaua
1331 1189 1464 1232 opera
1490 1178 1536 1219 et

22 1245 68 1290 δε
86 1242 408 1300 philosophicas
445 1243 697 1286 sententias.
770 1242 829 1285 Et
867 1242 1043 1298 quidem
1082 1242 1306 1300 eleganter
1343 1244 1409 1286 illi
1448 1245 1536 1288 ista

9 1308 12 1311 ’
84 1312 321 1363 finxerunt,
334 1311 437 1354 licet
451 1311 685 1354 ueritatem
705 1311 845 1368 ipsam
864 1312 991 1368 plene
1005 1326 1094 1354 non
1108 1312 1337 1365 nouerint;
1366 1313 1423 1356 ad
1439 1328 1536 1356 eam

84 1382 233 1423 tamen
269 1379 546 1436 aliquatenus
582 1379 844 1429 accedentes,
879 1379 985 1422 dum
1024 1379 1298 1436 Sapientiam
1336 1382 1533 1425 omnium

0 1470 2 1487 t
84 1462 196 1504 (11199
225 1450 340 1491 recte
369 1448 496 1499 fiunt,
523 1447 678 1490 ducem
707 1451 752 1490 et
777 1447 1018 1504 principem
1048 1448 1334 1502 arbitrantur,
1362 1464 1462 1492 cum
1489 1454 1535 1494 et

0 1492 2 1564 1
84 1515 182 1573 ipsa
210 1516 425 1559 ueraciter
454 1515 668 1573 glorietur
697 1516 814 1572 quod
850 1516 897 1558 in
931 1516 1051 1559 omni
1080 1520 1211 1574 gente
1242 1521 1287 1560 et
1315 1519 1477 1575 populo
1506 1534 1534 1562 a

0 1584 72 1626 bo
85 1582 298 1639 principio
326 1582 565 1639 primatum
594 1582 740 1624 tenuit
765 1582 1052 1638 superborum
1080 1586 1124 1625 et
1153 1583 1394 1626 sullimium
1423 1586 1536 1628 colla

0 1655 2 1660 ’
85 1648 264 1704 propria
295 1648 463 1690 uirtute
496 1648 678 1691 calcans.
740 1647 946 1691 Salomon
980 1663 1152 1705 quoque
1191 1664 1237 1692 se
1276 1665 1372 1692 eam
1402 1666 1534 1708 super
1550 1660 1576 1690 c

83 1715 270 1759 salutem
312 1719 358 1759 et
385 1717 532 1759 onmia
564 1717 748 1773 pulchra
776 1717 1001 1760 dilexisse
1010 1717 1190 1771 fatetur,
1220 1722 1265 1762 et
1296 1719 1353 1762 ad
1387 1720 1533 1777 ipsum

82 1798 183 1828 911111
211 1799 263 1828 ea
290 1785 405 1828 bona
432 1785 580 1828 omnia
608 1786 844 1828 accessisse.

85 1892 191 1951 Cap.
213 1905 250 1948 7.
280 1893 408 1947 Qwod
430 1894 637 1937 timorem
661 1894 746 1936 Dei
769 1894 917 1936 doceri
939 1894 1067 1947 debet,
1093 1899 1133 1939 et
1160 1896 1353 1942 humilis
1379 1914 1471 1950 esse,
1494 1905 1533 1944 et

25 1973 69 2011 τε
199 1962 261 2005 sic
276 1976 447 2005 servare
461 1962 776 2012 humilitatem,
792 1963 909 2018 quod
925 1964 1171 2007 auctoritas
1187 1967 1418 2022 principis
1436 1983 1533 2011 ‘non

201 2030 450 2072 ‘minuatur
459 2047 479 2079 ;
513 2034 551 2073 et
580 2031 699 2086 quod
718 2035 1057 2087 praeceptorum
1085 2032 1184 2076 alia
1212 2034 1411 2087 mobilia,
1432 2036 1531 2079 alia

142 2177 374 2234 Sequitur:
412 2177 475 2220 Vt
508 2178 649 2221 discat
679 2178 833 2221 timere
869 2178 1107 2222 Dominum
1138 2180 1281 2223 Deum
1315 2196 1455 2233 suum,
1487 2186 1532 2226 et

84 2246 302 2290 custodire
322 2246 459 2288 uerba
478 2246 570 2288 eius
595 2261 706 2302 quae
732 2247 779 2288 111
802 2247 897 2304 lege
915 2251 1147 2304 praecepta
1167 2254 1282 2292 sunt.
1341 2249 1530 2294 Causam

85 2359 102 2387 1
131 2349 278 2386 Mecum
296 2349 336 2384 M
506 2347 686 2395 4eligite
702 2360 811 2393 quam
831 2360 966 2385 aurum
981 2349 1015 2386 A
1190 2361 1232 2395 14
1256 2351 1410 2399 ignauia
1426 2353 1533 2391 CBA¹

87 2404 128 2442 15
154 2395 444 2450 phylosophicas
460 2359 529 2431 M4
641 2406 686 2430 20
711 2395 902 2431 sullimum
918 2396 950 2432 B
1092 2407 1137 2433 22
1161 2399 1294 2444 pulcra
1309 2399 1368 2435 As
1487 2412 1531 2458 ².3

83 2442 212 2479 omnia
226 2443 326 2478 bona
342 2443 382 2478 M
543 2452 590 2486 24
614 2441 684 2478 Dei
700 2454 766 2478 om.
785 2442 825 2478 M
989 2452 1031 2491 25
1057 2455 1093 2490 p.
1111 2443 1197 2481 SM:
1221 2445 1372 2492 publica
1392 2448 1472 2494 cyr.
1491 2451 1532 2485 in

83 2490 228 2525 rubrica
244 2490 400 2535 capitulo
408 2491 581 2535 praefixa

134 2583 151 2610 1
176 2575 299 2610 Meum
315 2575 475 2610 estete*
501 2573 604 2609 Prov.
621 2572 699 2608 viii.
722 2583 776 2615 14.
864 2583 894 2627 3
919 2575 1078 2620 Accipite
1089 2577 1180 2612 etc:
1198 2575 1301 2613 Prov.
1317 2577 1393 2614 viii.
1410 2589 1462 2625 10,
1479 2590 1531 2616 11.

86 2629 110 2666 9
138 2621 237 2656 Vnde
253 2621 502 2666 etphilosophi
519 2622 614 2656 etc.:
641 2632 672 2655 v.
692 2619 786 2656 Gen.
807 2619 885 2656 xiii.
900 2621 920 2656 8
940 2620 980 2667 ἕξ
1001 2631 1034 2667 3,
1051 2632 1085 2666 4.
1239 2633 1280 2668 17
1305 2607 1532 2671 Sapient’iam

85 2677 182 2702 omm
167 2669 244 2702 ium
259 2669 350 2703 etc.:
376 2667 423 2703 cf.
441 2667 516 2703 Cic.
534 2669 576 2702 de
595 2668 659 2711 Off.
678 2666 702 2701 i.
720 2677 764 2711 43
784 2666 802 2712 ξ
825 2675 1137 2723 153.19
1152 2671 1193 2704 in
1210 2674 1308 2707 omni
1318 2679 1419 2718 yeme
1437 2677 1531 2710 etc.:

87 2711 204 2749 Eccli.
220 2712 316 2749 xxiv.
334 2723 365 2758 9,
386 2724 438 2750 10.
557 2723 598 2749 21
625 2715 792 2750 Salomon
809 2716 904 2750 etos
928 2726 961 2751 v.
978 2713 1062 2761 Sap.
1082 2715 1144 2752 vii.
1166 2726 1220 2763 10,
1241 2728 1294 2755 11.
1413 2723 1457 2757 28
1491 2723 1533 2757 Vt

86 2760 198 2795 diseat
214 2762 307 2796 etc:
331 2759 441 2797 Dent.
458 2759 545 2796 xvii.
565 2770 620 2806 19.

142 2829 222 2849 ms
788 2814 848 2854 121
1357 2833 1421 2870 ²57
