<?xml version="1.0" encoding="UTF-8"?>
<!DOCTYPE html PUBLIC "-//W3C//DTD XHTML 1.0 Transitional//EN"
    "http://www.w3.org/TR/xhtml1/DTD/xhtml1-transitional.dtd">
<html xmlns="http://www.w3.org/1999/xhtml" xml:lang="en" lang="en">
 <head>
  <title>
</title>
<meta http-equiv="Content-Type" content="text/html;charset=utf-8" />
  <meta name='ocr-system' content='tesseract 3.04.00' />
  <meta name='ocr-capabilities' content='ocr_page ocr_carea ocr_par ocr_line ocrx_word'/>
</head>
<body>
  <div class='ocr_page' id='page_1' title='image "./ioannissaresberi01johnuoft_0296.png"; bbox 0 0 1878 3172; ppageno 0'>
   <div class='ocr_carea' id='block_1_1' title="bbox 194 113 1801 202">
    <p class='ocr_par' dir='ltr' id='par_1_1' title="bbox 194 113 1801 203">
     <span class='ocr_line' id='line_1_1' title="bbox 194 113 1801 202; baseline 0.001 -28"><span class='ocrx_word' id='word_1_1' title='bbox 194 135 268 184; x_wconf 83' lang='lat'>516</span> <span class='ocrx_word' id='word_1_2' title='bbox 287 135 316 175; x_wconf 90' lang='lat' dir='ltr'>b</span> <span class='ocrx_word' id='word_1_3' title='bbox 663 131 923 176; x_wconf 90' lang='lat' dir='ltr'><strong>IOANNIS</strong></span> <span class='ocrx_word' id='word_1_4' title='bbox 964 113 1476 202; x_wconf 83' lang='lat' dir='ltr'><strong>SARESBERIENSIS</strong></span> <span class='ocrx_word' id='word_1_5' title='bbox 1624 131 1734 192; x_wconf 77' lang='lat' dir='ltr'>[mn.</span> <span class='ocrx_word' id='word_1_6' title='bbox 1750 143 1801 175; x_wconf 76' lang='grc' dir='ltr'>Π</span> 
     </span>
    </p>
   </div>
   <div class='ocr_carea' id='block_1_2' title="bbox 283 251 1870 2040">
    <p class='ocr_par' dir='ltr' id='par_1_2' title="bbox 313 251 1870 1002">
     <span class='ocr_line' id='line_1_2' title="bbox 313 251 1800 310; baseline 0 -14"><span class='ocrx_word' id='word_1_7' title='bbox 313 252 615 296; x_wconf 72' lang='lat' dir='ltr'>fidelissimus</span> <span class='ocrx_word' id='word_1_8' title='bbox 643 253 895 310; x_wconf 88' lang='lat' dir='ltr'>imperator,</span> <span class='ocrx_word' id='word_1_9' title='bbox 922 266 1021 296; x_wconf 90' lang='lat' dir='ltr'>cum</span> <span class='ocrx_word' id='word_1_10' title='bbox 1051 252 1326 296; x_wconf 72' lang='lat' dir='ltr'><strong>sacerdotum</strong></span> <span class='ocrx_word' id='word_1_11' title='bbox 1355 252 1587 296; x_wconf 87' lang='lat' dir='ltr'>concilium</span> <span class='ocrx_word' id='word_1_12' title='bbox 1617 251 1800 297; x_wconf 89' lang='lat' dir='ltr'>Niceam</span> 
     </span>
     <span class='ocr_line' id='line_1_3' title="bbox 334 322 1800 379; baseline 0 -13"><span class='ocrx_word' id='word_1_13' title='bbox 334 325 628 375; x_wconf 87' lang='lat' dir='ltr'>conuocasset,</span> <span class='ocrx_word' id='word_1_14' title='bbox 661 337 741 366; x_wconf 90' lang='lat' dir='ltr'>nec</span> <span class='ocrx_word' id='word_1_15' title='bbox 774 322 968 379; x_wconf 92' lang='lat' dir='ltr'>primum</span> <span class='ocrx_word' id='word_1_16' title='bbox 1003 322 1147 365; x_wconf 91' lang='lat' dir='ltr'>locum</span> <span class='ocrx_word' id='word_1_17' title='bbox 1182 324 1333 365; x_wconf 90' lang='lat' dir='ltr'>tenere</span> <span class='ocrx_word' id='word_1_18' title='bbox 1366 336 1501 366; x_wconf 85' lang='lat' dir='ltr'>ausus</span> <span class='ocrx_word' id='word_1_19' title='bbox 1534 325 1602 365; x_wconf 89' lang='lat' dir='ltr'>est</span> <span class='ocrx_word' id='word_1_20' title='bbox 1639 335 1719 366; x_wconf 89' lang='lat' dir='ltr'>nec</span> <span class='ocrx_word' id='word_1_21' title='bbox 1753 337 1800 366; x_wconf 92' lang='lat' dir='ltr'>se</span> 
     </span>
     <span class='ocr_line' id='line_1_4' title="bbox 333 391 1800 450; baseline 0 -15"><span class='ocrx_word' id='word_1_22' title='bbox 333 393 678 450; x_wconf 87' lang='lat' dir='ltr'>presbiterorum</span> <span class='ocrx_word' id='word_1_23' title='bbox 697 392 941 435; x_wconf 83' lang='lat' dir='ltr'>immiscere</span> <span class='ocrx_word' id='word_1_24' title='bbox 955 391 1238 442; x_wconf 80' lang='lat' dir='ltr'>consessibus,</span> <span class='ocrx_word' id='word_1_25' title='bbox 1251 391 1328 434; x_wconf 92' lang='lat' dir='ltr'>sed</span> <span class='ocrx_word' id='word_1_26' title='bbox 1347 391 1494 434; x_wconf 89' lang='lat' dir='ltr'>sedem</span> <span class='ocrx_word' id='word_1_27' title='bbox 1513 391 1800 435; x_wconf 88' lang='lat' dir='ltr'>nouissimam</span> 
     </span>
     <span class='ocr_line' id='line_1_5' title="bbox 333 460 1862 519; baseline -0.001 -14"><span class='ocrx_word' id='word_1_28' title='bbox 333 462 578 519; x_wconf 89' lang='lat' dir='ltr'>occupauit.</span> <span class='ocrx_word' id='word_1_29' title='bbox 637 461 890 504; x_wconf 87' lang='lat' dir='ltr'>Sententias</span> <span class='ocrx_word' id='word_1_30' title='bbox 905 475 1022 512; x_wconf 91' lang='lat' dir='ltr'>uero,</span> <span class='ocrx_word' id='word_1_31' title='bbox 1038 475 1147 518; x_wconf 91' lang='lat' dir='ltr'>quas</span> <span class='ocrx_word' id='word_1_32' title='bbox 1167 461 1224 503; x_wconf 94' lang='lat' dir='ltr'>ab</span> <span class='ocrx_word' id='word_1_33' title='bbox 1244 460 1306 504; x_wconf 91' lang='lat' dir='ltr'>eis</span> <span class='ocrx_word' id='word_1_34' title='bbox 1326 460 1593 517; x_wconf 89' lang='lat' dir='ltr'>approbatas</span> <span class='ocrx_word' id='word_1_35' title='bbox 1613 461 1798 512; x_wconf 87' lang='lat' dir='ltr'>audiuit,</span> <span class='ocrx_word' id='word_1_36' title='bbox 1859 468 1862 473; x_wconf 85' lang='lat'>&#39;</span> 
     </span>
     <span class='ocr_line' id='line_1_6' title="bbox 332 530 1837 577; baseline 0.002 -3"><span class='ocrx_word' id='word_1_37' title='bbox 332 531 399 574; x_wconf 89' lang='lat' dir='ltr'>ita</span> <span class='ocrx_word' id='word_1_38' title='bbox 426 533 665 574; x_wconf 90' lang='lat' dir='ltr'>ueneratus</span> <span class='ocrx_word' id='word_1_39' title='bbox 692 533 760 573; x_wconf 92' lang='lat' dir='ltr'>est</span> <span class='ocrx_word' id='word_1_40' title='bbox 789 545 839 574; x_wconf 92' lang='lat' dir='ltr'>ac</span> <span class='ocrx_word' id='word_1_41' title='bbox 869 531 906 573; x_wconf 92' lang='lat' dir='ltr'>si</span> <span class='ocrx_word' id='word_1_42' title='bbox 935 545 1008 573; x_wconf 91' lang='lat' dir='ltr'>eas</span> <span class='ocrx_word' id='word_1_43' title='bbox 1034 530 1088 573; x_wconf 96' lang='lat' dir='ltr'>de</span> <span class='ocrx_word' id='word_1_44' title='bbox 1112 530 1291 573; x_wconf 90' lang='lat' dir='ltr'>diuinae</span> <span class='ocrx_word' id='word_1_45' title='bbox 1320 530 1565 573; x_wconf 87' lang='lat' dir='ltr'>maiestatis</span> <span class='ocrx_word' id='word_1_46' title='bbox 1593 530 1800 574; x_wconf 90' lang='lat' dir='ltr'>sensisset</span> <span class='ocrx_word' id='word_1_47' title='bbox 1817 543 1837 577; x_wconf 79' lang='lat'>5</span> 
     </span>
     <span class='ocr_line' id='line_1_7' title="bbox 332 598 1870 656; baseline 0 -13"><span class='ocrx_word' id='word_1_48' title='bbox 332 615 558 644; x_wconf 78' lang='lat' dir='ltr'>emanasse</span> <span class='ocrx_word' id='word_1_49' title='bbox 594 600 767 643; x_wconf 91' lang='lat' dir='ltr'>iudicio.</span> <span class='ocrx_word' id='word_1_50' title='bbox 827 599 915 642; x_wconf 87' lang='lat' dir='ltr'>Sed</span> <span class='ocrx_word' id='word_1_51' title='bbox 944 602 990 643; x_wconf 92' lang='lat' dir='ltr'>et</span> <span class='ocrx_word' id='word_1_52' title='bbox 1023 599 1194 642; x_wconf 83' lang='lat' dir='ltr'>libellos</span> <span class='ocrx_word' id='word_1_53' title='bbox 1223 599 1572 656; x_wconf 76' lang='lat' dir='ltr'>inscriptionum,</span> <span class='ocrx_word' id='word_1_54' title='bbox 1603 613 1712 656; x_wconf 90' lang='lat' dir='ltr'>quos</span> <span class='ocrx_word' id='word_1_55' title='bbox 1741 599 1799 642; x_wconf 92' lang='lat' dir='ltr'>ad</span> <span class='ocrx_word' id='word_1_56' title='bbox 1862 598 1870 647; x_wconf 50' lang='grc' dir='ltr'>ἦ</span> 
     </span>
     <span class='ocr_line' id='line_1_8' title="bbox 330 663 1870 731; baseline 0.001 -20"><span class='ocrx_word' id='word_1_57' title='bbox 330 669 521 731; x_wconf 78' lang='lat' dir='ltr'>inuicem</span> <span class='ocrx_word' id='word_1_58' title='bbox 541 671 784 726; x_wconf 89' lang='lat' dir='ltr'>conceptos,</span> <span class='ocrx_word' id='word_1_59' title='bbox 804 668 1080 711; x_wconf 77' lang='lat' dir='ltr'>sacerdotum</span> <span class='ocrx_word' id='word_1_60' title='bbox 1100 668 1287 712; x_wconf 89' lang='lat' dir='ltr'>crimina</span> <span class='ocrx_word' id='word_1_61' title='bbox 1305 668 1592 719; x_wconf 91' lang='lat' dir='ltr'>continentes,</span> <span class='ocrx_word' id='word_1_62' title='bbox 1611 669 1798 726; x_wconf 90' lang='lat' dir='ltr'>impera·</span> <span class='ocrx_word' id='word_1_63' title='bbox 1860 663 1870 706; x_wconf 59' lang='grc' dir='ltr'><em>ἓ</em></span> 
     </span>
     <span class='ocr_line' id='line_1_9' title="bbox 330 737 1798 795; baseline 0 -14"><span class='ocrx_word' id='word_1_64' title='bbox 330 739 418 781; x_wconf 91' lang='lat' dir='ltr'>tori</span> <span class='ocrx_word' id='word_1_65' title='bbox 457 740 758 795; x_wconf 89' lang='lat' dir='ltr'>porrexerant,</span> <span class='ocrx_word' id='word_1_66' title='bbox 793 737 986 794; x_wconf 74' lang='lat' dir='ltr'>suscepit</span> <span class='ocrx_word' id='word_1_67' title='bbox 1017 737 1195 794; x_wconf 87' lang='lat' dir='ltr'>quidem</span> <span class='ocrx_word' id='word_1_68' title='bbox 1229 737 1485 795; x_wconf 88' lang='lat' dir='ltr'>clausosque</span> <span class='ocrx_word' id='word_1_69' title='bbox 1519 738 1716 795; x_wconf 87' lang='lat' dir='ltr'>reposuit</span> <span class='ocrx_word' id='word_1_70' title='bbox 1749 738 1798 781; x_wconf 91' lang='lat' dir='ltr'>in</span> 
     </span>
     <span class='ocr_line' id='line_1_10' title="bbox 330 806 1797 851; baseline 0 -1"><span class='ocrx_word' id='word_1_71' title='bbox 330 808 432 850; x_wconf 91' lang='lat' dir='ltr'>sinu</span> <span class='ocrx_word' id='word_1_72' title='bbox 451 822 543 850; x_wconf 89' lang='lat' dir='ltr'>suo.</span> <span class='ocrx_word' id='word_1_73' title='bbox 604 806 718 851; x_wconf 88' lang='lat' dir='ltr'>Cum</span> <span class='ocrx_word' id='word_1_74' title='bbox 745 809 895 849; x_wconf 91' lang='lat' dir='ltr'>autem</span> <span class='ocrx_word' id='word_1_75' title='bbox 921 806 1094 850; x_wconf 91' lang='lat' dir='ltr'>eosdem</span> <span class='ocrx_word' id='word_1_76' title='bbox 1122 807 1179 850; x_wconf 90' lang='lat' dir='ltr'>ad</span> <span class='ocrx_word' id='word_1_77' title='bbox 1206 807 1437 850; x_wconf 87' lang='lat' dir='ltr'>caritatem</span> <span class='ocrx_word' id='word_1_78' title='bbox 1457 809 1503 850; x_wconf 92' lang='lat' dir='ltr'>et</span> <span class='ocrx_word' id='word_1_79' title='bbox 1521 806 1797 850; x_wconf 82' lang='lat' dir='ltr'>concordiam</span> 
     </span>
     <span class='ocr_line' id='line_1_11' title="bbox 329 875 1832 933; baseline 0 -13"><span class='ocrx_word' id='word_1_80' title='bbox 329 879 589 928; x_wconf 87' lang='lat' dir='ltr'>reuocasset,</span> <span class='ocrx_word' id='word_1_81' title='bbox 597 876 714 919; x_wconf 86' lang='lat' dir='ltr'>dixit</span> <span class='ocrx_word' id='word_1_82' title='bbox 734 876 831 927; x_wconf 83' lang='lat' dir='ltr'>sibi,</span> <span class='ocrx_word' id='word_1_83' title='bbox 842 878 1071 933; x_wconf 84' lang='lat' dir='ltr'>tamquam</span> <span class='ocrx_word' id='word_1_84' title='bbox 1085 876 1254 919; x_wconf 90' lang='lat' dir='ltr'>homini</span> <span class='ocrx_word' id='word_1_85' title='bbox 1267 879 1312 919; x_wconf 93' lang='lat' dir='ltr'>et</span> <span class='ocrx_word' id='word_1_86' title='bbox 1327 876 1403 933; x_wconf 90' lang='lat' dir='ltr'>qui</span> <span class='ocrx_word' id='word_1_87' title='bbox 1423 875 1585 920; x_wconf 87' lang='lat' dir='ltr'>iudicio</span> <span class='ocrx_word' id='word_1_88' title='bbox 1600 876 1797 920; x_wconf 89' lang='lat' dir='ltr'>subiacet</span> <span class='ocrx_word' id='word_1_89' title='bbox 1815 889 1832 914; x_wconf 85' lang='lat'>1</span> 
     </span>
     <span class='ocr_line' id='line_1_12' title="bbox 328 944 1797 1002; baseline 0 -14"><span class='ocrx_word' id='word_1_90' title='bbox 328 946 617 996; x_wconf 91' lang='lat' dir='ltr'>sacerdotum,</span> <span class='ocrx_word' id='word_1_91' title='bbox 636 945 841 988; x_wconf 88' lang='lat' dir='ltr'>illicitum</span> <span class='ocrx_word' id='word_1_92' title='bbox 854 959 947 988; x_wconf 91' lang='lat' dir='ltr'>esse</span> <span class='ocrx_word' id='word_1_93' title='bbox 966 945 1148 988; x_wconf 88' lang='lat' dir='ltr'>deorum</span> <span class='ocrx_word' id='word_1_94' title='bbox 1164 946 1417 989; x_wconf 88' lang='lat' dir='ltr'>examinare</span> <span class='ocrx_word' id='word_1_95' title='bbox 1431 959 1595 996; x_wconf 80' lang='lat' dir='ltr'>causas,</span> <span class='ocrx_word' id='word_1_96' title='bbox 1611 945 1687 1002; x_wconf 88' lang='lat' dir='ltr'>qui</span> <span class='ocrx_word' id='word_1_97' title='bbox 1706 944 1797 988; x_wconf 88' lang='lat' dir='ltr'>non</span> 
     </span>
    </p>

    <p class='ocr_par' dir='ltr' id='par_1_3' title="bbox 287 1013 1861 1832">
     <span class='ocr_line' id='line_1_13' title="bbox 287 1013 1858 1076; baseline -0.001 -17"><span class='ocrx_word' id='word_1_98' title='bbox 287 1030 314 1059; x_wconf 84' lang='lat' dir='ltr'>c</span> <span class='ocrx_word' id='word_1_99' title='bbox 328 1018 514 1072; x_wconf 88' lang='lat' dir='ltr'>possunt</span> <span class='ocrx_word' id='word_1_100' title='bbox 532 1014 619 1057; x_wconf 90' lang='lat' dir='ltr'>nisi</span> <span class='ocrx_word' id='word_1_101' title='bbox 639 1029 666 1057; x_wconf 93' lang='lat' dir='ltr'>a</span> <span class='ocrx_word' id='word_1_102' title='bbox 686 1013 778 1057; x_wconf 89' lang='lat' dir='ltr'>solo</span> <span class='ocrx_word' id='word_1_103' title='bbox 797 1014 892 1057; x_wconf 93' lang='lat' dir='ltr'>Deo</span> <span class='ocrx_word' id='word_1_104' title='bbox 910 1014 1106 1058; x_wconf 88' lang='lat' dir='ltr'>iudicari.</span> <span class='ocrx_word' id='word_1_105' title='bbox 1166 1014 1418 1072; x_wconf 90' lang='lat' dir='ltr'>Librosque,</span> <span class='ocrx_word' id='word_1_106' title='bbox 1434 1029 1543 1071; x_wconf 93' lang='lat' dir='ltr'>quos</span> <span class='ocrx_word' id='word_1_107' title='bbox 1562 1017 1797 1071; x_wconf 85' lang='lat' dir='ltr'>receperat,</span> <span class='ocrx_word' id='word_1_108' title='bbox 1844 1046 1858 1076; x_wconf 78' lang='lat'>.³</span> 
     </span>
     <span class='ocr_line' id='line_1_14' title="bbox 327 1083 1861 1144; baseline 0 -18"><span class='ocrx_word' id='word_1_109' title='bbox 327 1098 418 1127; x_wconf 91' lang='lat' dir='ltr'>non</span> <span class='ocrx_word' id='word_1_110' title='bbox 452 1084 671 1140; x_wconf 86' lang='lat' dir='ltr'>inspectos</span> <span class='ocrx_word' id='word_1_111' title='bbox 705 1083 828 1126; x_wconf 89' lang='lat' dir='ltr'>dedit</span> <span class='ocrx_word' id='word_1_112' title='bbox 861 1083 1074 1135; x_wconf 90' lang='lat' dir='ltr'>incendio,</span> <span class='ocrx_word' id='word_1_113' title='bbox 1101 1086 1281 1141; x_wconf 87' lang='lat' dir='ltr'>patrum</span> <span class='ocrx_word' id='word_1_114' title='bbox 1310 1084 1480 1127; x_wconf 88' lang='lat' dir='ltr'>ueritus</span> <span class='ocrx_word' id='word_1_115' title='bbox 1509 1083 1694 1127; x_wconf 89' lang='lat' dir='ltr'>crimina</span> <span class='ocrx_word' id='word_1_116' title='bbox 1722 1083 1796 1126; x_wconf 92' lang='lat' dir='ltr'>uel</span> <span class='ocrx_word' id='word_1_117' title='bbox 1856 1101 1861 1144; x_wconf 42' lang='grc' dir='ltr'><strong>χ</strong></span> 
     </span>
     <span class='ocr_line' id='line_1_15' title="bbox 328 1152 1858 1210; baseline -0.001 -14"><span class='ocrx_word' id='word_1_118' title='bbox 328 1152 525 1196; x_wconf 91' lang='lat' dir='ltr'>conuitia</span> <span class='ocrx_word' id='word_1_119' title='bbox 562 1152 786 1209; x_wconf 86' lang='lat' dir='ltr'>publicare</span> <span class='ocrx_word' id='word_1_120' title='bbox 826 1155 872 1195; x_wconf 92' lang='lat' dir='ltr'>et</span> <span class='ocrx_word' id='word_1_121' title='bbox 918 1152 1059 1197; x_wconf 88' lang='lat' dir='ltr'>Cham</span> <span class='ocrx_word' id='word_1_122' title='bbox 1099 1154 1273 1210; x_wconf 91' lang='lat' dir='ltr'>reprobi</span> <span class='ocrx_word' id='word_1_123' title='bbox 1317 1153 1398 1196; x_wconf 92' lang='lat' dir='ltr'>filii</span> <span class='ocrx_word' id='word_1_124' title='bbox 1441 1152 1793 1196; x_wconf 84' lang='lat' dir='ltr'>maledictionem</span> <span class='ocrx_word' id='word_1_125' title='bbox 1856 1196 1858 1201; x_wconf 72' lang='lat'>,</span> 
     </span>
     <span class='ocr_line' id='line_1_16' title="bbox 328 1221 1855 1279; baseline 0.001 -15"><span class='ocrx_word' id='word_1_126' title='bbox 328 1222 561 1273; x_wconf 88' lang='lat' dir='ltr'>incurrere,</span> <span class='ocrx_word' id='word_1_127' title='bbox 578 1222 654 1279; x_wconf 93' lang='lat' dir='ltr'>qui</span> <span class='ocrx_word' id='word_1_128' title='bbox 674 1222 815 1279; x_wconf 76' lang='lat' dir='ltr'>patris</span> <span class='ocrx_word' id='word_1_129' title='bbox 834 1223 1028 1265; x_wconf 90' lang='lat' dir='ltr'>uerenda</span> <span class='ocrx_word' id='word_1_130' title='bbox 1047 1237 1136 1265; x_wconf 96' lang='lat' dir='ltr'>non</span> <span class='ocrx_word' id='word_1_131' title='bbox 1156 1223 1282 1266; x_wconf 88' lang='lat' dir='ltr'>texit.</span> <span class='ocrx_word' id='word_1_132' title='bbox 1341 1222 1469 1265; x_wconf 88' lang='lat' dir='ltr'>Vnde</span> <span class='ocrx_word' id='word_1_133' title='bbox 1488 1225 1534 1265; x_wconf 91' lang='lat' dir='ltr'>et</span> <span class='ocrx_word' id='word_1_134' title='bbox 1552 1222 1600 1264; x_wconf 92' lang='lat' dir='ltr'>in</span> <span class='ocrx_word' id='word_1_135' title='bbox 1619 1221 1794 1279; x_wconf 90' lang='lat' dir='ltr'>scriptis</span> <span class='ocrx_word' id='word_1_136' title='bbox 1813 1235 1829 1260; x_wconf 90' lang='lat'>1</span> <span class='ocrx_word' id='word_1_137' title='bbox 1849 1223 1855 1271; x_wconf 74' lang='lat' dir='ltr'>&#39;J</span> 
     </span>
     <span class='ocr_line' id='line_1_17' title="bbox 329 1290 1852 1348; baseline 0 -14"><span class='ocrx_word' id='word_1_138' title='bbox 329 1291 534 1335; x_wconf 91' lang='lat' dir='ltr'>Nicholai</span> <span class='ocrx_word' id='word_1_139' title='bbox 561 1291 750 1334; x_wconf 89' lang='lat' dir='ltr'>Romani</span> <span class='ocrx_word' id='word_1_140' title='bbox 776 1292 997 1348; x_wconf 90' lang='lat' dir='ltr'>pontificis</span> <span class='ocrx_word' id='word_1_141' title='bbox 1020 1292 1137 1334; x_wconf 88' lang='lat' dir='ltr'>idem</span> <span class='ocrx_word' id='word_1_142' title='bbox 1164 1291 1328 1335; x_wconf 83' lang='lat' dir='ltr'>dixisse</span> <span class='ocrx_word' id='word_1_143' title='bbox 1354 1294 1585 1334; x_wconf 87' lang='lat' dir='ltr'>narratur:</span> <span class='ocrx_word' id='word_1_144' title='bbox 1614 1291 1729 1334; x_wconf 88' lang='lat' dir='ltr'>Vere</span> <span class='ocrx_word' id='word_1_145' title='bbox 1755 1290 1794 1334; x_wconf 89' lang='lat' dir='ltr'>si</span> <span class='ocrx_word' id='word_1_146' title='bbox 1850 1302 1852 1304; x_wconf 78' lang='grc'>’</span> 
     </span>
     <span class='ocr_line' id='line_1_18' title="bbox 327 1361 1793 1418; baseline 0 -15"><span class='ocrx_word' id='word_1_147' title='bbox 327 1361 518 1418; x_wconf 91' lang='lat' dir='ltr'>propriis</span> <span class='ocrx_word' id='word_1_148' title='bbox 543 1361 680 1403; x_wconf 91' lang='lat' dir='ltr'>oculis</span> <span class='ocrx_word' id='word_1_149' title='bbox 699 1361 907 1403; x_wconf 89' lang='lat' dir='ltr'>uidissem</span> <span class='ocrx_word' id='word_1_150' title='bbox 927 1361 1196 1404; x_wconf 88' lang='lat' dir='ltr'>sacerdotem</span> <span class='ocrx_word' id='word_1_151' title='bbox 1222 1361 1306 1404; x_wconf 93' lang='lat' dir='ltr'>Dei</span> <span class='ocrx_word' id='word_1_152' title='bbox 1331 1363 1411 1403; x_wconf 91' lang='lat' dir='ltr'>aut</span> <span class='ocrx_word' id='word_1_153' title='bbox 1429 1361 1621 1417; x_wconf 90' lang='lat' dir='ltr'>aliquem</span> <span class='ocrx_word' id='word_1_154' title='bbox 1641 1374 1793 1403; x_wconf 90' lang='lat' dir='ltr'>eorum</span> 
     </span>
     <span class='ocr_line' id='line_1_19' title="bbox 328 1429 1856 1486; baseline 0 -15"><span class='ocrx_word' id='word_1_155' title='bbox 328 1429 405 1485; x_wconf 91' lang='lat' dir='ltr'>qui</span> <span class='ocrx_word' id='word_1_156' title='bbox 426 1429 679 1472; x_wconf 88' lang='lat' dir='ltr'>monachico</span> <span class='ocrx_word' id='word_1_157' title='bbox 699 1429 857 1472; x_wconf 82' lang='lat' dir='ltr'>habitu</span> <span class='ocrx_word' id='word_1_158' title='bbox 881 1429 1195 1473; x_wconf 89' lang='lat' dir='ltr'>circumamicti</span> <span class='ocrx_word' id='word_1_159' title='bbox 1222 1432 1338 1479; x_wconf 89' lang='lat' dir='ltr'>sunt,</span> <span class='ocrx_word' id='word_1_160' title='bbox 1358 1432 1622 1486; x_wconf 86' lang='lat' dir='ltr'>peccantem,</span> <span class='ocrx_word' id='word_1_161' title='bbox 1642 1429 1790 1472; x_wconf 90' lang='lat' dir='ltr'>clami-</span> <span class='ocrx_word' id='word_1_162' title='bbox 1852 1455 1856 1460; x_wconf 90' lang='lat'><em>·</em></span> 
     </span>
     <span class='ocr_line' id='line_1_20' title="bbox 327 1496 1859 1555; baseline 0.001 -15"><span class='ocrx_word' id='word_1_163' title='bbox 327 1498 428 1541; x_wconf 93' lang='lat' dir='ltr'>dem</span> <span class='ocrx_word' id='word_1_164' title='bbox 461 1514 605 1541; x_wconf 90' lang='lat' dir='ltr'>meam</span> <span class='ocrx_word' id='word_1_165' title='bbox 639 1499 903 1555; x_wconf 86' lang='lat' dir='ltr'>explicarem</span> <span class='ocrx_word' id='word_1_166' title='bbox 943 1501 989 1541; x_wconf 91' lang='lat' dir='ltr'>et</span> <span class='ocrx_word' id='word_1_167' title='bbox 1027 1498 1294 1555; x_wconf 89' lang='lat' dir='ltr'>cooperirem</span> <span class='ocrx_word' id='word_1_168' title='bbox 1323 1513 1438 1550; x_wconf 92' lang='lat' dir='ltr'>eum,</span> <span class='ocrx_word' id='word_1_169' title='bbox 1466 1513 1523 1541; x_wconf 93' lang='lat' dir='ltr'>ne</span> <span class='ocrx_word' id='word_1_170' title='bbox 1556 1498 1613 1541; x_wconf 92' lang='lat' dir='ltr'>ab</span> <span class='ocrx_word' id='word_1_171' title='bbox 1642 1498 1791 1555; x_wconf 89' lang='lat' dir='ltr'>aliquo</span> <span class='ocrx_word' id='word_1_172' title='bbox 1846 1496 1859 1549; x_wconf 49' lang='grc' dir='ltr'><em>ἦ</em></span> 
     </span>
     <span class='ocr_line' id='line_1_21' title="bbox 327 1566 1854 1624; baseline 0.001 -16"><span class='ocrx_word' id='word_1_173' title='bbox 327 1566 567 1611; x_wconf 91' lang='lat' dir='ltr'>uideretur.</span> <span class='ocrx_word' id='word_1_174' title='bbox 616 1567 703 1610; x_wconf 86' lang='lat' dir='ltr'>Sed</span> <span class='ocrx_word' id='word_1_175' title='bbox 719 1570 764 1610; x_wconf 93' lang='lat' dir='ltr'>et</span> <span class='ocrx_word' id='word_1_176' title='bbox 778 1567 1048 1610; x_wconf 88' lang='lat' dir='ltr'>Theodosius</span> <span class='ocrx_word' id='word_1_177' title='bbox 1062 1582 1249 1624; x_wconf 88' lang='lat' dir='ltr'>magnus</span> <span class='ocrx_word' id='word_1_178' title='bbox 1263 1568 1503 1624; x_wconf 87' lang='lat' dir='ltr'>imperator</span> <span class='ocrx_word' id='word_1_179' title='bbox 1517 1568 1573 1610; x_wconf 94' lang='lat' dir='ltr'>ob</span> <span class='ocrx_word' id='word_1_180' title='bbox 1585 1567 1790 1610; x_wconf 86' lang='lat' dir='ltr'>meritam</span> <span class='ocrx_word' id='word_1_181' title='bbox 1808 1579 1825 1604; x_wconf 81' lang='lat'><em>²</em></span> <span class='ocrx_word' id='word_1_182' title='bbox 1852 1599 1854 1616; x_wconf 56' lang='grc'>;</span> 
     </span>
     <span class='ocr_line' id='line_1_22' title="bbox 325 1636 1856 1694; baseline 0.001 -17"><span class='ocrx_word' id='word_1_183' title='bbox 325 1650 500 1687; x_wconf 86' lang='lat' dir='ltr'>noxam,</span> <span class='ocrx_word' id='word_1_184' title='bbox 515 1650 605 1679; x_wconf 94' lang='lat' dir='ltr'>non</span> <span class='ocrx_word' id='word_1_185' title='bbox 619 1639 769 1679; x_wconf 90' lang='lat' dir='ltr'>tamen</span> <span class='ocrx_word' id='word_1_186' title='bbox 784 1639 965 1691; x_wconf 89' lang='lat' dir='ltr'>eotenus</span> <span class='ocrx_word' id='word_1_187' title='bbox 979 1651 1173 1694; x_wconf 87' lang='lat' dir='ltr'>grauem,</span> <span class='ocrx_word' id='word_1_188' title='bbox 1184 1651 1212 1679; x_wconf 94' lang='lat' dir='ltr'>a</span> <span class='ocrx_word' id='word_1_189' title='bbox 1231 1636 1454 1680; x_wconf 89' lang='lat' dir='ltr'>sacerdote</span> <span class='ocrx_word' id='word_1_190' title='bbox 1474 1636 1791 1679; x_wconf 88' lang='lat' dir='ltr'>Mediolanensi</span> <span class='ocrx_word' id='word_1_191' title='bbox 1852 1681 1856 1693; x_wconf 27' lang='lat' dir='ltr'>f</span> 
     </span>
     <span class='ocr_line' id='line_1_23' title="bbox 327 1705 1854 1767; baseline 0.001 -20"><span class='ocrx_word' id='word_1_192' title='bbox 327 1719 355 1747; x_wconf 91' lang='lat' dir='ltr'>a</span> <span class='ocrx_word' id='word_1_193' title='bbox 394 1705 608 1762; x_wconf 88' lang='lat' dir='ltr'>regalium</span> <span class='ocrx_word' id='word_1_194' title='bbox 647 1719 732 1748; x_wconf 88' lang='lat' dir='ltr'>usu</span> <span class='ocrx_word' id='word_1_195' title='bbox 771 1708 817 1748; x_wconf 89' lang='lat' dir='ltr'>et</span> <span class='ocrx_word' id='word_1_196' title='bbox 855 1705 1104 1763; x_wconf 84' lang='lat' dir='ltr'>insignibus</span> <span class='ocrx_word' id='word_1_197' title='bbox 1149 1705 1322 1762; x_wconf 89' lang='lat' dir='ltr'>imperii</span> <span class='ocrx_word' id='word_1_198' title='bbox 1367 1719 1603 1762; x_wconf 87' lang='lat' dir='ltr'>suspensus</span> <span class='ocrx_word' id='word_1_199' title='bbox 1642 1708 1710 1748; x_wconf 89' lang='lat' dir='ltr'>est</span> <span class='ocrx_word' id='word_1_200' title='bbox 1743 1709 1790 1750; x_wconf 92' lang='lat' dir='ltr'>et</span> <span class='ocrx_word' id='word_1_201' title='bbox 1850 1731 1854 1767; x_wconf 53' lang='lat'>5</span> 
     </span>
     <span class='ocr_line' id='line_1_24' title="bbox 326 1774 1792 1832; baseline 0.001 -16"><span class='ocrx_word' id='word_1_202' title='bbox 326 1774 540 1818; x_wconf 91' lang='lat' dir='ltr'>indictam</span> <span class='ocrx_word' id='word_1_203' title='bbox 556 1775 640 1817; x_wconf 89' lang='lat' dir='ltr'>sibi</span> <span class='ocrx_word' id='word_1_204' title='bbox 655 1775 945 1831; x_wconf 86' lang='lat' dir='ltr'>penitentiam</span> <span class='ocrx_word' id='word_1_205' title='bbox 961 1775 1185 1818; x_wconf 90' lang='lat' dir='ltr'>homicidii</span> <span class='ocrx_word' id='word_1_206' title='bbox 1196 1775 1418 1832; x_wconf 88' lang='lat' dir='ltr'>patienter</span> <span class='ocrx_word' id='word_1_207' title='bbox 1432 1777 1478 1818; x_wconf 92' lang='lat' dir='ltr'>et</span> <span class='ocrx_word' id='word_1_208' title='bbox 1491 1774 1792 1832; x_wconf 88' lang='lat' dir='ltr'>sollempniter</span> 
     </span>
    </p>

    <p class='ocr_par' dir='ltr' id='par_1_4' title="bbox 283 1836 1861 2040">
     <span class='ocr_line' id='line_1_25' title="bbox 283 1836 1861 1901; baseline 0.001 -16"><span class='ocrx_word' id='word_1_209' title='bbox 283 1844 312 1884; x_wconf 90' lang='lat' dir='ltr'>d</span> <span class='ocrx_word' id='word_1_210' title='bbox 328 1843 432 1900; x_wconf 87' lang='lat' dir='ltr'>egit.</span> <span class='ocrx_word' id='word_1_211' title='bbox 493 1843 707 1895; x_wconf 78' lang='lat' dir='ltr'>Profecto,</span> <span class='ocrx_word' id='word_1_212' title='bbox 726 1846 778 1886; x_wconf 89' lang='lat' dir='ltr'>ut</span> <span class='ocrx_word' id='word_1_213' title='bbox 798 1843 1001 1887; x_wconf 89' lang='lat' dir='ltr'>Doctoris</span> <span class='ocrx_word' id='word_1_214' title='bbox 1020 1845 1221 1901; x_wconf 85' lang='lat' dir='ltr'>gentium</span> <span class='ocrx_word' id='word_1_215' title='bbox 1243 1843 1495 1887; x_wconf 90' lang='lat' dir='ltr'>testimonio</span> <span class='ocrx_word' id='word_1_216' title='bbox 1514 1846 1629 1896; x_wconf 91' lang='lat' dir='ltr'>utar,</span> <span class='ocrx_word' id='word_1_217' title='bbox 1648 1844 1790 1887; x_wconf 90' lang='lat' dir='ltr'>maior</span> <span class='ocrx_word' id='word_1_218' title='bbox 1860 1836 1861 1840; x_wconf 30' lang='lat'>¹</span> 
     </span>
     <span class='ocr_line' id='line_1_26' title="bbox 326 1913 1846 1970; baseline -0.001 -16"><span class='ocrx_word' id='word_1_219' title='bbox 326 1915 394 1954; x_wconf 90' lang='lat' dir='ltr'>est</span> <span class='ocrx_word' id='word_1_220' title='bbox 420 1913 496 1969; x_wconf 91' lang='lat' dir='ltr'>qui</span> <span class='ocrx_word' id='word_1_221' title='bbox 523 1913 743 1955; x_wconf 90' lang='lat' dir='ltr'>benedicit</span> <span class='ocrx_word' id='word_1_222' title='bbox 769 1927 901 1969; x_wconf 90' lang='lat' dir='ltr'>quam</span> <span class='ocrx_word' id='word_1_223' title='bbox 928 1913 1005 1970; x_wconf 92' lang='lat' dir='ltr'>qui</span> <span class='ocrx_word' id='word_1_224' title='bbox 1029 1913 1314 1964; x_wconf 88' lang='lat' dir='ltr'>benedicitur,</span> <span class='ocrx_word' id='word_1_225' title='bbox 1335 1916 1379 1956; x_wconf 91' lang='lat' dir='ltr'>et</span> <span class='ocrx_word' id='word_1_226' title='bbox 1404 1927 1537 1970; x_wconf 86' lang='lat' dir='ltr'>penes</span> <span class='ocrx_word' id='word_1_227' title='bbox 1563 1927 1692 1969; x_wconf 90' lang='lat' dir='ltr'>quem</span> <span class='ocrx_word' id='word_1_228' title='bbox 1719 1914 1788 1956; x_wconf 86' lang='lat' dir='ltr'>est</span> <span class='ocrx_word' id='word_1_229' title='bbox 1804 1927 1846 1964; x_wconf 81' lang='lat'>²⁵</span> 
     </span>
     <span class='ocr_line' id='line_1_27' title="bbox 325 1981 1787 2040; baseline 0.001 -16"><span class='ocrx_word' id='word_1_230' title='bbox 325 1981 614 2024; x_wconf 80' lang='lat' dir='ltr'>conferendae</span> <span class='ocrx_word' id='word_1_231' title='bbox 649 1981 883 2038; x_wconf 85' lang='lat' dir='ltr'>dignitatis</span> <span class='ocrx_word' id='word_1_232' title='bbox 921 1983 1162 2026; x_wconf 90' lang='lat' dir='ltr'>auctoritas</span> <span class='ocrx_word' id='word_1_233' title='bbox 1200 1997 1312 2034; x_wconf 91' lang='lat' dir='ltr'>eum,</span> <span class='ocrx_word' id='word_1_234' title='bbox 1345 1981 1417 2026; x_wconf 90' lang='lat' dir='ltr'>cui</span> <span class='ocrx_word' id='word_1_235' title='bbox 1455 1982 1652 2040; x_wconf 85' lang='lat' dir='ltr'>dignitas</span> <span class='ocrx_word' id='word_1_236' title='bbox 1689 1982 1787 2040; x_wconf 87' lang='lat' dir='ltr'>ipsa</span> 
     </span>
    </p>
   </div>
   <div class='ocr_carea' id='block_1_3' title="bbox 1828 0 1878 2451">
    <p class='ocr_par' dir='ltr' id='par_1_5' title="bbox 1828 0 1878 2451">
     <span class='ocr_line' id='line_1_28' title="bbox 1847 0 1878 664; baseline 0 0"><span class='ocrx_word' id='word_1_237' title='bbox 1847 0 1878 664; x_wconf 95' lang='lat' dir='ltr'>   </span> 
     </span>
     <span class='ocr_line' id='line_1_29' title="bbox 1833 664 1878 1308; baseline 0 0"><span class='ocrx_word' id='word_1_238' title='bbox 1833 664 1878 1308; x_wconf 95' lang='lat' dir='ltr'>     </span> <span class='ocrx_word' id='word_1_239' title='bbox 1869 664 1878 704; x_wconf 95' lang='lat' dir='ltr'> </span> 
     </span>
     <span class='ocr_line' id='line_1_30' title="bbox 1828 1308 1878 2451; baseline 0 -566"><span class='ocrx_word' id='word_1_240' title='bbox 1828 1308 1878 2451; x_wconf 95' lang='lat' dir='ltr'>   </span> 
     </span>
    </p>
   </div>
   <div class='ocr_carea' id='block_1_4' title="bbox 322 2095 1850 2293">
    <p class='ocr_par' dir='ltr' id='par_1_6' title="bbox 322 2095 1850 2293">
     <span class='ocr_line' id='line_1_31' title="bbox 329 2095 1025 2142; baseline 0 -10"><span class='ocrx_word' id='word_1_241' title='bbox 329 2097 371 2132; x_wconf 93' lang='lat'>18</span> <span class='ocrx_word' id='word_1_242' title='bbox 396 2096 504 2132; x_wconf 89' lang='lat' dir='ltr'>abitu</span> <span class='ocrx_word' id='word_1_243' title='bbox 522 2095 546 2132; x_wconf 88' lang='lat' dir='ltr'>S</span> <span class='ocrx_word' id='word_1_244' title='bbox 689 2107 734 2142; x_wconf 89' lang='lat'>23</span> <span class='ocrx_word' id='word_1_245' title='bbox 760 2095 969 2134; x_wconf 88' lang='lat' dir='ltr'>solenniter</span> <span class='ocrx_word' id='word_1_246' title='bbox 985 2097 1025 2132; x_wconf 90' lang='lat' dir='ltr'>M</span> 
     </span>
     <span class='ocr_line' id='line_1_32' title="bbox 372 2193 1850 2247; baseline 0.001 -12"><span class='ocrx_word' id='word_1_247' title='bbox 372 2209 391 2235; x_wconf 90' lang='lat'><strong>2</strong></span> <span class='ocrx_word' id='word_1_248' title='bbox 417 2211 480 2235; x_wconf 78' lang='lat' dir='ltr'>nee</span> <span class='ocrx_word' id='word_1_249' title='bbox 503 2201 667 2245; x_wconf 70' lang='lat' dir='ltr'>primum</span> <span class='ocrx_word' id='word_1_250' title='bbox 691 2200 805 2236; x_wconf 83' lang='lat' dir='ltr'>locum</span> <span class='ocrx_word' id='word_1_251' title='bbox 830 2201 926 2236; x_wconf 89' lang='lat' dir='ltr'>etc.:</span> <span class='ocrx_word' id='word_1_252' title='bbox 954 2212 986 2236; x_wconf 88' lang='lat' dir='ltr'>v.</span> <span class='ocrx_word' id='word_1_253' title='bbox 1012 2199 1173 2236; x_wconf 82' lang='lat' dir='ltr'>Cassiod.</span> <span class='ocrx_word' id='word_1_254' title='bbox 1203 2201 1299 2237; x_wconf 74' lang='lat' dir='ltr'>Hist.</span> <span class='ocrx_word' id='word_1_255' title='bbox 1330 2202 1490 2247; x_wconf 79' lang='lat' dir='ltr'>Tripart.</span> <span class='ocrx_word' id='word_1_256' title='bbox 1515 2199 1555 2236; x_wconf 91' lang='lat' dir='ltr'>ii.</span> <span class='ocrx_word' id='word_1_257' title='bbox 1585 2208 1603 2246; x_wconf 81' lang='grc'><strong><em>5</em></strong></span> <span class='ocrx_word' id='word_1_258' title='bbox 1636 2193 1782 2246; x_wconf 83' lang='lat' dir='ltr'>(Migne</span> <span class='ocrx_word' id='word_1_259' title='bbox 1848 2241 1850 2243; x_wconf 36' lang='grc'><strong>,</strong></span> 
     </span>
     <span class='ocr_line' id='line_1_33' title="bbox 322 2246 1781 2293; baseline 0.001 -12"><span class='ocrx_word' id='word_1_260' title='bbox 322 2247 364 2282; x_wconf 88' lang='lat' dir='ltr'>P.</span> <span class='ocrx_word' id='word_1_261' title='bbox 383 2248 425 2282; x_wconf 88' lang='lat' dir='ltr'>L.</span> <span class='ocrx_word' id='word_1_262' title='bbox 445 2246 535 2282; x_wconf 81' lang='lat' dir='ltr'>lxix,</span> <span class='ocrx_word' id='word_1_263' title='bbox 554 2247 651 2291; x_wconf 87' lang='lat'><strong>924).</strong></span> <span class='ocrx_word' id='word_1_264' title='bbox 825 2258 848 2292; x_wconf 87' lang='lat'><strong>4</strong></span> <span class='ocrx_word' id='word_1_265' title='bbox 874 2249 1077 2284; x_wconf 78' lang='lat' dir='ltr'>Sententias</span> <span class='ocrx_word' id='word_1_266' title='bbox 1093 2250 1163 2283; x_wconf 90' lang='lat' dir='ltr'>etc.</span> <span class='ocrx_word' id='word_1_267' title='bbox 1179 2260 1187 2283; x_wconf 92' lang='lat'><strong>:</strong></span> <span class='ocrx_word' id='word_1_268' title='bbox 1212 2260 1244 2283; x_wconf 87' lang='lat' dir='ltr'>v.</span> <span class='ocrx_word' id='word_1_269' title='bbox 1263 2248 1424 2284; x_wconf 85' lang='lat' dir='ltr'>Cassiod.</span> <span class='ocrx_word' id='word_1_270' title='bbox 1443 2249 1539 2284; x_wconf 73' lang='lat' dir='ltr'>Hist.</span> <span class='ocrx_word' id='word_1_271' title='bbox 1562 2249 1721 2293; x_wconf 79' lang='lat' dir='ltr'>Tripart.</span> <span class='ocrx_word' id='word_1_272' title='bbox 1740 2246 1781 2283; x_wconf 86' lang='lat' dir='ltr'>ii.</span> 
     </span>
    </p>
   </div>
   <div class='ocr_carea' id='block_1_5' title="bbox 320 2293 1878 2811">
    <p class='ocr_par' dir='ltr' id='par_1_7' title="bbox 327 2293 1780 2340">
     <span class='ocr_line' id='line_1_34' title="bbox 327 2293 1780 2340; baseline 0 -11"><span class='ocrx_word' id='word_1_273' title='bbox 327 2304 369 2338; x_wconf 92' lang='lat'>14</span> <span class='ocrx_word' id='word_1_274' title='bbox 389 2293 535 2340; x_wconf 86' lang='lat' dir='ltr'>(Migne</span> <span class='ocrx_word' id='word_1_275' title='bbox 553 2296 592 2329; x_wconf 93' lang='lat' dir='ltr'>P.</span> <span class='ocrx_word' id='word_1_276' title='bbox 609 2295 652 2330; x_wconf 88' lang='lat' dir='ltr'>L.</span> <span class='ocrx_word' id='word_1_277' title='bbox 670 2293 762 2329; x_wconf 89' lang='lat' dir='ltr'>lxix.</span> <span class='ocrx_word' id='word_1_278' title='bbox 781 2294 879 2340; x_wconf 88' lang='lat'>934).</span> <span class='ocrx_word' id='word_1_279' title='bbox 1033 2297 1055 2330; x_wconf 91' lang='lat'><strong>6</strong></span> <span class='ocrx_word' id='word_1_280' title='bbox 1079 2297 1148 2331; x_wconf 80' lang='lat' dir='ltr'>Sed</span> <span class='ocrx_word' id='word_1_281' title='bbox 1165 2300 1196 2330; x_wconf 81' lang='lat' dir='ltr'>et</span> <span class='ocrx_word' id='word_1_282' title='bbox 1215 2297 1348 2332; x_wconf 82' lang='lat' dir='ltr'>libellos</span> <span class='ocrx_word' id='word_1_283' title='bbox 1364 2298 1459 2332; x_wconf 86' lang='lat' dir='ltr'>etc.:</span> <span class='ocrx_word' id='word_1_284' title='bbox 1483 2307 1514 2331; x_wconf 87' lang='lat' dir='ltr'>v.</span> <span class='ocrx_word' id='word_1_285' title='bbox 1533 2293 1665 2330; x_wconf 88' lang='lat' dir='ltr'>Ruffin.</span> <span class='ocrx_word' id='word_1_286' title='bbox 1684 2295 1780 2330; x_wconf 80' lang='lat' dir='ltr'>Hist.</span> 
     </span>
    </p>

    <p class='ocr_par' dir='ltr' id='par_1_8' title="bbox 322 2340 1846 2436">
     <span class='ocr_line' id='line_1_35' title="bbox 322 2340 1846 2388; baseline 0 -12"><span class='ocrx_word' id='word_1_287' title='bbox 322 2341 419 2376; x_wconf 82' lang='lat' dir='ltr'>Eccl.</span> <span class='ocrx_word' id='word_1_288' title='bbox 439 2340 463 2376; x_wconf 90' lang='lat' dir='ltr'>i.</span> <span class='ocrx_word' id='word_1_289' title='bbox 483 2351 502 2376; x_wconf 89' lang='lat'>2</span> <span class='ocrx_word' id='word_1_290' title='bbox 524 2341 667 2387; x_wconf 86' lang='lat' dir='ltr'>(Migne</span> <span class='ocrx_word' id='word_1_291' title='bbox 684 2343 725 2376; x_wconf 91' lang='lat' dir='ltr'>P.</span> <span class='ocrx_word' id='word_1_292' title='bbox 743 2343 785 2376; x_wconf 89' lang='lat' dir='ltr'>L.</span> <span class='ocrx_word' id='word_1_293' title='bbox 805 2341 880 2377; x_wconf 87' lang='lat' dir='ltr'>xxi.</span> <span class='ocrx_word' id='word_1_294' title='bbox 898 2341 1007 2386; x_wconf 88' lang='lat'>468);</span> <span class='ocrx_word' id='word_1_295' title='bbox 1031 2341 1191 2378; x_wconf 85' lang='lat' dir='ltr'>Cassiod.</span> <span class='ocrx_word' id='word_1_296' title='bbox 1218 2344 1312 2378; x_wconf 73' lang='lat' dir='ltr'>His-t.</span> <span class='ocrx_word' id='word_1_297' title='bbox 1344 2344 1502 2388; x_wconf 71' lang='lat' dir='ltr'>Tm&#39;part.</span> <span class='ocrx_word' id='word_1_298' title='bbox 1529 2341 1569 2377; x_wconf 89' lang='lat' dir='ltr'>ii.</span> <span class='ocrx_word' id='word_1_299' title='bbox 1597 2351 1618 2376; x_wconf 90' lang='lat'>2</span> <span class='ocrx_word' id='word_1_300' title='bbox 1638 2341 1782 2388; x_wconf 85' lang='lat' dir='ltr'>(Migne</span> <span class='ocrx_word' id='word_1_301' title='bbox 1842 2372 1846 2376; x_wconf 91' lang='lat'>.</span> 
     </span>
     <span class='ocr_line' id='line_1_36' title="bbox 322 2387 1781 2436; baseline 0.001 -14"><span class='ocrx_word' id='word_1_302' title='bbox 322 2389 363 2423; x_wconf 91' lang='lat' dir='ltr'>P.</span> <span class='ocrx_word' id='word_1_303' title='bbox 390 2389 432 2423; x_wconf 91' lang='lat' dir='ltr'>L.</span> <span class='ocrx_word' id='word_1_304' title='bbox 459 2387 550 2423; x_wconf 86' lang='lat' dir='ltr'>lxix.</span> <span class='ocrx_word' id='word_1_305' title='bbox 570 2388 677 2434; x_wconf 89' lang='lat'>922);</span> <span class='ocrx_word' id='word_1_306' title='bbox 705 2388 754 2424; x_wconf 89' lang='lat' dir='ltr'>cf.</span> <span class='ocrx_word' id='word_1_307' title='bbox 773 2387 883 2436; x_wconf 85' lang='lat' dir='ltr'>Greg.</span> <span class='ocrx_word' id='word_1_308' title='bbox 901 2389 1030 2434; x_wconf 86' lang='lat' dir='ltr'>Magn.</span> <span class='ocrx_word' id='word_1_309' title='bbox 1049 2391 1119 2434; x_wconf 83' lang='lat' dir='ltr'>Ep.</span> <span class='ocrx_word' id='word_1_310' title='bbox 1139 2402 1168 2425; x_wconf 92' lang='lat' dir='ltr'>v.</span> <span class='ocrx_word' id='word_1_311' title='bbox 1188 2400 1238 2434; x_wconf 88' lang='lat'>40</span> <span class='ocrx_word' id='word_1_312' title='bbox 1256 2389 1401 2436; x_wconf 85' lang='lat' dir='ltr'>(Migne</span> <span class='ocrx_word' id='word_1_313' title='bbox 1418 2391 1459 2425; x_wconf 92' lang='lat' dir='ltr'>P.</span> <span class='ocrx_word' id='word_1_314' title='bbox 1477 2391 1520 2425; x_wconf 90' lang='lat' dir='ltr'>L.</span> <span class='ocrx_word' id='word_1_315' title='bbox 1539 2387 1666 2424; x_wconf 87' lang='lat' dir='ltr'>lxxvii.</span> <span class='ocrx_word' id='word_1_316' title='bbox 1685 2388 1781 2433; x_wconf 88' lang='lat'>766),</span> 
     </span>
    </p>

    <p class='ocr_par' dir='ltr' id='par_1_9' title="bbox 320 2433 1878 2819">
     <span class='ocr_line' id='line_1_37' title="bbox 324 2433 1878 2495; baseline 0.001 -26"><span class='ocrx_word' id='word_1_317' title='bbox 324 2433 429 2470; x_wconf 85' lang='lat' dir='ltr'>Grat.</span> <span class='ocrx_word' id='word_1_318' title='bbox 442 2436 545 2470; x_wconf 83' lang='lat' dir='ltr'>Decr.</span> <span class='ocrx_word' id='word_1_319' title='bbox 557 2435 608 2473; x_wconf 55' lang='lat'>11..</span> <span class='ocrx_word' id='word_1_320' title='bbox 618 2434 667 2471; x_wconf 91' lang='lat' dir='ltr'>xi.</span> <span class='ocrx_word' id='word_1_321' title='bbox 683 2447 743 2481; x_wconf 89' lang='lat' dir='ltr'>qu.</span> <span class='ocrx_word' id='word_1_322' title='bbox 762 2445 830 2471; x_wconf 88' lang='lat' dir='ltr'>1.c.</span> <span class='ocrx_word' id='word_1_323' title='bbox 845 2446 887 2480; x_wconf 96' lang='lat'>41</span> <span class='ocrx_word' id='word_1_324' title='bbox 905 2436 1201 2483; x_wconf 87' lang='lat' dir='ltr'>(ed.Friedberg.</span> <span class='ocrx_word' id='word_1_325' title='bbox 1215 2436 1239 2472; x_wconf 92' lang='lat' dir='ltr'>i.</span> <span class='ocrx_word' id='word_1_326' title='bbox 1255 2438 1350 2482; x_wconf 89' lang='lat'>638).</span> <span class='ocrx_word' id='word_1_327' title='bbox 1448 2446 1489 2481; x_wconf 89' lang='lat'>14</span> <span class='ocrx_word' id='word_1_328' title='bbox 1512 2437 1624 2472; x_wconf 75' lang='lat' dir='ltr'>cham</span> <span class='ocrx_word' id='word_1_329' title='bbox 1634 2437 1729 2472; x_wconf 88' lang='lat' dir='ltr'>etc.:</span> <span class='ocrx_word' id='word_1_330' title='bbox 1747 2447 1779 2471; x_wconf 91' lang='lat' dir='ltr'>v.</span> <span class='ocrx_word' id='word_1_331' title='bbox 1852 2453 1878 2495; x_wconf 57' lang='lat'>&gt;33</span> 
     </span>
     <span class='ocr_line' id='line_1_38' title="bbox 322 2480 1878 2530; baseline 0.001 -14"><span class='ocrx_word' id='word_1_332' title='bbox 322 2480 416 2517; x_wconf 83' lang='lat' dir='ltr'>Gen.</span> <span class='ocrx_word' id='word_1_333' title='bbox 435 2481 485 2516; x_wconf 90' lang='lat' dir='ltr'>ix.</span> <span class='ocrx_word' id='word_1_334' title='bbox 506 2492 561 2517; x_wconf 88' lang='lat'>22.</span> <span class='ocrx_word' id='word_1_335' title='bbox 709 2483 751 2519; x_wconf 91' lang='lat'>16</span> <span class='ocrx_word' id='word_1_336' title='bbox 781 2484 867 2518; x_wconf 82' lang='lat' dir='ltr'>Vere</span> <span class='ocrx_word' id='word_1_337' title='bbox 883 2484 954 2519; x_wconf 90' lang='lat' dir='ltr'>etc.</span> <span class='ocrx_word' id='word_1_338' title='bbox 973 2494 981 2518; x_wconf 91' lang='lat'>:</span> <span class='ocrx_word' id='word_1_339' title='bbox 1007 2495 1040 2519; x_wconf 86' lang='lat' dir='ltr'>v.</span> <span class='ocrx_word' id='word_1_340' title='bbox 1058 2482 1206 2520; x_wconf 87' lang='lat' dir='ltr'>Nicolai</span> <span class='ocrx_word' id='word_1_341' title='bbox 1222 2483 1240 2518; x_wconf 90' lang='grc' dir='ltr'><strong>Ι</strong></span> <span class='ocrx_word' id='word_1_342' title='bbox 1261 2485 1332 2530; x_wconf 83' lang='lat' dir='ltr'>Ep.</span> <span class='ocrx_word' id='word_1_343' title='bbox 1350 2483 1478 2519; x_wconf 90' lang='lat' dir='ltr'>lxxxvi</span> <span class='ocrx_word' id='word_1_344' title='bbox 1498 2482 1645 2530; x_wconf 79' lang='lat' dir='ltr'>(Migne</span> <span class='ocrx_word' id='word_1_345' title='bbox 1666 2484 1707 2518; x_wconf 90' lang='lat' dir='ltr'>P.</span> <span class='ocrx_word' id='word_1_346' title='bbox 1734 2483 1781 2518; x_wconf 87' lang='lat' dir='ltr'>L.</span> <span class='ocrx_word' id='word_1_347' title='bbox 1854 2490 1878 2522; x_wconf 50' lang='lat' dir='ltr'>“z</span> 
     </span>
     <span class='ocr_line' id='line_1_39' title="bbox 323 2524 1878 2576; baseline 0.001 -14"><span class='ocrx_word' id='word_1_348' title='bbox 323 2528 419 2563; x_wconf 89' lang='lat' dir='ltr'>cxix.</span> <span class='ocrx_word' id='word_1_349' title='bbox 443 2529 542 2573; x_wconf 90' lang='lat'>944),</span> <span class='ocrx_word' id='word_1_350' title='bbox 567 2529 670 2565; x_wconf 83' lang='lat' dir='ltr'>Grat.</span> <span class='ocrx_word' id='word_1_351' title='bbox 689 2531 792 2565; x_wconf 84' lang='lat' dir='ltr'>Decr.</span> <span class='ocrx_word' id='word_1_352' title='bbox 812 2529 840 2565; x_wconf 90' lang='grc' dir='ltr'>Ι.</span> <span class='ocrx_word' id='word_1_353' title='bbox 857 2529 942 2566; x_wconf 85' lang='lat' dir='ltr'>dist.</span> <span class='ocrx_word' id='word_1_354' title='bbox 961 2531 1016 2576; x_wconf 86' lang='lat'>96.</span> <span class='ocrx_word' id='word_1_355' title='bbox 1037 2542 1067 2566; x_wconf 95' lang='lat' dir='ltr'>c.</span> <span class='ocrx_word' id='word_1_356' title='bbox 1087 2532 1107 2566; x_wconf 94' lang='lat'><em>8</em></span> <span class='ocrx_word' id='word_1_357' title='bbox 1128 2531 1198 2575; x_wconf 90' lang='lat' dir='ltr'>(ed.</span> <span class='ocrx_word' id='word_1_358' title='bbox 1218 2530 1430 2576; x_wconf 87' lang='lat' dir='ltr'>Friedberg.</span> <span class='ocrx_word' id='word_1_359' title='bbox 1450 2530 1475 2565; x_wconf 90' lang='lat' dir='ltr'>i.</span> <span class='ocrx_word' id='word_1_360' title='bbox 1494 2531 1590 2575; x_wconf 87' lang='lat'>339).</span> <span class='ocrx_word' id='word_1_361' title='bbox 1735 2539 1782 2564; x_wconf 89' lang='lat'>20</span> <span class='ocrx_word' id='word_1_362' title='bbox 1866 2524 1878 2541; x_wconf 77' lang='lat'>‘</span> 
     </span>
     <span class='ocr_line' id='line_1_40' title="bbox 321 2575 1878 2621; baseline 0.001 -12"><span class='ocrx_word' id='word_1_363' title='bbox 321 2575 391 2610; x_wconf 81' lang='lat' dir='ltr'>Sed</span> <span class='ocrx_word' id='word_1_364' title='bbox 403 2580 435 2610; x_wconf 75' lang='lat' dir='ltr'>et</span> <span class='ocrx_word' id='word_1_365' title='bbox 451 2577 666 2612; x_wconf 77' lang='lat' dir='ltr'>Theodosius</span> <span class='ocrx_word' id='word_1_366' title='bbox 678 2579 748 2613; x_wconf 90' lang='lat' dir='ltr'>etc.</span> <span class='ocrx_word' id='word_1_367' title='bbox 763 2588 772 2612; x_wconf 72' lang='grc' dir='ltr'><strong><em>ε</em></strong></span> <span class='ocrx_word' id='word_1_368' title='bbox 790 2588 821 2612; x_wconf 75' lang='grc' dir='ltr'>ν.</span> <span class='ocrx_word' id='word_1_369' title='bbox 840 2578 908 2613; x_wconf 77' lang='lat' dir='ltr'>Vit.</span> <span class='ocrx_word' id='word_1_370' title='bbox 924 2579 959 2612; x_wconf 87' lang='lat' dir='ltr'>S.</span> <span class='ocrx_word' id='word_1_371' title='bbox 974 2579 1156 2613; x_wconf 68' lang='lat' dir='ltr'>Ambrosii</span> <span class='ocrx_word' id='word_1_372' title='bbox 1172 2590 1195 2613; x_wconf 86' lang='lat' dir='ltr'>a</span> <span class='ocrx_word' id='word_1_373' title='bbox 1212 2579 1369 2614; x_wconf 80' lang='lat' dir='ltr'>Paulino</span> <span class='ocrx_word' id='word_1_374' title='bbox 1385 2580 1432 2613; x_wconf 83' lang='lat' dir='ltr'>ad</span> <span class='ocrx_word' id='word_1_375' title='bbox 1445 2579 1692 2621; x_wconf 73' lang='lat' dir='ltr'>Auyustinum</span> <span class='ocrx_word' id='word_1_376' title='bbox 1705 2587 1782 2612; x_wconf 75' lang='lat' dir='ltr'>con-</span> <span class='ocrx_word' id='word_1_377' title='bbox 1872 2579 1878 2597; x_wconf 66' lang='lat'>&#39;&#39;-</span> 
     </span>
     <span class='ocr_line' id='line_1_41' title="bbox 321 2623 1874 2670; baseline 0.001 -14"><span class='ocrx_word' id='word_1_378' title='bbox 321 2624 492 2667; x_wconf 77' lang='lat' dir='ltr'>scriptam</span> <span class='ocrx_word' id='word_1_379' title='bbox 510 2634 540 2658; x_wconf 92' lang='lat' dir='ltr'>c.</span> <span class='ocrx_word' id='word_1_380' title='bbox 560 2633 604 2667; x_wconf 90' lang='lat'>24</span> <span class='ocrx_word' id='word_1_381' title='bbox 625 2623 770 2670; x_wconf 81' lang='lat' dir='ltr'>(Migne</span> <span class='ocrx_word' id='word_1_382' title='bbox 788 2625 829 2660; x_wconf 90' lang='lat' dir='ltr'>P.</span> <span class='ocrx_word' id='word_1_383' title='bbox 853 2626 895 2660; x_wconf 91' lang='lat' dir='ltr'>L.</span> <span class='ocrx_word' id='word_1_384' title='bbox 921 2624 991 2659; x_wconf 87' lang='lat' dir='ltr'>xiv.</span> <span class='ocrx_word' id='word_1_385' title='bbox 1019 2625 1104 2670; x_wconf 84' lang='lat'>35);</span> <span class='ocrx_word' id='word_1_386' title='bbox 1132 2624 1178 2661; x_wconf 87' lang='lat' dir='ltr'>cf.</span> <span class='ocrx_word' id='word_1_387' title='bbox 1202 2624 1368 2660; x_wconf 88' lang='lat' dir='ltr'>Ambros.</span> <span class='ocrx_word' id='word_1_388' title='bbox 1391 2627 1434 2660; x_wconf 85' lang='lat' dir='ltr'>de</span> <span class='ocrx_word' id='word_1_389' title='bbox 1461 2625 1566 2660; x_wconf 80' lang='lat' dir='ltr'>Obitu</span> <span class='ocrx_word' id='word_1_390' title='bbox 1593 2623 1782 2659; x_wconf 72' lang='lat' dir='ltr'>Theodosii</span> <span class='ocrx_word' id='word_1_391' title='bbox 1844 2623 1845 2627; x_wconf 72' lang='grc'>’</span> <span class='ocrx_word' id='word_1_392' title='bbox 1872 2626 1874 2629; x_wconf 67' lang='grc'><em>“</em></span> 
     </span>
     <span class='ocr_line' id='line_1_42' title="bbox 320 2669 1878 2717; baseline 0.001 -14"><span class='ocrx_word' id='word_1_393' title='bbox 320 2679 352 2704; x_wconf 91' lang='lat' dir='ltr'>c.</span> <span class='ocrx_word' id='word_1_394' title='bbox 373 2679 417 2713; x_wconf 89' lang='lat'>24</span> <span class='ocrx_word' id='word_1_395' title='bbox 438 2669 582 2715; x_wconf 88' lang='lat' dir='ltr'>(Migne</span> <span class='ocrx_word' id='word_1_396' title='bbox 600 2672 639 2705; x_wconf 90' lang='lat' dir='ltr'>P.</span> <span class='ocrx_word' id='word_1_397' title='bbox 659 2672 702 2706; x_wconf 93' lang='lat' dir='ltr'>L.</span> <span class='ocrx_word' id='word_1_398' title='bbox 719 2670 791 2706; x_wconf 86' lang='lat' dir='ltr'>xvi.</span> <span class='ocrx_word' id='word_1_399' title='bbox 815 2671 931 2716; x_wconf 86' lang='lat'>1396).</span> <span class='ocrx_word' id='word_1_400' title='bbox 981 2671 1180 2707; x_wconf 86' lang='lat' dir='ltr'>Theodosii</span> <span class='ocrx_word' id='word_1_401' title='bbox 1204 2672 1251 2707; x_wconf 91' lang='lat' dir='ltr'>ab</span> <span class='ocrx_word' id='word_1_402' title='bbox 1276 2671 1471 2707; x_wconf 83' lang='lat' dir='ltr'>Ambrosio</span> <span class='ocrx_word' id='word_1_403' title='bbox 1496 2670 1778 2717; x_wconf 86' lang='lat' dir='ltr'>suspensionem</span> <span class='ocrx_word' id='word_1_404' title='bbox 1812 2699 1814 2701; x_wconf 95' lang='lat'>.</span> <span class='ocrx_word' id='word_1_405' title='bbox 1874 2674 1878 2679; x_wconf 62' lang='lat'>¹</span> 
     </span>
     <span class='ocr_line' id='line_1_43' title="bbox 320 2712 1878 2765; baseline 0.001 -15"><span class='ocrx_word' id='word_1_406' title='bbox 320 2717 505 2752; x_wconf 88' lang='lat' dir='ltr'>memorat</span> <span class='ocrx_word' id='word_1_407' title='bbox 523 2717 663 2751; x_wconf 81' lang='lat' dir='ltr'>Decreti</span> <span class='ocrx_word' id='word_1_408' title='bbox 679 2729 792 2763; x_wconf 87' lang='lat' dir='ltr'>supra</span> <span class='ocrx_word' id='word_1_409' title='bbox 809 2718 871 2754; x_wconf 91' lang='lat' dir='ltr'>cit.</span> <span class='ocrx_word' id='word_1_410' title='bbox 890 2718 977 2754; x_wconf 89' lang='lat' dir='ltr'>dist.</span> <span class='ocrx_word' id='word_1_411' title='bbox 996 2730 1025 2754; x_wconf 94' lang='lat' dir='ltr'>c.</span> <span class='ocrx_word' id='word_1_412' title='bbox 1049 2730 1091 2754; x_wconf 92' lang='lat'>10</span> <span class='ocrx_word' id='word_1_413' title='bbox 1111 2719 1182 2760; x_wconf 84' lang='lat' dir='ltr'>(ed.</span> <span class='ocrx_word' id='word_1_414' title='bbox 1201 2718 1418 2765; x_wconf 85' lang='lat' dir='ltr'>Friedberg.</span> <span class='ocrx_word' id='word_1_415' title='bbox 1440 2717 1464 2755; x_wconf 87' lang='lat' dir='ltr'>i.</span> <span class='ocrx_word' id='word_1_416' title='bbox 1493 2718 1589 2765; x_wconf 88' lang='lat'>340).</span> <span class='ocrx_word' id='word_1_417' title='bbox 1732 2726 1777 2761; x_wconf 89' lang='lat'>24</span> <span class='ocrx_word' id='word_1_418' title='bbox 1848 2712 1878 2765; x_wconf 61' lang='grc' dir='ltr'>,ζ</span> 
     </span>
     <span class='ocr_line' id='line_1_44' title="bbox 321 2764 1195 2811; baseline 0.003 -13"><span class='ocrx_word' id='word_1_419' title='bbox 321 2764 485 2799; x_wconf 77' lang='lat' dir='ltr'>Doct&#39;oris</span> <span class='ocrx_word' id='word_1_420' title='bbox 498 2765 657 2808; x_wconf 73' lang='lat' dir='ltr'>yentium</span> <span class='ocrx_word' id='word_1_421' title='bbox 674 2766 894 2802; x_wconf 73' lang='lat' dir='ltr'>testimonio:</span> <span class='ocrx_word' id='word_1_422' title='bbox 920 2777 952 2801; x_wconf 91' lang='lat' dir='ltr'>v.</span> <span class='ocrx_word' id='word_1_423' title='bbox 970 2765 1064 2803; x_wconf 90' lang='lat' dir='ltr'>Heb.</span> <span class='ocrx_word' id='word_1_424' title='bbox 1082 2765 1143 2802; x_wconf 79' lang='lat' dir='ltr'>vii.</span> <span class='ocrx_word' id='word_1_425' title='bbox 1163 2770 1195 2811; x_wconf 90' lang='lat'>7.</span> 
     </span>
    </p>
   </div>
   <div class='ocr_carea' id='block_1_6' title="bbox 429 2842 495 2877">
    <p class='ocr_par' dir='ltr' id='par_1_10' title="bbox 429 2842 495 2877">
     <span class='ocr_line' id='line_1_45' title="bbox 429 2842 495 2877; baseline -0.015 -11"><span class='ocrx_word' id='word_1_426' title='bbox 429 2842 495 2877; x_wconf 85' lang='lat'>240</span> 
     </span>
    </p>
   </div>
   <div class='ocr_carea' id='block_1_7' title="bbox 1849 2917 1870 2936">
    <p class='ocr_par' dir='ltr' id='par_1_11' title="bbox 1849 2917 1870 2936">
     <span class='ocr_line' id='line_1_46' title="bbox 1849 2917 1870 2936; baseline 0 -6"><span class='ocrx_word' id='word_1_427' title='bbox 1849 2917 1870 2936; x_wconf 52' lang='grc' dir='ltr'>,ρ-</span> 
     </span>
    </p>
   </div>
  </div>
 </body>
</html>
