1878 3172
110 183 207 216 cu.
222 170 336 231 xm]
627 166 1062 215 POLICRATICVS

1582 167 1695 219 4nd

111 290 254 347 doque
288 289 548 347 portendere
580 303 668 332 non
704 288 983 346 dedignatur.
1054 286 1254 331 Minutas
1292 287 1427 331 etiam
1460 297 1569 330 aues
1655 323 1659 331 ,

111 359 309 402 aduentu
337 373 417 402 suo
445 358 518 401 uel
547 372 717 401 recessu
746 358 1000 415 significant
1028 355 1246 400 familiam
1275 370 1393 400 nunc
1415 356 1569 407 minui,

109 443 228 471 nune
246 428 412 485 augeri.
471 427 682 471 Omnium
706 441 814 470 uero
832 427 1009 470 uolatus
1028 428 1196 483 quanto
1218 426 1422 478 serenior,
1441 428 1570 468 tanto

110 497 386 541 laudabilior.
463 497 592 539 Vnde
631 496 850 552 Melampo
888 509 1032 553 augur
1068 494 1430 552 praenominatus
1467 505 1568 538 eon—

37 559 42 562 *
74 584 93 617 5
112 567 324 623 queritur,
345 570 538 623 stragem
558 566 823 609 Graecorum
842 564 1059 608 coniciens
1078 576 1135 606 ex
1154 563 1332 616 uolatu;

629 642 763 685 Vides
791 644 844 684 ut
871 641 995 684 nulla
1023 655 1198 684 serenos

284 700 374 743 ales
403 703 508 758 agat
536 714 701 743 cursus.

170 781 212 823 A
249 780 402 823 bestiis
441 794 613 836 quoque
646 780 821 822 uiarum
859 782 1039 822 tuarum
1073 781 1259 822 euentus
1292 777 1570 822 scrutaberis.

115 848 297 907 Leporis
334 849 511 892 timebis
550 863 789 900 occursum,
824 847 861 890 si
893 851 1043 890 tamen
1078 847 1280 890 euaserit.
1340 846 1421 890 Est
1455 846 1573 889 enim

58 935 99 958 10
115 918 402 975 proculdubio
422 917 551 975 longe
571 917 870 960 commodior·
857 931 905 958 m
920 930 1071 959 mensa
1091 930 1223 973 quam
1243 915 1291 958 in
1310 915 1398 959 uia.
1448 914 1574 972 Lupo

114 987 247 1032 obuio
265 986 663 1044 congratulaberis3
692 985 796 1028 boni
816 985 1032 1041 siquidem
1052 984 1238 1027 nuntius
1261 987 1340 1035 est,
1359 984 1462 1027 lieet
1481 983 1574 1026 solo

114 1058 216 1100 uisu
255 1070 410 1100 nocere
448 1055 587 1098 soleat
625 1055 666 1097 ei
705 1068 835 1111 quem
874 1057 978 1097 ante
1017 1053 1298 1111 praeuiderit,
1336 1067 1574 1110 uoeemque

113 1125 406 1184 praecludere.
463 1125 601 1167 quta
619 1124 756 1166 illud:

289 1206 390 1248 Vox
418 1205 539 1262 fugit
567 1204 675 1261 ipsa,
704 1203 798 1260 lupi
827 1203 986 1246 Merim
1015 1202 1166 1246 uidere
1195 1202 1373 1259 priores.

57 1303 99 1337 15
118 1287 257 1330 Hiero
280 1285 455 1329 Siculus
478 1284 744 1327 litteratorio
771 1283 979 1326 insistens
1001 1283 1150 1326 studio
1178 1283 1297 1325 inter
1321 1280 1575 1339 coaequales

116 1356 220 1400 stilo
239 1369 416 1412 operam
436 1353 583 1404 dabat,
602 1353 729 1409 eique
755 1352 888 1409 lupus
907 1353 954 1394 in
981 1352 1114 1395 turba
1132 1365 1369 1408 puerorum
1395 1354 1575 1408 repente

117 1428 374 1482 conspectus
417 1422 626 1466 tabellam
677 1422 853 1478 eripuit,
891 1435 1115 1465 successus
1159 1420 1351 1463 hominis
1393 1420 1575 1462 firmans

116 1493 320 1538 inaudita
338 1492 484 1535 forma
509 1490 711 1548 prodigii.
772 1489 890 1543 Quid
909 1489 1082 1532 multa?
1110 1489 1206 1547 lupi
1231 1488 1467 1532 efficaciam
1485 1498 1575 1530 non
1591 1491 1621 1530 b

116 1563 308 1622 negabit,
323 1560 522 1619 quisquis
535 1574 675 1617 genus
686 1558 984 1602 Romanorum
995 1557 1149 1615 lupino
1160 1558 1274 1602 lacte
1284 1571 1375 1601 non
1390 1556 1578 1614 ambigit

58 1654 102 1681 ιο
117 1633 364 1677 educatum.
420 1629 549 1673 Vnde
571 1629 829 1686 plerumque
856 1628 972 1685 quod
993 1628 1041 1670 in
1061 1628 1124 1671 eis
1143 1626 1315 1671 dulcius
1335 1629 1414 1678 est,
1433 1625 1578 1669 adhuc

117 1702 319 1760 lupinum
349 1713 549 1757 saporem
587 1698 773 1750 retinet3
813 1697 1032 1754 primique
1070 1710 1222 1740 eorum
1258 1695 1404 1747 fidem,
1444 1708 1577 1752 quam

118 1784 148 1814 a
179 1773 322 1813 matre
363 1768 490 1825 Lupa
528 1767 785 1817 didicerant,
815 1766 900 1809 sibi
942 1766 1132 1809 inuicem
1170 1766 1474 1816 seruauerunt,
1506 1777 1577 1806 ea-

117 1839 305 1896 demque
324 1838 515 1895 quadam
533 1837 629 1893 lege
647 1839 834 1878 naturae
853 1835 1055 1878 manauit
1073 1834 1131 1877 ad
1149 1837 1358 1891 posteros.
1405 1832 1578 1876 Ouibus

121 1910 352 1967 gratanter
370 1906 547 1949 obuiam
566 1904 792 1962 gradieris,
811 1904 917 1947 dum
943 1917 1121 1960 capram
1139 1904 1267 1954 uites,
1286 1902 1358 1946 cui
1377 1901 1578 1944 alludens

62 1998 104 2034 ²⁵
121 1980 252 2035 poeta
270 1976 357 2018 ait:
488 1992 491 1993 ⁷

295 2053 536 2096 Occursare
564 2063 708 2107 capro,
735 2063 873 2093 cornu
901 2048 1008 2091 ferit
1036 2049 1123 2101 ille,
1152 2050 1320 2091 caueto.

121 2132 270 2177 Bobus
302 2130 629 2180 triturantibus,
659 2129 870 2172 libentius
903 2131 1053 2171 tamen
1091 2128 1332 2180 arantibus,
1366 2126 1577 2170 obuiabis.

121 2202 216 2246 Nee
235 2200 464 2258 displiceat
483 2199 522 2242 si
543 2199 664 2242 uiam
690 2199 903 2255 ruperint,
923 2198 1028 2254 quia
1048 2211 1173 2239 mora
1200 2196 1373 2239 itineris
1395 2194 1578 2252 hospitii

121 2271 267 2329 gratia
286 2268 651 2326 compensabitur.
709 2268 857 2311 Mulus
876 2267 1099 2310 infaustus
1119 2268 1198 2318 est,
1212 2265 1363 2308 asinus
1383 2264 1578 2318 inutilis;

122 2397 252 2476 ssffi
263 2389 491 2428 laudabilior
506 2391 590 2425 add.
607 2390 662 2424 est
680 2387 719 2423 Μ
879 2396 919 2434 15
946 2387 1072 2434 Hyero
1087 2385 1122 2422 A
1279 2394 1324 2421 22
1349 2383 1579 2423 didisoemt

123 2549 251 2595 Gange
277 2548 421 2585 citatos.
471 2547 530 2582 Ad
556 2546 680 2582 locum
708 2555 775 2579 nos
758 2545 878 2579 strum
902 2542 934 2578 si
962 2540 1220 2578 Bollandistae
1243 2540 1285 2576 in
1308 2540 1389 2577 vita
1412 2539 1448 2576 S.
1474 2540 1579 2577 Aviti

88 2615 92 2619 -
125 2595 383 2639 advertissent,
407 2595 455 2631 de
480 2595 616 2635 biturio,
639 2590 785 2627 Gallice
810 2592 924 2635 butor,
946 2589 970 2625 i
984 2601 1014 2625 e.
1040 2589 1160 2631 ardea,
1178 2588 1281 2624 haud
1299 2587 1578 2642 cogitavissent.

125 2644 482 2689 4pmenominatus:
505 2652 555 2676 sc.
573 2639 695 2684 4100,
715 2637 747 2672 D
765 2648 889 2683 supra.
995 2638 1019 2672 6
1040 2638 1145 2690 V'deg
1160 2638 1256 2672 ete:
1283 2634 1380 2671 Stat.
1402 2637 1505 2671 Theb.
1522 2635 1578 2671 iii.

130 2700 209 2736 503,
226 2700 260 2734 4.
472 2699 516 2724 ιο
537 2689 643 2732 Lupo
660 2688 733 2722 etc.
749 2696 759 2720 z
784 2696 816 2720 v.
836 2684 933 2719 Plin.
951 2685 1000 2719 H.
1017 2685 1063 2719 N.
1079 2682 1158 2719 viii.
1176 2693 1233 2728 34.
1431 2693 1474 2727 14
1504 2684 1581 2717 Vox

126 2733 1050 2782 ete.:VergEcl.ix.53.15H'.:eroetc
1078 2728 1385 2773 Iustin.xxiii.4.
1534 2730 1581 2765 26

131 2785 322 2820 Occursare
338 2785 436 2820 ete.:
462 2781 572 2828 Vei-g.
590 2782 668 2818 Ed.
685 2779 736 2816 ix.
755 2788 811 2827 25.

1430 2858 1471 2890 59

1587 707 1710 748 412a
