1878 3172
201 181 292 222 499
313 182 342 210 a
687 167 946 212 IOANNIS
987 129 1499 211 SARESBERIENSIS
1632 164 1745 226 [ΜΒ.
1762 178 1820 210 111
1876 159 1877 162 ’

359 290 563 334 soluisset
585 290 896 342 iuramentum,
915 306 1048 348 quam
1075 291 1123 334 in
1153 291 1454 348 extinguenda
1479 290 1658 334 lucerna
1683 291 1821 344 uerbi,

359 360 600 403 auferendo
627 361 960 417 praeambulum
989 361 1171 418 gratiae,
1200 361 1404 404 ueritatis
1434 361 1668 404 occidendo
1696 375 1821 418 prae-

359 444 522 480 conem,
562 444 759 472 mensam
802 430 1029 486 pollueret,
1072 430 1327 473 conuiuium
1367 430 1614 481 incestaret,
1653 430 1822 487 regiam

359 493 663 556 pessumdaret
692 498 979 550 maiestatem,
1009 499 1116 541 dum
1142 499 1329 542 incestui
1359 502 1517 542 cuncta
1546 499 1747 542 seruiunt
1776 502 1823 542 et

359 569 666 625 obtemperant
695 569 922 612 saltatrici.
993 569 1176 612 Ethicae
1217 569 1394 626 quidem
1423 570 1577 627 regula
1610 572 1678 612 est
1717 569 1822 626 quia
1841 579 1859 614 5

359 653 448 681 non
480 639 629 681 omnia
662 641 768 681 sunt
799 653 970 696 semper
1003 639 1218 696 promissa
1248 639 1482 691 soluenda3
1523 639 1560 682 si
1595 639 1711 682 forte
1742 641 1823 682 aut

359 711 591 765 accepturo
621 708 873 764 dampnosa,
903 712 983 750 aut
1011 709 1255 765 perniciosa
1284 709 1375 751 sint
1403 708 1693 766 promittenti.
1763 708 1822 751 Et

358 777 433 819 lex
467 777 687 820 amicitiae
721 777 799 819 illa
832 778 1093 834 praeualuit‚
1129 793 1216 834 qua
1250 778 1343 821 sola
1376 778 1561 821 honesta
1594 778 1687 835 peti
1719 777 1823 820 licet

359 846 416 888 ab
450 846 601 888 amicis
636 848 716 888 aut
750 846 858 890 fieri.
928 846 1117 902 Ipsoque
1151 847 1248 889 iure
1278 849 1458 889 cautum
1497 849 1575 897 est,
1609 849 1662 889 ut
1699 846 1824 888 nulla

359 915 601 971 promissio,
615 929 727 970 quae
747 917 923 971 turpem
939 917 1018 958 aut
1032 915 1206 958 tristem
1226 915 1362 958 habet
1377 916 1558 968 exitum,
1573 916 1820 973 impleatur.
1842 927 1878 952 10

313 984 343 1022 b
363 984 587 1026 Postremo
613 984 874 1027 antecedens
907 985 1139 1041 promissio
1171 985 1476 1042 consequentis
1501 985 1701 1029 beneficii
1725 1001 1821 1043 gra-

360 1053 471 1095 tiam
499 1055 578 1095 aut
605 1053 830 1110 extinguit
856 1055 935 1096 aut
954 1054 1129 1098 minuit.
1188 1054 1247 1096 Et
1266 1054 1381 1097 sicut
1400 1055 1544 1098 iacula
1565 1070 1677 1111 quae
1696 1069 1820 1112 prae-

360 1122 571 1165 uidentur
594 1122 765 1165 feriunt
792 1123 950 1173 minus,
971 1126 1016 1166 et
1046 1137 1158 1179 quae
1185 1124 1364 1166 omnino
1387 1139 1477 1168 non
1502 1126 1822 1181 praecauentur

360 1192 503 1248 magis
541 1191 708 1242 ledunt,
740 1192 806 1234 ita
841 1194 886 1234 et
925 1192 971 1234 in
1009 1192 1232 1236 beneficiis
1277 1193 1395 1250 quod
1439 1208 1494 1236 ex
1531 1193 1819 1250 promissione

361 1263 620 1318 conceptum
648 1264 715 1304 est
744 1262 891 1304 minus
917 1262 1143 1319 accipitur,
1170 1264 1215 1305 et
1245 1263 1361 1319 quod
1391 1278 1447 1305 ex
1470 1263 1694 1319 insperato
1719 1277 1818 1319 pro·
1839 1274 1878 1311 1⁵

359 1331 485 1374 uenit
511 1331 682 1388 gratius
707 1333 970 1387 acceptatur.
1030 1331 1153 1375 Licet
1173 1332 1290 1374 enim
1309 1332 1430 1374 nuda
1451 1332 1682 1389 promissio
1701 1331 1821 1389 apud

358 1400 479 1449 iuris,
513 1402 566 1442 ut
605 1399 779 1450 dicitur,
810 1400 975 1456 peritos
1014 1415 1103 1443 non
1142 1401 1289 1457 pariat
1323 1402 1550 1452 actionem,
1583 1401 1822 1458 promissor
1857 1405 1864 1409 '

358 1468 500 1510 omnis
527 1469 646 1525 apud
670 1469 906 1511 ueritatem
937 1472 1002 1525 (ut
1029 1470 1115 1512 dici
1139 1470 1266 1528 solet)
1290 1471 1490 1527 pollicem
1514 1471 1626 1521 fixit,
1651 1473 1697 1513 et
1725 1470 1821 1512 iure

358 1538 479 1580 ciuili
509 1540 705 1580 cessante
734 1538 837 1580 fidei
867 1539 1132 1581 naturaliter
1161 1539 1397 1596 obligatur.
1454 1540 1542 1582 Sed
1570 1540 1669 1596 quis
1699 1542 1822 1582 actor

359 1607 513 1649 durius
534 1609 636 1663 aget
660 1622 792 1663 quam
813 1607 932 1658 fides,
957 1608 994 1650 si
1019 1608 1115 1664 ipsa
1142 1609 1334 1670 coeperit
1359 1610 1594 1653 accusare?
1653 1609 1702 1652 Si
1722 1609 1818 1666 agit
1836 1619 1878 1644 ²0

358 1675 635 1726 conscientia,
656 1676 754 1732 quis
774 1676 1004 1720 absoluet‘l
1062 1676 1193 1721 Certe

475 1755 675 1812 exemplo
705 1756 1007 1813 quodcumque
1036 1757 1152 1800 malo
1182 1758 1485 1809 committitur,
1514 1758 1600 1815 ipsi

474 1814 678 1869 displicet
707 1814 888 1858 auctori.
947 1815 1096 1857 Prima
1125 1818 1192 1858 est
1220 1817 1327 1859 haec
1357 1816 1480 1867 ultio,
1510 1816 1628 1872 quod
1656 1830 1702 1859 se

318 1880 343 1909 c
474 1872 618 1914 iudice
648 1887 776 1914 nemo
805 1887 965 1916 nocens
994 1873 1251 1916 absoluitur.

359 1951 409 1994 Si
429 1966 535 1994 uero
555 1952 652 2008 ipsa
676 1952 899 2003 iustificat,
920 1953 1018 2009 quis
1045 1954 1367 2011 condempnat?
1425 1954 1717 1997 Proculdubio
1741 1954 1818 2011 qui
1836 1969 1878 2005 ²⁵

358 2021 406 2063 in
435 2021 512 2063 illo
541 2021 726 2063 timetur
754 2022 941 2065 articulo
971 2022 1187 2066 Dominus
1217 2026 1295 2073 est,
1324 2023 1402 2066 ubi
1431 2025 1477 2066 et
1507 2023 1600 2066 dies
1626 2020 1817 2066 contem-

357 2090 513 2146 pnitur
532 2091 763 2140 humanus,
777 2094 821 2133 et
836 2092 1102 2134 conscientia
1122 2092 1229 2149 quid
1244 2092 1509 2149 obloquatur
1523 2107 1612 2135 non
1632 2092 1817 2136 inuenit.

357 2199 473 2272 ἓξὲξ
474 2187 676 2280 assmbffluss,
685 2187 737 2271 1*141
767 2199 862 2280 quass
879 2188 1113 2281 53²3ssssOE
1129 2188 1584 2279 tssst‘ssffi‘ffiiiafflssm,
1601 2187 1816 2282 AEssfsssstffrt

361 2283 552 2318 Postremo
586 2282 815 2319 antecedens
843 2283 1040 2328 promissio
1072 2285 1113 2319 ob
1144 2285 1436 2319 homoeoteleuton
1468 2295 1536 2319 om.
1565 2282 1621 2318 SP
1775 2292 1816 2328 17

356 2329 562 2375 actionem]
581 2329 860 2366 accusationem
877 2330 940 2366 CA
1082 2332 1127 2366 26
1153 2330 1410 2367 contemnitur
1425 2331 1459 2365 A

407 2433 421 2458 1
444 2424 590 2458 lucerna
606 2425 702 2459 etc.:
721 2422 767 2459 ef.
780 2422 879 2459 Petr.
898 2421 1114 2468 Ch1ys010g.
1126 2424 1235 2458 Serm.
1249 2421 1370 2458 cxxvii
1389 2421 1535 2467 (Migne
1547 2423 1587 2458 P.
1595 2423 1637 2458 L.
1651 2421 1704 2459 lii.
1722 2422 1818 2468 549).

358 2479 376 2515 5
395 2470 546 2504 Ethicae
562 2471 686 2514 reyula
703 2472 773 2506 etc.
789 2482 798 2506 :
824 2469 872 2506 cf.
889 2469 965 2506 Cic.
986 2471 1051 2514 Off.
1070 2469 1094 2508 i.
1116 2481 1159 2506 10
1177 2469 1194 2515 ξ
1214 2480 1270 2515 32.
1405 2471 1426 2505 8
1451 2471 1510 2504 lex
1525 2471 1704 2505 amicitiae
1721 2471 1816 2507 etc.:

355 2528 387 2552 v.
407 2515 481 2552 Cic.
501 2518 543 2551 de
558 2518 702 2552 Amicit.
725 2528 766 2562 13
786 2516 803 2561 ξ
830 2527 888 2561 44.
1035 2518 1077 2553 16
1102 2519 1203 2553 nuda
1221 2518 1412 2563 promissio
1437 2517 1527 2552 eta:
1552 2529 1584 2551 v.
1602 2516 1705 2552 Paul.
1722 2518 1817 2553 Sent.

355 2575 388 2598 v·
409 2573 450 2598 12
470 2562 487 2609 ξ
511 2573 533 2607 9
560 2565 570 2604 (
576 2564 753 2600 Huschke
777 2565 986 2609 Iurisprud.
1005 2566 1182 2600 Anteiust.
1202 2576 1239 2610 p.
1261 2563 1345 2610 543)
1370 2575 1415 2598 ex
1438 2565 1538 2598 nuda
1557 2565 1818 2608 pollicitatione

355 2611 461 2645 nulla
478 2611 569 2645 actio
585 2614 767 2652 uomitum
793 2611 839 2647 cf.
857 2610 943 2647 Cod.
962 2610 1096 2648 Iustin.
1113 2611 1190 2647 viii.
1207 2620 1252 2655 37
1272 2611 1289 2657 ξ
1310 2619 1341 2657 5.
1455 2611 1496 2646 18
1514 2612 1615 2655 apud
1630 2613 1818 2646 ueritatem

349 2658 516 2702 pollicem
523 2659 615 2700 fixit
630 2669 638 2692 :
667 2658 714 2694 cf.
732 2659 836 2693 Prov.
851 2658 898 2694 vi.
916 2667 931 2693 1
945 2660 978 2693 si
992 2660 1226 2704 spoponderis
1236 2669 1306 2703 pro
1322 2659 1435 2693 amico
1452 2662 1522 2699 tuo,
1541 2659 1702 2702 dcfioeisti
1717 2659 1818 2703 apud

355 2709 566 2739 extraneum
583 2716 732 2739 manum
751 2711 862 2741 tuam.
958 2715 1001 2740 22
1028 2707 1185 2751 eaeemplo
1203 2707 1274 2741 etc.
1289 2717 1297 2741 ε
1325 2704 1400 2739 Iuv.
1415 2705 1488 2739 Sat.
1503 2703 1582 2739 xiii.
1597 2714 1672 2749 1-3.
1770 2713 1813 2751 25
1872 2703 1874 2706 ’

354 2752 396 2786 Si
414 2762 497 2786 uero
515 2752 607 2787 etc.:
634 2764 664 2786 v.
685 2751 791 2787 Rom.
808 2751 885 2788 viii.
904 2762 960 2797 33,
979 2762 1035 2796 34.
1179 2753 1236 2795 26,
1254 2760 1298 2795 27
1323 2753 1398 2787 dies
1410 2751 1611 2788 humanus:
1637 2764 1669 2786 v.
1684 2751 1814 2788 Ierem.

353 2796 442 2833 xvii.
468 2798 511 2834 16
535 2799 629 2833 diem
653 2800 810 2835 hominis
834 2811 905 2835 non
930 2801 1155 2843 desideraui;
1179 2798 1244 2835 ubi
1269 2800 1363 2834 diem
1386 2799 1542 2834 hominis
1566 2799 1611 2835 de
1629 2801 1817 2845 prosperis

474 2869 538 2901 208
