1878 3172
181 92 259 141 582
278 92 308 132 b

280 538 307 569 Ο

652 90 914 135 IOANNIS
954 89 1466 136 SARESBERIENSIS
1629 89 1742 154 [ΜΒ.
1757 103 1790 137 v

324 211 578 268 penetrauit
604 211 729 263 celos,
748 211 898 255 Iesum
925 211 1088 255 Filium
1115 211 1211 265 Dei,
1231 212 1394 269 ubique
1419 212 1615 256 locorum
1640 213 1789 257 offerri

322 281 454 324 debet

439 374 730 430 compositum
760 373 830 416 ius
859 372 1015 430 fasque
1045 373 1194 424 animi,
1223 373 1451 430 sanctique
1480 387 1675 417 recessus

440 432 613 483 mentis,
644 434 689 475 et
718 432 938 475 incoctum
967 446 1179 489 generoso
1208 434 1362 488 pectus
1390 431 1588 474 honesto.

1872 496 1878 513 ί

325 523 430 566 Veri
470 524 687 581 siquidem
722 523 976 567 adoratores
1010 520 1072 566 sic
1111 523 1299 566 adorant
1333 523 1511 567 Patrem
1541 523 1590 565 in
1627 523 1789 580 spiritu
1807 539 1826 574 5
1872 514 1878 586 ξ

324 595 370 636 et
409 593 611 636 ueritate.
670 594 799 636 Anne
840 608 941 636 eum
980 593 1121 636 credis
1160 593 1376 650 accepisse
1409 592 1579 650 aliquid
1612 593 1790 636 nomine

323 663 653 720 sportularum?
712 662 810 706 Hoc
829 663 947 705 enim
973 665 1211 720 praetextu
1230 647 1335 705 non⁸
1345 665 1439 705 tam
1465 662 1631 706 iudices
1657 677 1790 719 quam

323 732 586 775 iudiciorum
616 746 846 788 caupones,
876 732 953 788 qui
987 731 1232 788 nequitiam
1262 746 1388 775 suam
1417 732 1603 775 honesta
1632 731 1791 776 uolunt
1867 761 1869 768 x

323 801 507 859 palliare
527 801 717 852 licentia,
737 801 1020 858 iniquitatem
1047 815 1173 843 suam
1199 800 1393 844 colorare
1418 801 1638 852 nituntur,
1658 815 1789 858 quae·
1868 853 1875 857 j

323 873 471 913 rentes
491 870 657 913 scilicet
683 870 833 926 aliqua
860 870 1156 913 emolumenta
1182 870 1476 927 negotiorum,
1495 884 1682 927 quorum
1708 885 1789 927 pro
1810 862 1878 925 103}

323 942 451 996 parte
470 954 605 982 onera
631 941 824 996 portant.
882 939 976 982 Aut
1002 939 1039 982 si
1069 939 1414 982 emolumentum
1441 953 1534 982 esse
1559 953 1649 982 non
1675 938 1790 990 licet,
1867 944 1870 948 ’

323 1009 383 1051 sit
432 1008 588 1051 saltem
628 1008 926 1065 compensatio
965 1011 1223 1065 sumptuum
1267 1011 1313 1051 et
1351 1008 1653 1066 dampnorum,
1727 1008 1790 1052 Hi

323 1081 474 1120 tamen
495 1077 584 1119 rari
605 1080 722 1120 sunt.
781 1077 892 1130 Quis
912 1078 1029 1120 enim
1059 1077 1277 1120 erubescit
1306 1077 1474 1120 dicere:
1506 1077 1625 1130 Quid
1652 1077 1787 1121 michi

324 1147 450 1190 dabis
484 1149 536 1189 ut
570 1147 655 1189 tibi
688 1147 908 1190 iustitiam
939 1146 1130 1190 faciam?
1189 1146 1307 1189 Nam
1338 1149 1391 1190 ut
1423 1161 1504 1203 pro
1539 1146 1683 1204 seipsa
1714 1161 1789 1190 ex-

325 1217 544 1266 hibeatur,
565 1216 734 1259 frustra
754 1219 971 1273 expectas·
1031 1216 1191 1259 Nonne
1211 1216 1354 1260 simile
1374 1219 1442 1259 est
1460 1230 1511 1259 ac
1531 1216 1568 1259 si
1588 1216 1786 1259 dicatur:
1809 1235 1848 1269 15

329 1286 448 1338 Quid
487 1285 621 1328 michi
654 1286 793 1328 uultis
825 1285 930 1328 dare
969 1288 1022 1328 ut
1060 1300 1130 1328 me
1168 1285 1314 1343 ipsum
1348 1285 1574 1343 abnegem,
1597 1284 1788 1329 officium
1829 1287 1835 1291 '

282 1367 311 1406 d
327 1355 522 1412 prodam,
552 1357 597 1397 et
625 1354 853 1397 dominum
881 1354 1101 1398 uendam'i

327 1506 432 1563 Cap.
458 1516 521 1561 17.
571 1506 827 1549 Pecuniam
856 1506 1261 1563 contempnendum
1291 1520 1373 1549 esse
1405 1519 1495 1563 pro
1524 1505 1755 1563 capientia
1768 1525 1787 1557 ;

383 1576 504 1633 quod
523 1575 661 1619 etiam
675 1578 882 1618 ueterwm
895 1574 1264 1631 philosophorum
1280 1574 1503 1632 probatur
1517 1574 1739 1632 exemplis.

385 1678 616 1735 Leguntur
663 1678 843 1735 plurimi
892 1678 1253 1735 philosophorum
1301 1678 1484 1722 diuitias
1523 1693 1612 1721 non
1658 1677 1789 1722 modo
1808 1695 1851 1721 πο

325 1747 638 1804 contempsisse
666 1747 743 1790 sed
769 1747 977 1790 abiecisse
1004 1747 1130 1804 quasi
1157 1747 1522 1804 impedimentum
1548 1747 1790 1805 sapientiae

324 1819 370 1859 et
403 1817 597 1860 uirtutis,
671 1816 794 1859 Fecit
825 1816 906 1859 hoc
949 1816 1163 1867 Socrates,
1195 1831 1325 1873 quem
1364 1817 1561 1859 omnium
1599 1816 1791 1874 philoso-

324 1886 514 1943 phorum
534 1889 677 1930 sectae
697 1887 823 1943 quasi
850 1886 1111 1944 prudentiae
1131 1889 1177 1930 et
1199 1885 1404 1929 ueritatis
1421 1885 1600 1929 unicum
1619 1885 1790 1928 fontem

329 2026 372 2061 16
396 2023 514 2060 uultis
532 2023 649 2061 michi
666 2024 706 2060 M
867 2025 910 2061 18
935 2022 1269 2071 contemplandam
1285 2022 1409 2059 (ῬΒΑι
1519 2021 1604 2070 pro]
1621 2034 1712 2070 prae
1727 2022 1787 2059 As

329 2083 372 2118 19
396 2072 718 2119 phylosophorum
735 2071 776 2108 M
918 2082 964 2108 20
987 2083 1065 2108 non
1080 2071 1191 2107 modo
1207 2070 1363 2107 diuitias
1381 2070 1421 2106 M

377 2208 407 2240 1,
426 2208 446 2234 2
472 2199 600 2244 ubique
618 2200 775 2235 locorum
791 2199 915 2243 offerri
930 2199 1028 2233 debet
1043 2199 1116 2234 ete.
1133 2209 1142 2232 :
1167 2195 1336 2242 Respicit
1360 2194 1408 2231 ad
1432 2194 1523 2232 Mal.
1544 2193 1569 2230 i.
1589 2204 1643 2238 10,
1665 2205 1703 2231 11
1723 2194 1789 2231 ubi

326 2245 374 2280 ad
392 2245 509 2281 Israel
533 2245 628 2282 dicit
654 2245 753 2282 Deus
775 2247 858 2282 Non
883 2251 933 2281 est
957 2246 1049 2280 mihi
1071 2246 1241 2290 uoluntas
1265 2246 1306 2279 in
1329 2244 1430 2279 uobis
1446 2270 1455 2278 .
1469 2268 1500 2278 ..
1515 2247 1548 2278 et
1568 2253 1702 2278 munus
1716 2253 1790 2279 non
1847 2288 1849 2290 q

326 2295 523 2338 suscipiam
555 2295 597 2328 de
630 2305 743 2329 manu
774 2298 906 2329 uestra.
963 2294 1021 2328 Ab
1054 2298 1135 2327 ortu
1166 2293 1262 2326 eni-m
1293 2292 1379 2327 solis
1405 2301 1516 2335 usque
1547 2291 1596 2325 ad
1626 2301 1790 2326 occasum

326 2351 499 2384 maynum
524 2346 574 2376 est
603 2351 733 2377 nomen
760 2352 878 2375 meum
905 2342 947 2375 in
973 2341 1135 2385 yentibus
1160 2343 1193 2374 et
1218 2340 1259 2374 in
1284 2339 1383 2374 omni
1407 2339 1478 2373 loco
1502 2338 1733 2381 sacrificatur
1756 2341 1790 2372 et

325 2389 476 2431 offertur
493 2390 634 2423 nomini
649 2399 723 2424 meo
740 2389 869 2423 oblatio
885 2389 1034 2424 munda.
1177 2396 1198 2431 3
1224 2386 1455 2431 compositum
1475 2385 1571 2420 etc.:
1598 2383 1696 2420 Pers.
1713 2384 1790 2420 Sat.

326 2433 366 2468 ii.
387 2443 444 2479 73,
464 2443 520 2479 74.
591 2436 794 2481 sanctique:
819 2440 1025 2480 sanctosque
1041 2433 1142 2469 Pers.
1271 2441 1289 2479 5
1315 2433 1399 2468 Veri
1414 2432 1620 2467 adoratores
1635 2432 1728 2467 eta:
1755 2441 1788 2467 V.

328 2481 457 2516 Ioann.
476 2481 523 2517 iv.
544 2492 600 2527 23.
697 2484 719 2518 6
744 2494 846 2517 eum:
872 2493 920 2518 sc.
944 2479 1168 2517 Samuelem.
1264 2489 1309 2515 22
1334 2480 1517 2515 Socrates:
1543 2477 1699 2514 Hieron.
1715 2476 1786 2514 loc.

328 2527 430 2563 infra
458 2528 524 2565 cit.
553 2530 606 2565 sic
632 2528 841 2565 introducit
857 2539 865 2564 τ
901 2530 1122 2574 Pythayorae
1151 2529 1308 2563 Socratis
1330 2526 1558 2561 Antisthenis
1585 2530 1617 2578 et
1641 2525 1790 2571 reliquo-

327 2587 410 2610 rum
422 2577 677 2620 fruyalitatem
692 2579 861 2622 referrem
880 2578 921 2612 in
938 2577 1181 2620 confusionem
1203 2579 1362 2610 nostram
1379 2573 1441 2618 (sc.
1460 2571 1786 2615 Christianorum),

327 2624 403 2657 nisi
418 2628 451 2657 et
466 2624 611 2668 lonyum
627 2629 713 2659 esset
729 2629 761 2659 et
771 2625 921 2670 proprii
935 2624 1053 2668 operis
1068 2623 1265 2666 indiqeret;
1290 2620 1470 2656 Ioannem
1487 2621 1614 2656 tamen
1637 2619 1685 2655 ad
1710 2629 1789 2654 rem

327 2668 509 2715 respicere
522 2670 701 2716 suspicor,
709 2682 822 2716 quam
834 2682 910 2706 non
922 2670 968 2706 de
976 2669 1128 2706 Socrate
1142 2668 1205 2704 sed
1217 2669 1263 2704 dc
1271 2666 1787 2704 crateteHieron.adv.Iovin.

325 2715 367 2753 ii.
383 2726 405 2762 9
416 2718 561 2754 narrat:
592 2719 689 2754 Vnde
698 2724 730 2754 et
743 2719 866 2755 Crates
879 2719 937 2754 ille
952 2717 1140 2753 Thebanus
1150 2717 1306 2762 proiecto
1321 2716 1363 2751 in
1379 2715 1475 2750 mari
1485 2725 1560 2750 non
1573 2724 1691 2760 paruo
1704 2714 1789 2750 auri

436 2789 503 2832 5⁵8
