1878 3172
163 143 244 184 520
263 131 292 173 d
633 129 892 175 IOANNIS
933 128 1444 173 SARESBERIENSIS
1585 128 1697 191 [ΜΒ.
1713 139 1764 173 Ν

306 257 400 301 Nec
419 270 580 300 uxores
609 255 757 298 Dauid
778 255 1009 312 quisquam
1029 254 1202 307 obiciat,
1223 254 1299 311 qui
1323 253 1440 298 forte
1463 254 1511 297 in
1537 254 1630 306 hoc,
1650 255 1768 298 sicut

307 331 352 371 et
383 327 431 369 in
465 326 619 369 multis
654 325 764 376 aliis,
794 324 972 382 speciali
1001 323 1235 381 priuilegio
1271 323 1459 381 gaudet;
1502 323 1606 367 licet
1633 323 1763 368 facile

306 395 591 440 concesserim
623 394 740 452 quod
772 397 817 437 et
850 395 944 451 ipse
978 394 1026 436 in
1064 394 1147 436 hac
1178 396 1304 450 parte
1338 393 1584 450 deliquerit.
1648 394 1765 440 Sane

307 480 408 509 eum
456 465 639 508 affectus
678 454 761 507 ille
810 463 993 506 uxorius
1041 462 1289 520 proditione
1338 465 1383 506 et
1430 463 1665 507 homicidio
1717 463 1766 506 in

307 533 575 577 adulterium
614 533 810 591 impegit,
839 547 918 576 nec
953 533 1000 574 in
1031 532 1151 575 illius
1183 532 1463 576 excusatione
1493 532 1655 584 laboro,
1689 532 1766 590 qui
1785 544 1804 579 5

307 603 564 661 prophetica
583 605 826 646 conuentus
852 605 898 645 et
923 602 1150 645 conuictus
1176 601 1385 658 parabola
1407 601 1599 658 seipsum
1618 602 1767 644 uirum
1860 595 1868 612 ‘

309 672 465 715 mortis
494 687 586 715 esse
616 671 852 728 respondit.
912 671 1062 714 Habes
1095 671 1246 727 itaque
1274 685 1422 728 regem
1456 686 1556 714 cum
1590 671 1767 728 regibus

174 758 246 798 521
264 758 294 788 a
311 742 661 799 delinquentem3
700 744 746 784 et
775 741 948 783 utinam
977 755 1077 784 cum
1103 740 1328 798 penitente
1359 741 1589 798 peniteant
1624 744 1677 784 et¹
1700 740 1768 784 fa-

310 814 491 855 teantur
516 826 616 854 cum
642 811 877 853 confitente
908 810 1081 867 culpam
1103 813 1148 853 et
1167 809 1488 853 satisfacientes
1517 825 1617 853 cum
1636 810 1765 853 satis·
1858 862 1871 870 ,.

310 880 500 924 faciente
522 882 805 923 reuertantur
829 879 887 922 ad
905 879 1046 922 uitam
1065 882 1072 922 !
1131 879 1279 936 Ipsam
1306 894 1478 936 quoque
1505 880 1768 937 sapientiam
1787 891 1830 916 10
1858 871 1860 874 ’

311 949 557 992 Salomonis
601 948 836 991 mulierum
881 948 1127 991 infatuauit
1172 963 1306 991 amor.
1384 948 1625 1005 Sequitur:
1674 948 1768 992 Nec
1860 947 1865 958 ⁵

310 1018 493 1061 habebit
521 1017 695 1075 argenti
722 1020 767 1060 et
793 1017 891 1060 auri
919 1017 1133 1060 immensa
1161 1017 1365 1074 pondera.
1425 1016 1543 1060 Eant
1571 1032 1700 1069 nunc,
1724 1021 1770 1061 et

311 1087 503 1131 Domino
531 1087 792 1144 prohibente
827 1090 1061 1145 argentum
1090 1087 1174 1129 sibi
1205 1090 1250 1130 et
1274 1101 1431 1130 aurum
1459 1087 1770 1139 thesaurizent,

311 1157 524 1201 facientes
543 1172 600 1200 ex
618 1155 868 1213 calumpnia
888 1158 1130 1212 quaestum,
1150 1156 1204 1199 de
1227 1157 1564 1214 paupertatibus
1583 1157 1770 1201 aliorum

312 1227 631 1270 abundantiam
661 1229 888 1283 quaerant,
917 1225 972 1268 de
1001 1226 1169 1283 rapinis
1200 1226 1393 1278 diuitias,
1423 1229 1468 1270 et
1501 1227 1770 1285 singularem
1789 1239 1831 1275 15
1864 1216 1871 1238 '³

312 1297 397 1340 sibi
431 1295 752 1339 beatitudinem
784 1298 986 1338 statuant
1014 1295 1062 1338 in
1090 1296 1341 1339 calamitate
1370 1297 1623 1354 multorum.
1683 1297 1772 1341 Sed
1864 1291 1871 1311 ¹*

312 1366 484 1423 copiam
500 1365 745 1409 Salomonis
760 1365 895 1408 obicit
909 1365 1080 1422 aliquis.
1123 1365 1241 1416 Esto,
1256 1365 1497 1423 principem
1511 1365 1772 1423 locupletem
1835 1371 1842 1376 ‘

314 1435 410 1479 fieri
430 1450 519 1478 non
538 1435 748 1492 prohibeo
769 1434 845 1477 sed
864 1449 1060 1476 auarum.
1116 1434 1276 1478 Nonne
1296 1449 1453 1478 aurum
1474 1438 1520 1478 et
1539 1438 1773 1493 argentum

315 1503 562 1547 Salomonis
596 1506 792 1560 tempore
821 1503 1078 1546 uiluerunt?
1137 1503 1240 1547 Non
1273 1504 1428 1560 utique
1461 1504 1706 1555 uiluissent,
1734 1504 1773 1548 si

316 1587 467 1616 eorum
487 1573 700 1614 immensa
724 1572 918 1629 pondera
943 1574 988 1614 et
1015 1587 1126 1628 quae
1149 1587 1278 1615 usum
1299 1573 1570 1624 excederent,
1589 1574 1673 1616 sibi
1693 1588 1772 1617 rex
1792 1587 1836 1614 πο

269 1648 299 1686 b
317 1642 502 1699 cupidus
540 1641 840 1699 congessisset.
908 1641 1119 1684 Potuerat
1158 1656 1210 1684 ea
1247 1642 1295 1684 in
1334 1645 1499 1686 terram
1533 1642 1775 1694 defodiens,

317 1726 404 1768 quo
442 1710 612 1754 cariora
649 1711 817 1761 fierent,
855 1711 1060 1753 humanis
1099 1711 1252 1754 usibus
1290 1711 1573 1756 subtraxisse.
1640 1712 1776 1769 Apud
1866 1747 1878 1780 ἒ

317 1780 570 1824 Petronium
591 1779 855 1823 Trimalchio
875 1779 1013 1823 refert
1033 1779 1209 1823 fabrum
1235 1780 1382 1832 fuisse,
1403 1775 1479 1838 qui
1502 1781 1648 1825 uitrea
1667 1796 1775 1825 uasa
1866 1782 1878 1841 ξ

317 1849 484 1893 faceret
515 1848 767 1892 tenacitatis
801 1851 953 1891 tantae
987 1852 1040 1891 ut
1073 1864 1162 1899 non
1202 1850 1344 1906 magis
1373 1864 1506 1907 quam
1536 1865 1670 1893 aurea
1703 1850 1777 1894 uel
1864 1842 1878 1925 ,Ξ

318 1921 528 1976 argentea
567 1917 889 1975 frangerentur.
949 1916 1063 1962 Cum
1102 1933 1206 1975 ergo
1244 1919 1393 1961 fialam
1431 1919 1683 1963 huiusmodi
1721 1920 1776 1963 de
1795 1925 1878 1974 ἐξ

1864 1098 1878 1144 3.

318 1988 438 2031 uitro
461 1987 697 2044 purissimo
725 1989 771 2029 et
799 1986 891 2030 solo
921 1984 991 2045 (ut
1020 1987 1225 2048 putabat)
1252 1987 1432 2045 dignam
1456 1987 1614 2032 Cesare
1640 1988 1776 2031 fabri·
1863 1990 1878 2042 ἐξ

319 2059 471 2107 cassat,
514 2070 614 2099 cum
653 2070 833 2099 munere
872 2071 952 2099 suo
991 2055 1196 2100 Cesarem
1235 2057 1398 2108 adiens,
1437 2057 1653 2100 admissus
1695 2061 1776 2102 est.
1868 2046 1878 2082 3³

320 2125 523 2168 Laudata
551 2127 618 2167 est
648 2125 811 2181 species
840 2125 1046 2176 muneris,
1066 2126 1369 2168 commendata
1397 2140 1555 2169 manus
1583 2126 1776 2178 artificis,

320 2197 548 2252 acceptata
567 2197 633 2237 est
649 2194 826 2237 deuotio
841 2194 1055 2238 donantis.
1088 2195 1230 2238 Faber
1243 2210 1360 2246 uero,
1375 2198 1427 2238 ut
1442 2195 1780 2239 admirationem

320 2264 592 2307 intuentium
621 2266 815 2306 uerteret
846 2263 894 2306 in
927 2266 1161 2321 stuporem,
1194 2266 1239 2307 et
1269 2263 1354 2307 sibi
1384 2264 1557 2322 plenius
1585 2265 1778 2322 gratiam
1796 2271 1878 2319 3οῗ

1863 2087 1878 2131 &23

324 2371 368 2405 14
393 2359 572 2406 calupnia
587 2359 620 2396 A
764 2370 805 2408 15
830 2360 1133 2398 habundantiam
1149 2360 1263 2397 A¹SM

373 2452 387 2477 1
416 2454 544 2477 uxores
561 2444 706 2478 Dauid:
733 2454 763 2477 v.
780 2452 801 2478 2
818 2442 908 2488 Reg.
926 2454 957 2476 v.
979 2451 1033 2486 13.
1174 2453 1197 2486 4
1223 2445 1368 2488 affectus
1384 2444 1444 2478 ille
1459 2444 1612 2480 amorius
1627 2444 1720 2480 etc.:
1745 2455 1778 2480 v.

325 2499 346 2524 2
363 2488 455 2534 Reg.
466 2489 514 2531 xi,
527 2489 591 2524 xii.
693 2499 744 2532 11,
767 2499 808 2525 12
833 2491 904 2525 Nec
921 2489 1059 2524 habebit
1074 2491 1143 2525 etc.
1163 2501 1172 2525 z
1199 2490 1310 2527 Deut.
1325 2489 1412 2525 xvii.
1436 2499 1489 2534 17.
1587 2492 1628 2526 18
1653 2492 1782 2526 Nonne

324 2547 457 2571 aurum
474 2538 568 2571 etc.:
594 2548 627 2571 v.
647 2546 667 2581 3
682 2536 771 2582 Reg.
791 2547 825 2572 x.
845 2546 901 2572 21.
1007 2547 1051 2581 23
1076 2538 1307 2573 Petronium:
1331 2549 1363 2572 v.
1379 2536 1532 2573 Petron.
1548 2537 1622 2573 Sat.
1643 2546 1683 2583 51
1700 2550 1709 2580 ;
1734 2537 1780 2575 de

324 2581 476 2618 Ioannis
503 2582 684 2619 citatione
711 2583 804 2619 haec
833 2582 982 2629 scripsit
1010 2583 1248 2620 Burmannus
1279 2584 1319 2620 in
1347 2583 1515 2621 Petronii
1547 2584 1672 2620 locum
1706 2584 1778 2628 (ed.

323 2628 478 2664 Amstel.
510 2638 609 2674 1743,
635 2629 659 2665 i.
685 2642 720 2676 p.
748 2630 857 2676 333):
886 2631 996 2667 ‘haec
1021 2633 1077 2666 est
1100 2631 1197 2666 ratio
1222 2643 1289 2667 cur
1312 2630 1592 2667 sarisberiensis
1616 2630 1780 2668 narratio

324 2687 348 2711 a
361 2675 530 2712 Petronii
543 2676 731 2719 dissideat,
743 2689 827 2713 cum
839 2677 904 2714 ille
917 2677 1076 2713 voluerit
1089 2689 1172 2714 cam
1185 2671 1410 2714 floridiorem
1424 2680 1463 2714 et
1475 2677 1595 2724 magis
1608 2681 1780 2715 exactam

325 2723 490 2759 reddere.
557 2722 617 2759 Sic
643 2724 741 2768 quod
775 2724 913 2760 rustice
937 2724 1062 2769 inquit
1091 2724 1319 2761 Trimalchio
1339 2726 1429 2770 fecit
1455 2727 1672 2770 repom-were
1696 2752 1704 2761 .
1732 2753 1740 2762 .
1768 2751 1778 2762 .

326 2769 549 2816 elegantiori
565 2770 685 2807 multo
702 2770 1037 2808 circumlocutione
1056 2771 1194 2809 extulit
1211 2772 1378 2816 Ioaunea
1396 2774 1435 2809 et
1451 2771 1506 2809 ita
1522 2772 1690 2818 reliqua?

436 2824 502 2866 248
