<?xml version="1.0" encoding="UTF-8"?>
<!DOCTYPE html PUBLIC "-//W3C//DTD XHTML 1.0 Transitional//EN"
    "http://www.w3.org/TR/xhtml1/DTD/xhtml1-transitional.dtd">
<html xmlns="http://www.w3.org/1999/xhtml" xml:lang="en" lang="en">
 <head>
  <title>
</title>
<meta http-equiv="Content-Type" content="text/html;charset=utf-8" />
  <meta name='ocr-system' content='tesseract 3.04.00' />
  <meta name='ocr-capabilities' content='ocr_page ocr_carea ocr_par ocr_line ocrx_word'/>
</head>
<body>
  <div class='ocr_page' id='page_1' title='image "./ioannissaresberi01johnuoft_0082.png"; bbox 0 0 1878 3172; ppageno 0'>
   <div class='ocr_carea' id='block_1_1' title="bbox 165 155 1775 218">
    <p class='ocr_par' dir='ltr' id='par_1_1' title="bbox 165 155 1775 218">
     <span class='ocr_line' id='line_1_1' title="bbox 165 155 1775 218; baseline -0.009 -3"><span class='ocrx_word' id='word_1_1' title='bbox 165 169 248 216; x_wconf 80' lang='lat'>393</span> <span class='ocrx_word' id='word_1_2' title='bbox 268 174 292 204; x_wconf 88' lang='lat' dir='ltr'>c</span> <span class='ocrx_word' id='word_1_3' title='bbox 635 160 893 206; x_wconf 88' lang='lat' dir='ltr'>IOANNIS</span> <span class='ocrx_word' id='word_1_4' title='bbox 934 157 1447 204; x_wconf 85' lang='lat' dir='ltr'><strong>SARESBERIENSIS</strong></span> <span class='ocrx_word' id='word_1_5' title='bbox 1625 155 1736 218; x_wconf 73' lang='grc' dir='ltr'><strong>[ΗΒ.</strong></span> <span class='ocrx_word' id='word_1_6' title='bbox 1753 159 1775 201; x_wconf 64' lang='lat' dir='ltr'>r</span> 
     </span>
    </p>
   </div>
   <div class='ocr_carea' id='block_1_2' title="bbox 154 278 1848 2073">
    <p class='ocr_par' dir='ltr' id='par_1_2' title="bbox 154 278 1848 2073">
     <span class='ocr_line' id='line_1_2' title="bbox 308 278 1772 341; baseline -0.004 -15"><span class='ocrx_word' id='word_1_7' title='bbox 308 284 500 341; x_wconf 84' lang='lat' dir='ltr'>imagine</span> <span class='ocrx_word' id='word_1_8' title='bbox 529 282 819 326; x_wconf 71' lang='lat' dir='ltr'>consolentur.</span> <span class='ocrx_word' id='word_1_9' title='bbox 879 280 944 323; x_wconf 88' lang='lat' dir='ltr'>Eo</span> <span class='ocrx_word' id='word_1_10' title='bbox 971 279 1159 336; x_wconf 93' lang='lat' dir='ltr'>denique</span> <span class='ocrx_word' id='word_1_11' title='bbox 1185 280 1383 335; x_wconf 91' lang='lat' dir='ltr'>tempore</span> <span class='ocrx_word' id='word_1_12' title='bbox 1411 278 1605 335; x_wconf 88' lang='lat' dir='ltr'>primum</span> <span class='ocrx_word' id='word_1_13' title='bbox 1634 278 1772 335; x_wconf 88' lang='lat' dir='ltr'>capti-</span> 
     </span>
     <span class='ocr_line' id='line_1_3' title="bbox 308 347 1772 407; baseline -0.004 -11"><span class='ocrx_word' id='word_1_14' title='bbox 308 356 474 396; x_wconf 90' lang='lat' dir='ltr'>uantur</span> <span class='ocrx_word' id='word_1_15' title='bbox 501 353 716 406; x_wconf 88' lang='lat' dir='ltr'>Athenae,</span> <span class='ocrx_word' id='word_1_16' title='bbox 751 365 837 407; x_wconf 94' lang='lat' dir='ltr'>quo</span> <span class='ocrx_word' id='word_1_17' title='bbox 874 349 1136 392; x_wconf 71' lang='lat' dir='ltr'>interdictae</span> <span class='ocrx_word' id='word_1_18' title='bbox 1167 347 1418 391; x_wconf 86' lang='lat' dir='ltr'>uenationis</span> <span class='ocrx_word' id='word_1_19' title='bbox 1449 347 1642 390; x_wconf 87' lang='lat' dir='ltr'>edictum</span> <span class='ocrx_word' id='word_1_20' title='bbox 1673 362 1772 391; x_wconf 89' lang='lat' dir='ltr'>cen-</span> 
     </span>
     <span class='ocr_line' id='line_1_4' title="bbox 308 417 1773 474; baseline -0.005 -9"><span class='ocrx_word' id='word_1_21' title='bbox 308 425 495 465; x_wconf 89' lang='lat' dir='ltr'>suerunt</span> <span class='ocrx_word' id='word_1_22' title='bbox 516 436 607 465; x_wconf 88' lang='lat' dir='ltr'>esse</span> <span class='ocrx_word' id='word_1_23' title='bbox 629 420 902 474; x_wconf 85' lang='lat' dir='ltr'>soluendum,</span> <span class='ocrx_word' id='word_1_24' title='bbox 922 421 967 462; x_wconf 91' lang='lat' dir='ltr'>et</span> <span class='ocrx_word' id='word_1_25' title='bbox 987 421 1129 462; x_wconf 87' lang='lat' dir='ltr'>artem</span> <span class='ocrx_word' id='word_1_26' title='bbox 1150 417 1382 474; x_wconf 86' lang='lat' dir='ltr'>utriusque</span> <span class='ocrx_word' id='word_1_27' title='bbox 1402 417 1652 460; x_wconf 86' lang='lat' dir='ltr'>uenationis</span> <span class='ocrx_word' id='word_1_28' title='bbox 1672 431 1773 460; x_wconf 88' lang='lat' dir='ltr'>cum</span> 
     </span>
     <span class='ocr_line' id='line_1_5' title="bbox 309 486 1773 548; baseline -0.003 -14"><span class='ocrx_word' id='word_1_29' title='bbox 309 492 518 535; x_wconf 84' lang='lat' dir='ltr'>exercitio</span> <span class='ocrx_word' id='word_1_30' title='bbox 547 491 721 548; x_wconf 91' lang='lat' dir='ltr'>publice</span> <span class='ocrx_word' id='word_1_31' title='bbox 755 488 1089 532; x_wconf 82' lang='lat' dir='ltr'>admittendam.</span> <span class='ocrx_word' id='word_1_32' title='bbox 1149 487 1311 529; x_wconf 86' lang='lat' dir='ltr'>Fertur</span> <span class='ocrx_word' id='word_1_33' title='bbox 1341 489 1469 529; x_wconf 85' lang='lat' dir='ltr'>uates</span> <span class='ocrx_word' id='word_1_34' title='bbox 1500 486 1773 529; x_wconf 86' lang='lat' dir='ltr'>Mantuanus</span> 
     </span>
     <span class='ocr_line' id='line_1_6' title="bbox 307 555 1809 618; baseline -0.004 -15"><span class='ocrx_word' id='word_1_35' title='bbox 307 562 601 618; x_wconf 81' lang='lat' dir='ltr'>interrogasse</span> <span class='ocrx_word' id='word_1_36' title='bbox 640 559 909 613; x_wconf 87' lang='lat' dir='ltr'>Marcellum,</span> <span class='ocrx_word' id='word_1_37' title='bbox 942 572 1042 601; x_wconf 91' lang='lat' dir='ltr'>cum</span> <span class='ocrx_word' id='word_1_38' title='bbox 1082 556 1414 613; x_wconf 87' lang='lat' dir='ltr'>depopulationi</span> <span class='ocrx_word' id='word_1_39' title='bbox 1453 555 1606 598; x_wconf 82' lang='lat' dir='ltr'>auium</span> <span class='ocrx_word' id='word_1_40' title='bbox 1641 555 1771 598; x_wconf 89' lang='lat' dir='ltr'>vehe-</span> <span class='ocrx_word' id='word_1_41' title='bbox 1790 571 1809 604; x_wconf 86' lang='lat'>5</span> 
     </span>
     <span class='ocr_line' id='line_1_7' title="bbox 306 625 1771 686; baseline -0.004 -13"><span class='ocrx_word' id='word_1_42' title='bbox 306 630 499 673; x_wconf 90' lang='lat' dir='ltr'>mentius</span> <span class='ocrx_word' id='word_1_43' title='bbox 519 644 697 686; x_wconf 86' lang='lat' dir='ltr'>operam</span> <span class='ocrx_word' id='word_1_44' title='bbox 722 629 859 678; x_wconf 88' lang='lat' dir='ltr'>daret,</span> <span class='ocrx_word' id='word_1_45' title='bbox 880 643 938 670; x_wconf 91' lang='lat' dir='ltr'>an</span> <span class='ocrx_word' id='word_1_46' title='bbox 965 641 1094 669; x_wconf 89' lang='lat' dir='ltr'>auem</span> <span class='ocrx_word' id='word_1_47' title='bbox 1120 626 1273 668; x_wconf 92' lang='lat' dir='ltr'>mallet</span> <span class='ocrx_word' id='word_1_48' title='bbox 1293 625 1455 668; x_wconf 87' lang='lat' dir='ltr'>instrui</span> <span class='ocrx_word' id='word_1_49' title='bbox 1474 625 1522 667; x_wconf 93' lang='lat' dir='ltr'>in</span> <span class='ocrx_word' id='word_1_50' title='bbox 1541 627 1771 682; x_wconf 87' lang='lat' dir='ltr'>capturam</span> 
     </span>
     <span class='ocr_line' id='line_1_8' title="bbox 306 695 1772 754; baseline -0.003 -12"><span class='ocrx_word' id='word_1_51' title='bbox 306 700 470 754; x_wconf 86' lang='lat' dir='ltr'>auium,</span> <span class='ocrx_word' id='word_1_52' title='bbox 483 715 540 741; x_wconf 91' lang='lat' dir='ltr'>an</span> <span class='ocrx_word' id='word_1_53' title='bbox 556 713 750 742; x_wconf 87' lang='lat' dir='ltr'>muscam</span> <span class='ocrx_word' id='word_1_54' title='bbox 767 697 1000 740; x_wconf 81' lang='lat' dir='ltr'>informari</span> <span class='ocrx_word' id='word_1_55' title='bbox 1016 697 1064 738; x_wconf 92' lang='lat' dir='ltr'>in</span> <span class='ocrx_word' id='word_1_56' title='bbox 1079 695 1494 739; x_wconf 81' lang='lat' dir='ltr'>exterminationem</span> <span class='ocrx_word' id='word_1_57' title='bbox 1509 708 1772 738; x_wconf 86' lang='lat' dir='ltr'>muscarum.</span> 
     </span>
     <span class='ocr_line' id='line_1_9' title="bbox 307 763 1772 824; baseline -0.004 -13"><span class='ocrx_word' id='word_1_58' title='bbox 307 767 421 811; x_wconf 89' lang='lat' dir='ltr'>Cum</span> <span class='ocrx_word' id='word_1_59' title='bbox 441 783 546 811; x_wconf 92' lang='lat' dir='ltr'>uero</span> <span class='ocrx_word' id='word_1_60' title='bbox 567 767 868 824; x_wconf 90' lang='lat' dir='ltr'>quaestionem</span> <span class='ocrx_word' id='word_1_61' title='bbox 888 767 944 809; x_wconf 90' lang='lat' dir='ltr'>ad</span> <span class='ocrx_word' id='word_1_62' title='bbox 968 765 1237 808; x_wconf 89' lang='lat' dir='ltr'>auunculum</span> <span class='ocrx_word' id='word_1_63' title='bbox 1261 764 1486 807; x_wconf 84' lang='lat' dir='ltr'>retulisset</span> <span class='ocrx_word' id='word_1_64' title='bbox 1505 763 1772 820; x_wconf 86' lang='lat' dir='ltr'>Augustum,</span> 
     </span>
     <span class='ocr_line' id='line_1_10' title="bbox 305 833 1771 893; baseline -0.004 -12"><span class='ocrx_word' id='word_1_65' title='bbox 305 838 486 881; x_wconf 91' lang='lat' dir='ltr'>consilio</span> <span class='ocrx_word' id='word_1_66' title='bbox 516 838 610 880; x_wconf 90' lang='lat' dir='ltr'>eius</span> <span class='ocrx_word' id='word_1_67' title='bbox 639 836 880 893; x_wconf 85' lang='lat' dir='ltr'>praeelegit</span> <span class='ocrx_word' id='word_1_68' title='bbox 909 838 961 878; x_wconf 92' lang='lat' dir='ltr'>ut</span> <span class='ocrx_word' id='word_1_69' title='bbox 991 836 1117 878; x_wconf 89' lang='lat' dir='ltr'>fieret</span> <span class='ocrx_word' id='word_1_70' title='bbox 1143 849 1305 889; x_wconf 89' lang='lat' dir='ltr'>musca,</span> <span class='ocrx_word' id='word_1_71' title='bbox 1332 848 1445 891; x_wconf 86' lang='lat' dir='ltr'>quae</span> <span class='ocrx_word' id='word_1_72' title='bbox 1471 833 1528 879; x_wconf 84' lang='lat' dir='ltr'>ab</span> <span class='ocrx_word' id='word_1_73' title='bbox 1559 833 1771 890; x_wconf 84' lang='lat' dir='ltr'>Eneapoli</span> 
     </span>
     <span class='ocr_line' id='line_1_11' title="bbox 305 902 1831 963; baseline -0.003 -14"><span class='ocrx_word' id='word_1_74' title='bbox 305 921 476 949; x_wconf 88' lang='lat' dir='ltr'>muscas</span> <span class='ocrx_word' id='word_1_75' title='bbox 506 907 714 963; x_wconf 86' lang='lat' dir='ltr'>abigeret,</span> <span class='ocrx_word' id='word_1_76' title='bbox 744 909 789 948; x_wconf 91' lang='lat' dir='ltr'>et</span> <span class='ocrx_word' id='word_1_77' title='bbox 819 905 1047 948; x_wconf 88' lang='lat' dir='ltr'>ciuitatem</span> <span class='ocrx_word' id='word_1_78' title='bbox 1076 918 1104 946; x_wconf 88' lang='lat' dir='ltr'>a</span> <span class='ocrx_word' id='word_1_79' title='bbox 1119 906 1255 960; x_wconf 29' lang='lat' dir='ltr'>,peste</span> <span class='ocrx_word' id='word_1_80' title='bbox 1285 902 1521 945; x_wconf 86' lang='lat' dir='ltr'>insanabili</span> <span class='ocrx_word' id='word_1_81' title='bbox 1550 902 1771 945; x_wconf 87' lang='lat' dir='ltr'>liberaret.</span> <span class='ocrx_word' id='word_1_82' title='bbox 1791 921 1831 945; x_wconf 87' lang='lat'>10</span> 
     </span>
     <span class='ocr_line' id='line_1_12' title="bbox 260 967 1770 1032; baseline -0.003 -14"><span class='ocrx_word' id='word_1_83' title='bbox 260 971 288 1010; x_wconf 79' lang='lat' dir='ltr'>d</span> <span class='ocrx_word' id='word_1_84' title='bbox 307 976 442 1032; x_wconf 92' lang='lat' dir='ltr'>Optio</span> <span class='ocrx_word' id='word_1_85' title='bbox 466 976 643 1031; x_wconf 91' lang='lat' dir='ltr'>quidem</span> <span class='ocrx_word' id='word_1_86' title='bbox 669 975 852 1031; x_wconf 92' lang='lat' dir='ltr'>impleta</span> <span class='ocrx_word' id='word_1_87' title='bbox 882 977 971 1026; x_wconf 90' lang='lat' dir='ltr'>est;</span> <span class='ocrx_word' id='word_1_88' title='bbox 1002 973 1120 1016; x_wconf 92' lang='lat' dir='ltr'>unde</span> <span class='ocrx_word' id='word_1_89' title='bbox 1149 973 1290 1029; x_wconf 91' lang='lat' dir='ltr'>liquet</span> <span class='ocrx_word' id='word_1_90' title='bbox 1316 972 1518 1029; x_wconf 90' lang='lat' dir='ltr'>privatae</span> <span class='ocrx_word' id='word_1_91' title='bbox 1547 967 1770 1028; x_wconf 82' lang='lat' dir='ltr'>uoluptati</span> 
     </span>
     <span class='ocr_line' id='line_1_13' title="bbox 306 1041 1769 1101; baseline -0.002 -15"><span class='ocrx_word' id='word_1_92' title='bbox 306 1045 499 1087; x_wconf 86' lang='lat' dir='ltr'>cuiusuis</span> <span class='ocrx_word' id='word_1_93' title='bbox 526 1044 861 1101; x_wconf 80' lang='lat' dir='ltr'>praeferendam</span> <span class='ocrx_word' id='word_1_94' title='bbox 888 1058 981 1086; x_wconf 88' lang='lat' dir='ltr'>esse</span> <span class='ocrx_word' id='word_1_95' title='bbox 1008 1043 1251 1085; x_wconf 88' lang='lat' dir='ltr'>multorum</span> <span class='ocrx_word' id='word_1_96' title='bbox 1275 1042 1507 1085; x_wconf 86' lang='lat' dir='ltr'>uilitatem.</span> <span class='ocrx_word' id='word_1_97' title='bbox 1567 1041 1622 1083; x_wconf 92' lang='lat' dir='ltr'>In</span> <span class='ocrx_word' id='word_1_98' title='bbox 1642 1041 1769 1084; x_wconf 85' lang='lat' dir='ltr'>semi-</span> 
     </span>
     <span class='ocr_line' id='line_1_14' title="bbox 305 1110 1771 1171; baseline -0.001 -16"><span class='ocrx_word' id='word_1_99' title='bbox 305 1114 392 1155; x_wconf 93' lang='lat' dir='ltr'>uiri</span> <span class='ocrx_word' id='word_1_100' title='bbox 433 1113 639 1157; x_wconf 87' lang='lat' dir='ltr'>Chironis</span> <span class='ocrx_word' id='word_1_101' title='bbox 678 1117 807 1156; x_wconf 90' lang='lat' dir='ltr'>antro</span> <span class='ocrx_word' id='word_1_102' title='bbox 847 1113 902 1171; x_wconf 90' lang='lat' dir='ltr'>(si</span> <span class='ocrx_word' id='word_1_103' title='bbox 942 1113 1120 1155; x_wconf 87' lang='lat' dir='ltr'>Graecis</span> <span class='ocrx_word' id='word_1_104' title='bbox 1159 1127 1238 1169; x_wconf 90' lang='lat' dir='ltr'>per</span> <span class='ocrx_word' id='word_1_105' title='bbox 1276 1111 1425 1155; x_wconf 86' lang='lat' dir='ltr'>omnia</span> <span class='ocrx_word' id='word_1_106' title='bbox 1458 1110 1670 1169; x_wconf 88' lang='lat' dir='ltr'>creditur)</span> <span class='ocrx_word' id='word_1_107' title='bbox 1703 1114 1771 1154; x_wconf 90' lang='lat' dir='ltr'>est</span> 
     </span>
     <span class='ocr_line' id='line_1_15' title="bbox 304 1180 1770 1232; baseline -0.001 -8"><span class='ocrx_word' id='word_1_108' title='bbox 304 1183 538 1226; x_wconf 90' lang='lat' dir='ltr'>institutus</span> <span class='ocrx_word' id='word_1_109' title='bbox 558 1183 752 1226; x_wconf 89' lang='lat' dir='ltr'>Achilles</span> <span class='ocrx_word' id='word_1_110' title='bbox 771 1183 880 1225; x_wconf 89' lang='lat' dir='ltr'>lirae</span> <span class='ocrx_word' id='word_1_111' title='bbox 899 1183 1041 1225; x_wconf 91' lang='lat' dir='ltr'>modis</span> <span class='ocrx_word' id='word_1_112' title='bbox 1061 1185 1107 1225; x_wconf 91' lang='lat' dir='ltr'>et</span> <span class='ocrx_word' id='word_1_113' title='bbox 1125 1182 1332 1232; x_wconf 80' lang='lat' dir='ltr'>citharae,</span> <span class='ocrx_word' id='word_1_114' title='bbox 1347 1183 1393 1223; x_wconf 89' lang='lat' dir='ltr'>et</span> <span class='ocrx_word' id='word_1_115' title='bbox 1416 1180 1519 1222; x_wconf 84' lang='lat' dir='ltr'>inde</span> <span class='ocrx_word' id='word_1_116' title='bbox 1539 1180 1770 1223; x_wconf 87' lang='lat' dir='ltr'>traductus</span> 
     </span>
     <span class='ocr_line' id='line_1_16' title="bbox 305 1249 1829 1309; baseline -0.001 -15"><span class='ocrx_word' id='word_1_117' title='bbox 305 1252 362 1294; x_wconf 88' lang='lat' dir='ltr'>ad</span> <span class='ocrx_word' id='word_1_118' title='bbox 392 1252 527 1295; x_wconf 90' lang='lat' dir='ltr'>siluas</span> <span class='ocrx_word' id='word_1_119' title='bbox 551 1253 599 1294; x_wconf 92' lang='lat' dir='ltr'>in</span> <span class='ocrx_word' id='word_1_120' title='bbox 626 1255 774 1309; x_wconf 87' lang='lat' dir='ltr'>strage</span> <span class='ocrx_word' id='word_1_121' title='bbox 804 1252 1012 1302; x_wconf 83' lang='lat' dir='ltr'>ferarum,</span> <span class='ocrx_word' id='word_1_122' title='bbox 1032 1251 1238 1294; x_wconf 88' lang='lat' dir='ltr'>caedibus</span> <span class='ocrx_word' id='word_1_123' title='bbox 1263 1253 1308 1294; x_wconf 92' lang='lat' dir='ltr'>et</span> <span class='ocrx_word' id='word_1_124' title='bbox 1334 1249 1437 1293; x_wconf 86' lang='lat' dir='ltr'>fedo</span> <span class='ocrx_word' id='word_1_125' title='bbox 1460 1250 1600 1292; x_wconf 90' lang='lat' dir='ltr'>uictui</span> <span class='ocrx_word' id='word_1_126' title='bbox 1622 1264 1768 1293; x_wconf 87' lang='lat' dir='ltr'>assue-</span> <span class='ocrx_word' id='word_1_127' title='bbox 1789 1258 1829 1298; x_wconf 80' lang='lat'>15</span> 
     </span>
     <span class='ocr_line' id='line_1_17' title="bbox 306 1320 1768 1377; baseline -0.001 -14"><span class='ocrx_word' id='word_1_128' title='bbox 306 1337 441 1376; x_wconf 87' lang='lat' dir='ltr'>scens,</span> <span class='ocrx_word' id='word_1_129' title='bbox 485 1323 779 1365; x_wconf 88' lang='lat' dir='ltr'>reuerentiam</span> <span class='ocrx_word' id='word_1_130' title='bbox 823 1325 1011 1364; x_wconf 88' lang='lat' dir='ltr'>naturae</span> <span class='ocrx_word' id='word_1_131' title='bbox 1059 1322 1350 1377; x_wconf 89' lang='lat' dir='ltr'>timoremque</span> <span class='ocrx_word' id='word_1_132' title='bbox 1391 1320 1547 1363; x_wconf 85' lang='lat' dir='ltr'>mortis</span> <span class='ocrx_word' id='word_1_133' title='bbox 1596 1320 1768 1363; x_wconf 89' lang='lat' dir='ltr'>abiecit.</span> 
     </span>
     <span class='ocr_line' id='line_1_18' title="bbox 307 1390 1769 1448; baseline 0 -15"><span class='ocrx_word' id='word_1_134' title='bbox 307 1391 425 1443; x_wconf 81' lang='lat' dir='ltr'>Quid</span> <span class='ocrx_word' id='word_1_135' title='bbox 457 1392 573 1448; x_wconf 91' lang='lat' dir='ltr'>quod</span> <span class='ocrx_word' id='word_1_136' title='bbox 607 1392 781 1434; x_wconf 88' lang='lat' dir='ltr'>Bachus</span> <span class='ocrx_word' id='word_1_137' title='bbox 813 1392 1000 1434; x_wconf 90' lang='lat' dir='ltr'>eundem</span> <span class='ocrx_word' id='word_1_138' title='bbox 1034 1391 1194 1433; x_wconf 90' lang='lat' dir='ltr'>habuit</span> <span class='ocrx_word' id='word_1_139' title='bbox 1227 1390 1527 1434; x_wconf 66' lang='lat' dir='ltr'>nutritoremz</span> <span class='ocrx_word' id='word_1_140' title='bbox 1597 1390 1769 1447; x_wconf 92' lang='lat' dir='ltr'>Nempe</span> 
     </span>
     <span class='ocr_line' id='line_1_19' title="bbox 306 1459 1848 1516; baseline 0.001 -14"><span class='ocrx_word' id='word_1_141' title='bbox 306 1460 382 1516; x_wconf 92' lang='lat' dir='ltr'>qui</span> <span class='ocrx_word' id='word_1_142' title='bbox 422 1461 491 1503; x_wconf 89' lang='lat' dir='ltr'>his</span> <span class='ocrx_word' id='word_1_143' title='bbox 531 1461 691 1503; x_wconf 89' lang='lat' dir='ltr'>studiis</span> <span class='ocrx_word' id='word_1_144' title='bbox 730 1463 809 1503; x_wconf 88' lang='lat' dir='ltr'>aut</span> <span class='ocrx_word' id='word_1_145' title='bbox 849 1461 1029 1503; x_wconf 88' lang='lat' dir='ltr'>desidiis</span> <span class='ocrx_word' id='word_1_146' title='bbox 1068 1460 1292 1511; x_wconf 88' lang='lat' dir='ltr'>insistunt,</span> <span class='ocrx_word' id='word_1_147' title='bbox 1333 1459 1527 1503; x_wconf 83' lang='lat' dir='ltr'>semiferi</span> <span class='ocrx_word' id='word_1_148' title='bbox 1567 1462 1684 1510; x_wconf 86' lang='lat' dir='ltr'>sunt,</span> <span class='ocrx_word' id='word_1_149' title='bbox 1723 1463 1769 1503; x_wconf 90' lang='lat' dir='ltr'>et</span> <span class='ocrx_word' id='word_1_150' title='bbox 1842 1460 1848 1464; x_wconf 81' lang='grc'><em>“</em></span> 
     </span>
     <span class='ocr_line' id='line_1_20' title="bbox 305 1529 1768 1586; baseline 0.001 -16"><span class='ocrx_word' id='word_1_151' title='bbox 305 1530 475 1572; x_wconf 90' lang='lat' dir='ltr'>abiecta</span> <span class='ocrx_word' id='word_1_152' title='bbox 494 1530 664 1586; x_wconf 88' lang='lat' dir='ltr'>potiore</span> <span class='ocrx_word' id='word_1_153' title='bbox 683 1530 975 1572; x_wconf 89' lang='lat' dir='ltr'>humanitatis</span> <span class='ocrx_word' id='word_1_154' title='bbox 998 1532 1136 1586; x_wconf 89' lang='lat' dir='ltr'>parte,</span> <span class='ocrx_word' id='word_1_155' title='bbox 1157 1530 1328 1572; x_wconf 91' lang='lat' dir='ltr'>ratione</span> <span class='ocrx_word' id='word_1_156' title='bbox 1354 1543 1526 1572; x_wconf 89' lang='lat' dir='ltr'>morum</span> <span class='ocrx_word' id='word_1_157' title='bbox 1554 1529 1768 1586; x_wconf 84' lang='lat' dir='ltr'>prodigiis</span> 
     </span>
     <span class='ocr_line' id='line_1_21' title="bbox 303 1597 1832 1655; baseline -0.001 -16"><span class='ocrx_word' id='word_1_158' title='bbox 303 1598 646 1641; x_wconf 79' lang='lat' dir='ltr'>conformantur.</span> <span class='ocrx_word' id='word_1_159' title='bbox 705 1599 746 1640; x_wconf 92' lang='lat' dir='ltr'><strong>A</strong></span> <span class='ocrx_word' id='word_1_160' title='bbox 765 1599 948 1641; x_wconf 89' lang='lat' dir='ltr'>leuitate</span> <span class='ocrx_word' id='word_1_161' title='bbox 968 1599 1183 1655; x_wconf 89' lang='lat' dir='ltr'>siquidem</span> <span class='ocrx_word' id='word_1_162' title='bbox 1204 1598 1261 1641; x_wconf 90' lang='lat' dir='ltr'>ad</span> <span class='ocrx_word' id='word_1_163' title='bbox 1280 1598 1518 1648; x_wconf 87' lang='lat' dir='ltr'>lasciuiam,</span> <span class='ocrx_word' id='word_1_164' title='bbox 1539 1613 1566 1640; x_wconf 88' lang='lat' dir='ltr'>a</span> <span class='ocrx_word' id='word_1_165' title='bbox 1585 1597 1768 1641; x_wconf 87' lang='lat' dir='ltr'>lasciuia</span> <span class='ocrx_word' id='word_1_166' title='bbox 1787 1614 1832 1638; x_wconf 61' lang='grc' dir='ltr'>ποι</span> 
     </span>
     <span class='ocr_line' id='line_1_22' title="bbox 304 1666 1767 1725; baseline 0.001 -16"><span class='ocrx_word' id='word_1_167' title='bbox 304 1666 361 1708; x_wconf 85' lang='lat' dir='ltr'>ad</span> <span class='ocrx_word' id='word_1_168' title='bbox 390 1667 677 1723; x_wconf 88' lang='lat' dir='ltr'>uoluptatem,</span> <span class='ocrx_word' id='word_1_169' title='bbox 704 1670 749 1710; x_wconf 93' lang='lat' dir='ltr'>et</span> <span class='ocrx_word' id='word_1_170' title='bbox 775 1682 875 1710; x_wconf 90' lang='lat' dir='ltr'>cum</span> <span class='ocrx_word' id='word_1_171' title='bbox 902 1668 1196 1723; x_wconf 83' lang='lat' dir='ltr'>induruerint,</span> <span class='ocrx_word' id='word_1_172' title='bbox 1223 1668 1279 1710; x_wconf 89' lang='lat' dir='ltr'>ad</span> <span class='ocrx_word' id='word_1_173' title='bbox 1307 1668 1480 1725; x_wconf 86' lang='lat' dir='ltr'>flagitia</span> <span class='ocrx_word' id='word_1_174' title='bbox 1509 1670 1555 1710; x_wconf 92' lang='lat' dir='ltr'>et</span> <span class='ocrx_word' id='word_1_175' title='bbox 1584 1668 1767 1724; x_wconf 88' lang='lat' dir='ltr'>quaeuis</span> 
     </span>
     <span class='ocr_line' id='line_1_23' title="bbox 304 1736 1768 1795; baseline 0.003 -18"><span class='ocrx_word' id='word_1_176' title='bbox 304 1736 460 1778; x_wconf 88' lang='lat' dir='ltr'>illicita</span> <span class='ocrx_word' id='word_1_177' title='bbox 489 1737 821 1792; x_wconf 90' lang='lat' dir='ltr'>pertrahuntur.</span> <span class='ocrx_word' id='word_1_178' title='bbox 882 1737 1168 1789; x_wconf 82' lang='lat' dir='ltr'>Quaeruntur</span> <span class='ocrx_word' id='word_1_179' title='bbox 1191 1738 1284 1780; x_wconf 89' lang='lat' dir='ltr'>otia</span> <span class='ocrx_word' id='word_1_180' title='bbox 1302 1741 1403 1795; x_wconf 86' lang='lat' dir='ltr'>post</span> <span class='ocrx_word' id='word_1_181' title='bbox 1422 1738 1606 1792; x_wconf 88' lang='lat' dir='ltr'>labores,</span> <span class='ocrx_word' id='word_1_182' title='bbox 1627 1737 1768 1781; x_wconf 87' lang='lat' dir='ltr'>fomes</span> 
     </span>
     <span class='ocr_line' id='line_1_24' title="bbox 154 1805 1768 1864; baseline 0.002 -18"><span class='ocrx_word' id='word_1_183' title='bbox 154 1818 239 1856; x_wconf 89' lang='lat'>394</span> <span class='ocrx_word' id='word_1_184' title='bbox 259 1814 289 1846; x_wconf 87' lang='lat' dir='ltr'>a</span> <span class='ocrx_word' id='word_1_185' title='bbox 306 1805 545 1848; x_wconf 88' lang='lat' dir='ltr'>hilaritatis</span> <span class='ocrx_word' id='word_1_186' title='bbox 583 1806 753 1863; x_wconf 87' lang='lat' dir='ltr'>gratior</span> <span class='ocrx_word' id='word_1_187' title='bbox 792 1809 869 1856; x_wconf 87' lang='lat' dir='ltr'>est,</span> <span class='ocrx_word' id='word_1_188' title='bbox 909 1807 947 1848; x_wconf 90' lang='lat' dir='ltr'>si</span> <span class='ocrx_word' id='word_1_189' title='bbox 987 1807 1099 1849; x_wconf 91' lang='lat' dir='ltr'>dura</span> <span class='ocrx_word' id='word_1_190' title='bbox 1142 1807 1469 1864; x_wconf 86' lang='lat' dir='ltr'>praecesserint,</span> <span class='ocrx_word' id='word_1_191' title='bbox 1509 1808 1768 1850; x_wconf 89' lang='lat' dir='ltr'>reficiuntur</span> 
     </span>
     <span class='ocr_line' id='line_1_25' title="bbox 305 1874 1768 1933; baseline 0.003 -18"><span class='ocrx_word' id='word_1_192' title='bbox 305 1874 479 1916; x_wconf 88' lang='lat' dir='ltr'>auidius</span> <span class='ocrx_word' id='word_1_193' title='bbox 529 1889 640 1930; x_wconf 85' lang='lat' dir='ltr'>quae</span> <span class='ocrx_word' id='word_1_194' title='bbox 690 1876 918 1918; x_wconf 82' lang='lat' dir='ltr'>exinanita</span> <span class='ocrx_word' id='word_1_195' title='bbox 967 1875 1146 1918; x_wconf 88' lang='lat' dir='ltr'>fuerant</span> <span class='ocrx_word' id='word_1_196' title='bbox 1194 1876 1446 1933; x_wconf 91' lang='lat' dir='ltr'>plurimum.</span> <span class='ocrx_word' id='word_1_197' title='bbox 1525 1877 1768 1920; x_wconf 87' lang='lat' dir='ltr'>Venatores</span> 
     </span>
     <span class='ocr_line' id='line_1_26' title="bbox 304 1944 1827 1996; baseline 0.001 -12"><span class='ocrx_word' id='word_1_198' title='bbox 304 1957 454 1985; x_wconf 88' lang='lat' dir='ltr'>omnes</span> <span class='ocrx_word' id='word_1_199' title='bbox 484 1944 627 1986; x_wconf 90' lang='lat' dir='ltr'>adhuc</span> <span class='ocrx_word' id='word_1_200' title='bbox 657 1944 983 1987; x_wconf 88' lang='lat' dir='ltr'>institutionem</span> <span class='ocrx_word' id='word_1_201' title='bbox 1018 1945 1217 1988; x_wconf 90' lang='lat' dir='ltr'>redolent</span> <span class='ocrx_word' id='word_1_202' title='bbox 1252 1945 1588 1989; x_wconf 88' lang='lat' dir='ltr'>Centaurorum.</span> <span class='ocrx_word' id='word_1_203' title='bbox 1649 1946 1767 1989; x_wconf 86' lang='lat' dir='ltr'>Raro</span> <span class='ocrx_word' id='word_1_204' title='bbox 1787 1962 1827 1996; x_wconf 85' lang='lat'>25</span> 
     </span>
     <span class='ocr_line' id='line_1_27' title="bbox 303 2013 1767 2073; baseline 0.003 -20"><span class='ocrx_word' id='word_1_205' title='bbox 303 2013 532 2055; x_wconf 90' lang='lat' dir='ltr'>inuenitur</span> <span class='ocrx_word' id='word_1_206' title='bbox 558 2014 790 2069; x_wconf 90' lang='lat' dir='ltr'>quisquam</span> <span class='ocrx_word' id='word_1_207' title='bbox 815 2029 966 2056; x_wconf 88' lang='lat' dir='ltr'>eorum</span> <span class='ocrx_word' id='word_1_208' title='bbox 991 2014 1214 2058; x_wconf 83' lang='lat' dir='ltr'>modestus</span> <span class='ocrx_word' id='word_1_209' title='bbox 1241 2017 1320 2058; x_wconf 90' lang='lat' dir='ltr'>aut</span> <span class='ocrx_word' id='word_1_210' title='bbox 1349 2015 1513 2073; x_wconf 84' lang='lat' dir='ltr'>grauis,</span> <span class='ocrx_word' id='word_1_211' title='bbox 1540 2030 1640 2059; x_wconf 84' lang='lat' dir='ltr'>raro</span> <span class='ocrx_word' id='word_1_212' title='bbox 1666 2030 1767 2060; x_wconf 90' lang='lat' dir='ltr'>con·</span> 
     </span>
    </p>
   </div>
   <div class='ocr_carea' id='block_1_3' title="bbox 302 2147 1810 2279">
    <p class='ocr_par' dir='ltr' id='par_1_3' title="bbox 302 2147 1810 2279">
     <span class='ocr_line' id='line_1_28' title="bbox 306 2147 1768 2197; baseline 0.004 -14"><span class='ocrx_word' id='word_1_213' title='bbox 306 2158 321 2184; x_wconf 92' lang='lat'>1</span> <span class='ocrx_word' id='word_1_214' title='bbox 349 2147 526 2194; x_wconf 84' lang='lat' dir='ltr'>ymagine</span> <span class='ocrx_word' id='word_1_215' title='bbox 543 2148 584 2183; x_wconf 90' lang='lat' dir='ltr'>M</span> <span class='ocrx_word' id='word_1_216' title='bbox 750 2159 773 2194; x_wconf 91' lang='lat'>9</span> <span class='ocrx_word' id='word_1_217' title='bbox 795 2150 950 2196; x_wconf 90' lang='lat' dir='ltr'>neapoli</span> <span class='ocrx_word' id='word_1_218' title='bbox 968 2149 1034 2186; x_wconf 84' lang='lat' dir='ltr'>SM</span> <span class='ocrx_word' id='word_1_219' title='bbox 1051 2162 1155 2187; x_wconf 80' lang='lat' dir='ltr'>erasa</span> <span class='ocrx_word' id='word_1_220' title='bbox 1171 2156 1289 2187; x_wconf 81' lang='lat' dir='ltr'>tamen</span> <span class='ocrx_word' id='word_1_221' title='bbox 1308 2153 1429 2188; x_wconf 77' lang='lat' dir='ltr'>littera</span> <span class='ocrx_word' id='word_1_222' title='bbox 1444 2157 1528 2188; x_wconf 80' lang='lat' dir='ltr'>ante</span> <span class='ocrx_word' id='word_1_223' title='bbox 1545 2164 1571 2188; x_wconf 93' lang='lat' dir='ltr'>n</span> <span class='ocrx_word' id='word_1_224' title='bbox 1724 2161 1768 2197; x_wconf 87' lang='lat'>14</span> 
     </span>
     <span class='ocr_line' id='line_1_29' title="bbox 303 2196 1767 2246; baseline 0.004 -16"><span class='ocrx_word' id='word_1_225' title='bbox 303 2197 480 2241; x_wconf 81' lang='lat' dir='ltr'>cytharae</span> <span class='ocrx_word' id='word_1_226' title='bbox 500 2197 538 2231; x_wconf 92' lang='lat' dir='ltr'>M</span> <span class='ocrx_word' id='word_1_227' title='bbox 656 2207 700 2242; x_wconf 86' lang='lat'>23</span> <span class='ocrx_word' id='word_1_228' title='bbox 725 2196 943 2243; x_wconf 81' lang='lat' dir='ltr'>hylaritatis</span> <span class='ocrx_word' id='word_1_229' title='bbox 961 2198 1001 2233; x_wconf 89' lang='lat' dir='ltr'>M</span> <span class='ocrx_word' id='word_1_230' title='bbox 1113 2209 1158 2244; x_wconf 92' lang='lat'>24</span> <span class='ocrx_word' id='word_1_231' title='bbox 1185 2198 1327 2236; x_wconf 86' lang='lat' dir='ltr'>fuerint</span> <span class='ocrx_word' id='word_1_232' title='bbox 1345 2199 1386 2234; x_wconf 87' lang='lat' dir='ltr'><strong>M</strong></span> <span class='ocrx_word' id='word_1_233' title='bbox 1495 2201 1542 2236; x_wconf 91' lang='lat'>26</span> <span class='ocrx_word' id='word_1_234' title='bbox 1567 2197 1767 2246; x_wconf 79' lang='lat' dir='ltr'>quisquam</span> 
     </span>
     <span class='ocr_line' id='line_1_30' title="bbox 302 2243 1810 2279; baseline 0.003 -1"><span class='ocrx_word' id='word_1_235' title='bbox 302 2254 430 2278; x_wconf 88' lang='lat' dir='ltr'>eorum</span> <span class='ocrx_word' id='word_1_236' title='bbox 447 2243 639 2279; x_wconf 89' lang='lat' dir='ltr'>inuenitur</span> <span class='ocrx_word' id='word_1_237' title='bbox 654 2243 687 2279; x_wconf 83' lang='lat' dir='ltr'>A</span> <span class='ocrx_word' id='word_1_238' title='bbox 1805 2266 1810 2270; x_wconf 87' lang='lat'><em>—</em></span> 
     </span>
    </p>
   </div>
   <div class='ocr_carea' id='block_1_4' title="bbox 301 2359 1768 2831">
    <p class='ocr_par' dir='ltr' id='par_1_4' title="bbox 301 2359 1768 2831">
     <span class='ocr_line' id='line_1_31' title="bbox 353 2359 1765 2408; baseline 0.004 -15"><span class='ocrx_word' id='word_1_239' title='bbox 353 2369 367 2394; x_wconf 92' lang='lat'>1</span> <span class='ocrx_word' id='word_1_240' title='bbox 395 2360 450 2394; x_wconf 82' lang='lat' dir='ltr'>Eo</span> <span class='ocrx_word' id='word_1_241' title='bbox 478 2362 627 2407; x_wconf 76' lang='lat' dir='ltr'>denique</span> <span class='ocrx_word' id='word_1_242' title='bbox 656 2361 750 2396; x_wconf 90' lang='lat' dir='ltr'>etc.:</span> <span class='ocrx_word' id='word_1_243' title='bbox 794 2359 848 2396; x_wconf 89' lang='lat' dir='ltr'>De</span> <span class='ocrx_word' id='word_1_244' title='bbox 872 2360 944 2396; x_wconf 86' lang='lat' dir='ltr'>hac</span> <span class='ocrx_word' id='word_1_245' title='bbox 971 2371 1010 2395; x_wconf 90' lang='lat' dir='ltr'>re</span> <span class='ocrx_word' id='word_1_246' title='bbox 1034 2362 1226 2397; x_wconf 88' lang='lat' dir='ltr'>auctorem</span> <span class='ocrx_word' id='word_1_247' title='bbox 1259 2360 1383 2397; x_wconf 86' lang='lat' dir='ltr'>citant</span> <span class='ocrx_word' id='word_1_248' title='bbox 1415 2362 1522 2398; x_wconf 87' lang='lat' dir='ltr'>codd.</span> <span class='ocrx_word' id='word_1_249' title='bbox 1557 2361 1613 2397; x_wconf 84' lang='lat' dir='ltr'>SP</span> <span class='ocrx_word' id='word_1_250' title='bbox 1645 2374 1765 2408; x_wconf 80' lang='lat' dir='ltr'>marg.</span> 
     </span>
     <span class='ocr_line' id='line_1_32' title="bbox 306 2405 1768 2455; baseline 0.004 -15"><span class='ocrx_word' id='word_1_251' title='bbox 306 2405 473 2440; x_wconf 81' lang='lat' dir='ltr'>Catulum</span> <span class='ocrx_word' id='word_1_252' title='bbox 494 2406 567 2443; x_wconf 88' lang='lat' dir='ltr'>sive</span> <span class='ocrx_word' id='word_1_253' title='bbox 590 2408 773 2442; x_wconf 78' lang='lat' dir='ltr'>Catullum</span> <span class='ocrx_word' id='word_1_254' title='bbox 796 2409 1027 2443; x_wconf 80' lang='lat' dir='ltr'>Parmensem</span> <span class='ocrx_word' id='word_1_255' title='bbox 1052 2408 1098 2444; x_wconf 90' lang='lat' dir='ltr'>de</span> <span class='ocrx_word' id='word_1_256' title='bbox 1123 2420 1196 2453; x_wconf 91' lang='lat' dir='ltr'>quo</span> <span class='ocrx_word' id='word_1_257' title='bbox 1213 2408 1296 2445; x_wconf 88' lang='lat' dir='ltr'>vide</span> <span class='ocrx_word' id='word_1_258' title='bbox 1321 2420 1416 2454; x_wconf 80' lang='lat' dir='ltr'>quae</span> <span class='ocrx_word' id='word_1_259' title='bbox 1441 2408 1572 2455; x_wconf 85' lang='lat' dir='ltr'>scripsi</span> <span class='ocrx_word' id='word_1_260' title='bbox 1592 2410 1768 2446; x_wconf 72' lang='lat' dir='ltr'>Classical</span> 
     </span>
     <span class='ocr_line' id='line_1_33' title="bbox 302 2453 1767 2502; baseline 0.005 -16"><span class='ocrx_word' id='word_1_261' title='bbox 302 2453 448 2495; x_wconf 86' lang='lat' dir='ltr'>Review,</span> <span class='ocrx_word' id='word_1_262' title='bbox 462 2453 512 2488; x_wconf 87' lang='lat' dir='ltr'>xi.</span> <span class='ocrx_word' id='word_1_263' title='bbox 528 2455 550 2489; x_wconf 90' lang='lat'><strong>6</strong></span> <span class='ocrx_word' id='word_1_264' title='bbox 566 2454 651 2499; x_wconf 87' lang='lat' dir='ltr'>(Iul.</span> <span class='ocrx_word' id='word_1_265' title='bbox 666 2454 783 2499; x_wconf 90' lang='lat'>1897).</span> <span class='ocrx_word' id='word_1_266' title='bbox 878 2465 902 2499; x_wconf 91' lang='lat'><strong>4</strong></span> <span class='ocrx_word' id='word_1_267' title='bbox 926 2457 1063 2490; x_wconf 75' lang='lat' dir='ltr'>Fertur</span> <span class='ocrx_word' id='word_1_268' title='bbox 1076 2462 1195 2492; x_wconf 77' lang='lat' dir='ltr'>uates:</span> <span class='ocrx_word' id='word_1_269' title='bbox 1221 2467 1255 2492; x_wconf 88' lang='lat' dir='ltr'>v.</span> <span class='ocrx_word' id='word_1_270' title='bbox 1271 2455 1514 2502; x_wconf 86' lang='lat' dir='ltr'>Comparetti,</span> <span class='ocrx_word' id='word_1_271' title='bbox 1534 2458 1689 2502; x_wconf 59' lang='lat' dir='ltr'>Vergilio</span> <span class='ocrx_word' id='word_1_272' title='bbox 1705 2459 1767 2493; x_wconf 81' lang='lat' dir='ltr'>nel</span> 
     </span>
     <span class='ocr_line' id='line_1_34' title="bbox 302 2500 1765 2548; baseline 0.004 -15"><span class='ocrx_word' id='word_1_273' title='bbox 302 2501 416 2534; x_wconf 83' lang='lat' dir='ltr'>medio</span> <span class='ocrx_word' id='word_1_274' title='bbox 443 2512 509 2542; x_wconf 84' lang='lat' dir='ltr'>evo,</span> <span class='ocrx_word' id='word_1_275' title='bbox 536 2500 575 2536; x_wconf 89' lang='lat' dir='ltr'>ii.</span> <span class='ocrx_word' id='word_1_276' title='bbox 601 2511 633 2545; x_wconf 89' lang='lat'>3,</span> <span class='ocrx_word' id='word_1_277' title='bbox 664 2512 716 2544; x_wconf 92' lang='lat'>10,</span> <span class='ocrx_word' id='word_1_278' title='bbox 744 2501 848 2538; x_wconf 85' lang='lat' dir='ltr'>alibi.</span> <span class='ocrx_word' id='word_1_279' title='bbox 1058 2514 1081 2548; x_wconf 90' lang='lat'>9</span> <span class='ocrx_word' id='word_1_280' title='bbox 1104 2504 1306 2548; x_wconf 79' lang='lat' dir='ltr'>Eneapoli:</span> <span class='ocrx_word' id='word_1_281' title='bbox 1331 2515 1365 2538; x_wconf 88' lang='lat' dir='ltr'>v.</span> <span class='ocrx_word' id='word_1_282' title='bbox 1396 2505 1478 2538; x_wconf 80' lang='lat' dir='ltr'>Vita</span> <span class='ocrx_word' id='word_1_283' title='bbox 1502 2504 1702 2540; x_wconf 76' lang='lat' dir='ltr'>Athanasii</span> <span class='ocrx_word' id='word_1_284' title='bbox 1722 2504 1765 2540; x_wconf 90' lang='lat' dir='ltr'>in</span> 
     </span>
     <span class='ocr_line' id='line_1_35' title="bbox 302 2547 1763 2598; baseline 0.006 -19"><span class='ocrx_word' id='word_1_285' title='bbox 302 2547 430 2590; x_wconf 76' lang='lat' dir='ltr'>Script.</span> <span class='ocrx_word' id='word_1_286' title='bbox 449 2548 584 2582; x_wconf 79' lang='lat' dir='ltr'>Rerum</span> <span class='ocrx_word' id='word_1_287' title='bbox 596 2550 820 2593; x_wconf 76' lang='lat' dir='ltr'>Lonyobard.</span> <span class='ocrx_word' id='word_1_288' title='bbox 834 2561 869 2594; x_wconf 92' lang='lat' dir='ltr'>p.</span> <span class='ocrx_word' id='word_1_289' title='bbox 891 2560 961 2593; x_wconf 88' lang='lat'>440</span> <span class='ocrx_word' id='word_1_290' title='bbox 977 2562 1036 2597; x_wconf 87' lang='lat' dir='ltr'>ap.</span> <span class='ocrx_word' id='word_1_291' title='bbox 1055 2550 1286 2596; x_wconf 86' lang='lat' dir='ltr'>Comparett.</span> <span class='ocrx_word' id='word_1_292' title='bbox 1304 2561 1364 2595; x_wconf 89' lang='lat' dir='ltr'>op.</span> <span class='ocrx_word' id='word_1_293' title='bbox 1381 2549 1443 2586; x_wconf 87' lang='lat' dir='ltr'>cit.</span> <span class='ocrx_word' id='word_1_294' title='bbox 1460 2549 1500 2585; x_wconf 88' lang='lat' dir='ltr'>ii.</span> <span class='ocrx_word' id='word_1_295' title='bbox 1520 2560 1551 2593; x_wconf 84' lang='lat'>3.</span> <span class='ocrx_word' id='word_1_296' title='bbox 1651 2561 1704 2595; x_wconf 85' lang='lat'>12,</span> <span class='ocrx_word' id='word_1_297' title='bbox 1721 2561 1763 2598; x_wconf 89' lang='lat'>13</span> 
     </span>
     <span class='ocr_line' id='line_1_36' title="bbox 302 2595 1765 2642; baseline 0.006 -15"><span class='ocrx_word' id='word_1_298' title='bbox 302 2595 466 2628; x_wconf 71' lang='lat' dir='ltr'>semiuiri</span> <span class='ocrx_word' id='word_1_299' title='bbox 485 2595 673 2630; x_wconf 80' lang='lat' dir='ltr'>Chironis:</span> <span class='ocrx_word' id='word_1_300' title='bbox 699 2607 730 2631; x_wconf 86' lang='lat' dir='ltr'>v.</span> <span class='ocrx_word' id='word_1_301' title='bbox 750 2596 854 2632; x_wconf 88' lang='lat' dir='ltr'>Ovid.</span> <span class='ocrx_word' id='word_1_302' title='bbox 867 2598 1012 2633; x_wconf 80' lang='lat' dir='ltr'>Metam.</span> <span class='ocrx_word' id='word_1_303' title='bbox 1029 2597 1069 2633; x_wconf 90' lang='lat' dir='ltr'>ii.</span> <span class='ocrx_word' id='word_1_304' title='bbox 1087 2598 1178 2642; x_wconf 78' lang='lat'><strong>6333</strong></span> <span class='ocrx_word' id='word_1_305' title='bbox 1203 2598 1303 2632; x_wconf 78' lang='lat' dir='ltr'>Fast.</span> <span class='ocrx_word' id='word_1_306' title='bbox 1320 2609 1353 2632; x_wconf 89' lang='lat' dir='ltr'>v.</span> <span class='ocrx_word' id='word_1_307' title='bbox 1371 2599 1451 2642; x_wconf 90' lang='lat'>380.</span> <span class='ocrx_word' id='word_1_308' title='bbox 1499 2596 1552 2633; x_wconf 85' lang='lat' dir='ltr'>Cf.</span> <span class='ocrx_word' id='word_1_309' title='bbox 1568 2596 1765 2636; x_wconf 79' lang='lat' dir='ltr'>Claudian-</span> 
     </span>
     <span class='ocr_line' id='line_1_37' title="bbox 302 2638 1764 2692; baseline 0.005 -18"><span class='ocrx_word' id='word_1_310' title='bbox 302 2640 345 2674; x_wconf 80' lang='lat' dir='ltr'>de</span> <span class='ocrx_word' id='word_1_311' title='bbox 369 2638 452 2674; x_wconf 90' lang='lat' dir='ltr'><em>III⁰</em></span> <span class='ocrx_word' id='word_1_312' title='bbox 476 2652 568 2676; x_wconf 82' lang='lat' dir='ltr'>cons.</span> <span class='ocrx_word' id='word_1_313' title='bbox 593 2643 752 2677; x_wconf 79' lang='lat' dir='ltr'>Honorii</span> <span class='ocrx_word' id='word_1_314' title='bbox 775 2644 832 2678; x_wconf 88' lang='lat'>62.</span> <span class='ocrx_word' id='word_1_315' title='bbox 1019 2655 1062 2689; x_wconf 93' lang='lat'>14</span> <span class='ocrx_word' id='word_1_316' title='bbox 1085 2645 1264 2680; x_wconf 78' lang='lat' dir='ltr'>Achilles:</span> <span class='ocrx_word' id='word_1_317' title='bbox 1295 2656 1326 2679; x_wconf 80' lang='lat' dir='ltr'>V.</span> <span class='ocrx_word' id='word_1_318' title='bbox 1345 2643 1440 2680; x_wconf 85' lang='lat' dir='ltr'>Stat.</span> <span class='ocrx_word' id='word_1_319' title='bbox 1458 2645 1631 2681; x_wconf 78' lang='lat' dir='ltr'>Achilleis</span> <span class='ocrx_word' id='word_1_320' title='bbox 1646 2645 1673 2682; x_wconf 87' lang='lat' dir='ltr'>i.</span> <span class='ocrx_word' id='word_1_321' title='bbox 1697 2655 1764 2692; x_wconf 82' lang='grc'>159</span> 
     </span>
     <span class='ocr_line' id='line_1_38' title="bbox 302 2690 1763 2739; baseline 0.006 -18"><span class='ocrx_word' id='word_1_322' title='bbox 302 2697 416 2739; x_wconf 44' lang='lat' dir='ltr'>seqq..</span> <span class='ocrx_word' id='word_1_323' title='bbox 561 2697 600 2731; x_wconf 84' lang='lat'>17</span> <span class='ocrx_word' id='word_1_324' title='bbox 626 2690 791 2725; x_wconf 82' lang='lat' dir='ltr'>Bachus:</span> <span class='ocrx_word' id='word_1_325' title='bbox 826 2690 933 2727; x_wconf 89' lang='lat' dir='ltr'>Vnde</span> <span class='ocrx_word' id='word_1_326' title='bbox 959 2691 1136 2727; x_wconf 88' lang='lat' dir='ltr'>didicerit</span> <span class='ocrx_word' id='word_1_327' title='bbox 1161 2690 1319 2728; x_wconf 83' lang='lat' dir='ltr'>Ioannes</span> <span class='ocrx_word' id='word_1_328' title='bbox 1345 2691 1535 2727; x_wconf 89' lang='lat' dir='ltr'>Bacchum</span> <span class='ocrx_word' id='word_1_329' title='bbox 1561 2692 1763 2730; x_wconf 87' lang='lat' dir='ltr'>Chironem</span> 
     </span>
     <span class='ocr_line' id='line_1_39' title="bbox 302 2733 1763 2784; baseline 0.007 -17"><span class='ocrx_word' id='word_1_330' title='bbox 302 2733 474 2769; x_wconf 77' lang='lat' dir='ltr'>habuisse</span> <span class='ocrx_word' id='word_1_331' title='bbox 504 2734 731 2771; x_wconf 87' lang='lat' dir='ltr'>nutritorem</span> <span class='ocrx_word' id='word_1_332' title='bbox 759 2737 910 2782; x_wconf 86' lang='lat' dir='ltr'>nescio;</span> <span class='ocrx_word' id='word_1_333' title='bbox 949 2739 1049 2783; x_wconf 91' lang='lat' dir='ltr'>quod</span> <span class='ocrx_word' id='word_1_334' title='bbox 1076 2749 1280 2783; x_wconf 84' lang='lat' dir='ltr'>numquam</span> <span class='ocrx_word' id='word_1_335' title='bbox 1308 2736 1381 2773; x_wconf 83' lang='lat' dir='ltr'>nisi</span> <span class='ocrx_word' id='word_1_336' title='bbox 1409 2750 1469 2784; x_wconf 83' lang='lat' dir='ltr'>ap.</span> <span class='ocrx_word' id='word_1_337' title='bbox 1499 2738 1763 2777; x_wconf 72' lang='lat' dir='ltr'>Ptolomaeum</span> 
     </span>
     <span class='ocr_line' id='line_1_40' title="bbox 301 2780 1379 2831; baseline 0.006 -16"><span class='ocrx_word' id='word_1_338' title='bbox 301 2780 594 2826; x_wconf 82' lang='lat' dir='ltr'>Hephaestionis</span> <span class='ocrx_word' id='word_1_339' title='bbox 613 2782 685 2828; x_wconf 88' lang='lat' dir='ltr'>(ed.</span> <span class='ocrx_word' id='word_1_340' title='bbox 703 2782 855 2829; x_wconf 86' lang='lat' dir='ltr'>Roulez,</span> <span class='ocrx_word' id='word_1_341' title='bbox 872 2797 909 2830; x_wconf 92' lang='lat' dir='ltr'>p.</span> <span class='ocrx_word' id='word_1_342' title='bbox 929 2788 988 2831; x_wconf 84' lang='lat'>25)</span> <span class='ocrx_word' id='word_1_343' title='bbox 1006 2787 1202 2822; x_wconf 86' lang='lat' dir='ltr'>narratum</span> <span class='ocrx_word' id='word_1_344' title='bbox 1219 2784 1379 2831; x_wconf 87' lang='lat' dir='ltr'>repperi.</span> 
     </span>
    </p>
   </div>
   <div class='ocr_carea' id='block_1_5' title="bbox 414 2850 455 2884">
    <p class='ocr_par' dir='ltr' id='par_1_5' title="bbox 414 2850 455 2884">
     <span class='ocr_line' id='line_1_41' title="bbox 414 2850 455 2884; baseline -0.049 0"><span class='ocrx_word' id='word_1_345' title='bbox 414 2850 455 2884; x_wconf 86' lang='lat'>26</span> 
     </span>
    </p>
   </div>
  </div>
 </body>
</html>
