1878 3172
15 154 19 211 ἶ
93 194 192 229 ω».
204 181 358 243 nvn]
603 177 1040 225 Pomcmncvs
1565 177 1654 228 469
1673 185 1699 216 c

14 349 15 354 ,
92 303 209 347 sicut
240 302 413 346 locutus
446 303 514 344 est
546 300 594 343 in
626 314 762 343 manu
790 314 900 351 mea,
931 301 977 342 et
1005 297 1175 342 scindet
1203 310 1389 354 regnum
1417 297 1547 338 tuum

16 379 21 399 ·’
80 371 149 415 *de
175 385 312 414 manu
336 374 417 414 tua
445 373 491 412 et
518 369 643 412 dabit
667 368 779 411 illud
804 367 1006 426 proximo
1031 371 1111 409 tuo
1137 366 1298 416 Dauid,
1325 364 1430 422 quia
1458 378 1547 406 non
1563 363 1593 404 d

14 430 18 450 ²
92 439 281 484 obedisti
310 439 409 482 uoci
442 438 622 481 Domini
660 452 801 494 neque
834 436 979 480 fecisti
1013 436 1127 478 iram
1165 434 1330 477 furoris
1368 433 1462 476 eius
1500 432 1549 474 in

74 508 316 552 -Amalech,
373 507 535 551 Iccirco
564 506 682 563 quod
709 506 886 564 pateris,
913 504 1021 548 fecit
1049 504 1133 547 tibi
1162 503 1380 546 Dominus
1408 501 1550 551 hodie,

55 597 77 632 5
94 580 140 620 et
178 577 304 620 dabit
341 576 558 620 Dominus
589 576 723 619 etiam
755 578 901 618 tecum
933 573 1070 617 Israel
1104 573 1152 615 in
1183 586 1319 615 manu
1354 570 1550 613 Philisti·

91 660 262 689 norum.
321 643 431 688 Cras
459 648 607 687 autem
636 648 689 687 tu
718 647 763 687 et
791 644 871 686 filii
900 643 969 686 tui
994 656 1164 686 mecum
1193 641 1328 683 eritis.
1387 639 1475 683 Sed
1505 642 1551 682 et

92 717 239 757 castra
258 714 396 757 Israel
419 713 567 756 tradet
589 713 805 756 Dominus
828 713 875 754 in
900 726 1036 754 manu
1058 710 1305 753 Philistiim.
1365 707 1550 751 Exitum

95 783 272 839 quidem
306 782 410 825 belli
441 782 631 824 fideliter
672 781 862 824 infidelis
900 780 1115 837 exposuit,
1149 779 1224 822 sed
1263 782 1414 821 tamen
1452 791 1550 819 uer-

94 851 252 894 borum
285 851 519 894 tendiculis
552 850 772 893 infidelem
806 853 852 893 et
886 849 1106 892 infelicem
1140 848 1333 891 animam
1367 846 1549 888 fraudu·

14 938 81 973 ,ιο
96 919 240 962 lenter
266 919 448 976 decepit.
507 919 741 962 Deuiantis
770 918 985 975 siquidem
1014 917 1246 960 confirmat
1274 930 1476 965 errorem,
1506 918 1553 957 et

95 988 375 1045 impenitenti
403 991 504 1046 post
533 988 702 1031 exitum
732 988 923 1044 quietem
952 985 1232 1043 repromittit.
1291 984 1405 1029 Cum
1435 984 1553 1027 enim

95 1057 205 1101 dicit
223 1057 463 1100 Dominum
486 1057 771 1115 impleturum
797 1070 909 1113 quae
935 1056 1108 1098 locutus
1127 1058 1194 1098 est
1214 1054 1261 1096 in
1281 1067 1416 1095 manu
1442 1067 1553 1104 mea,

94 1140 142 1169 se
180 1126 468 1183 proculdubio
506 1126 687 1169 simulat
716 1125 976 1176 Samuelem,
1005 1138 1085 1180 per
1118 1137 1248 1180 quem
1279 1122 1417 1172 Sauli,
1440 1135 1552 1178 quae

95 1194 342 1247 denuntiat,
362 1194 534 1238 locutus
568 1197 636 1237 est
666 1194 892 1237 Dominus.
971 1192 1085 1236 Cum
1117 1195 1266 1234 autem
1297 1190 1552 1248 subiungit:

15 1261 79 1315 {215
97 1261 207 1307 Cras
251 1266 304 1306 tu
349 1266 396 1306 et
432 1263 514 1305 filii
552 1263 621 1306 tui
660 1277 830 1305 mecum
869 1261 1015 1313 eritis3
1063 1275 1219 1303 uerum
1258 1259 1436 1316 quidem
1477 1258 1554 1302 sed

17 1346 23 1349 ⁴
95 1331 403 1375 fraudulenter
421 1333 637 1375 enuntiat.
691 1332 802 1374 Erat
820 1331 937 1374 enim
958 1330 1028 1372 die
1048 1329 1249 1386 sequenti
1269 1328 1354 1371 sibi
1373 1342 1553 1370 manum
1570 1334 1654 1375 470
1674 1335 1705 1363 a

13 1419 22 1425 ²
97 1415 155 1444 ex
183 1401 486 1458 desperatione
514 1401 698 1444 iniciens
726 1400 783 1443 ad
817 1399 983 1442 inferos
1011 1398 1292 1447 transiturus,
1321 1397 1556 1439 habiturus

21 1503 24 1507 .
95 1472 268 1526 partem
301 1484 400 1513 cum
434 1484 497 1520 eo,
526 1484 656 1527 quem
689 1468 881 1512 auaritia
915 1467 1037 1510 fastu
1070 1466 1366 1510 obstinatione
1395 1466 1557 1509 mentis

19 1538 22 1539 ⁷
97 1537 248 1582 fuerat
294 1538 527 1582 insecutus.
606 1538 695 1581 Sed
743 1537 857 1580 falso
900 1536 1139 1586 blanditur,
1181 1536 1386 1592 ingerens
1433 1549 1556 1592 spem

31 1623 84 1649 ¹a>
100 1607 272 1663 quietis,
301 1607 407 1649 dum
441 1621 487 1650 se
521 1610 650 1664 gestu
681 1609 727 1649 et
760 1606 908 1649 uerbis
941 1605 1157 1648 mentitur
1190 1604 1450 1654 Samuelem,
1484 1603 1556 1646 cui

97 1678 267 1719 certum
296 1678 364 1718 est
391 1676 594 1719 collatam
624 1690 716 1719 esse
745 1676 794 1717 in
820 1675 967 1732 quiete
993 1674 1139 1717 sedem
1167 1688 1194 1716 a
1219 1673 1410 1716 Domino
1438 1673 1557 1715 inter

13 1747 28 1783 72
98 1758 172 1787 eos
204 1744 281 1801 qui
310 1745 519 1787 inuocant
547 1759 707 1787 nomen
736 1744 840 1787 eius.
900 1743 1018 1796 Quid
1047 1758 1151 1800 ergo
1182 1742 1306 1785 Sauli
1338 1740 1557 1784 Samuelis

15 1806 19 1871 J
97 1813 167 1855 sui
186 1813 259 1856 uel
284 1813 432 1870 potius
461 1813 656 1870 phitonis
680 1812 885 1869 profuere
912 1812 1152 1869 responsa?
1209 1811 1420 1854 Potuerat
1440 1809 1556 1852 forte

11 1883 37 1943 ζι
98 1895 187 1924 non
225 1882 525 1938 praemonitus
563 1897 738 1938 sperare
771 1881 964 1931 meliora,
995 1884 1040 1923 et
1078 1880 1234 1922 saltem
1268 1879 1374 1921 dum
1413 1878 1557 1921 alieno

10 1946 83 2002 ⁷²²5
99 1948 407 1992 confoderetur
454 1950 602 2007 gladio
650 1953 891 2006 expectare.
970 1948 1148 1991 Oraculi
1202 1962 1308 1990 uero
1356 1947 1557 1989 uanitate

10 2015 24 2068 ἶ
98 2018 361 2061 certioratus
385 2018 533 2075 gladio
558 2032 638 2061 suo
664 2018 876 2067 incubuit,
897 2020 942 2059 et
968 2017 1016 2058 in
1040 2017 1250 2059 extremis
1276 2030 1423 2072 agens,
1450 2015 1557 2057 dum

11 2116 35 2158 4
98 2087 302 2143 propriae
329 2087 495 2144 gloriae
524 2086 788 2136 consulebat,
818 2086 895 2142 qui
929 2085 1091 2127 fortius
1124 2085 1236 2127 mori
1265 2083 1481 2140 potuisset
1509 2083 1557 2124 in

98 2155 277 2212 praelio,
296 2170 449 2198 auram
478 2155 713 2198 uerborum
742 2154 984 2231 pertimuit,
1008 2157 1053 2195 et
1082 2152 1246 2195 infirmi
1276 2156 1321 2194 et
1345 2151 1557 2208 prostrati

20 2240 28 2274 g
100 2224 239 2266 animi
267 2224 448 2267 consilio
473 2223 665 2279 corporis
695 2225 741 2265 et
768 2222 940 2264 animae
970 2224 1156 2264 mortem
1186 2221 1355 2263 asciuit.
1414 2219 1555 2262 Glori-
1574 2219 1603 2258 b

41 2312 86 2346 30
102 2295 234 2335 entur
270 2295 424 2349 gentes
462 2292 510 2334 in
548 2290 812 2334 fortitudine
850 2305 942 2342 sua,
973 2293 1173 2332 auctores
1211 2303 1362 2331 earum
1396 2288 1560 2340 dicant,

100 2361 400 2417 unusquisque
450 2359 567 2416 quod
614 2358 761 2409 sentit,
799 2358 906 2400 dum
954 2358 1137 2400 heroum
1180 2371 1359 2399 suorum
1402 2356 1559 2399 titulos

100 2429 367 2485 praedicant,
405 2428 512 2470 dum
550 2441 810 2484 magnorum
849 2427 1046 2469 uirorum
1085 2425 1394 2468 fortitudinem
1432 2440 1557 2482 prae-

12 2495 14 2497 ’
100 2500 341 2548 conantum
386 2497 511 2539 bibat
543 2496 632 2538 illis
664 2495 915 2538 auctoribus
946 2493 1058 2538 Cato
1091 2508 1322 2544 uenenum,
1351 2494 1558 2537 Vulteius

101 2564 281 2608 dextras
307 2568 353 2607 et
380 2567 550 2607 mentes
569 2564 783 2607 sociorum
802 2566 944 2605 armet
962 2563 1019 2605 ad
1039 2562 1335 2605 uoluntariam
1359 2566 1558 2613 mortem,

45 2652 87 2687 35
102 2646 182 2689 per
198 2633 415 2675 mamillas
435 2633 491 2675 ad
509 2647 583 2676 cor
602 2645 820 2674 uenenum
840 2631 1042 2687 aspidum
1061 2630 1304 2673 insanabile
1324 2629 1560 2688 Cleopatra

150 2761 207 2794 21,
226 2762 308 2787 22¹
295 2754 461 2788 'nter-eos
476 2753 568 2789 ete:
594 2749 650 2785 Ps.
667 2749 790 2786 xcviii.
806 2749 841 2785 6.
948 2759 995 2793 24
1019 2751 1106 2784 dum
1121 2750 1239 2785 alieno
1255 2751 1349 2786 etc.:
1374 2761 1407 2785 v.
1431 2760 1445 2786 1
1467 2749 1557 2797 Reg.

103 2797 215 2843 xxxi;
242 2809 263 2834 2
279 2798 370 2844 Reg.
387 2798 411 2834 i.
553 2808 597 2844 33
627 2798 809 2832 Vulteius·
833 2808 866 2832 v.
883 2795 971 2832 Luc.
988 2797 1116 2833 Phara.
1133 2795 1182 2832 iv.
1201 2805 1379 2843 54oseqq.

1385 2875 1449 2910 Ι57
