1878 3172
130 147 217 187 44ο
237 138 267 178 b
614 133 875 179 IOANNIS
915 107 1428 178 SARESBERIENSIS
1575 133 1690 196 [ΗΒ.
1707 147 1747 179 11

285 255 466 312 phisicis
485 254 740 312 adquiescit,
761 253 878 311 quod
898 253 1242 297 teneritudinem
1261 253 1492 297 subtilium
1518 268 1749 312 corporum

285 325 333 366 in
368 324 581 381 quasdam
615 327 756 367 sectas
785 323 883 366 uias
913 325 959 366 et
988 322 1251 366 circulorum
1280 323 1629 380 intercapedines
1660 338 1750 367 non

285 393 466 436 estimat
512 392 729 450 dissipari.
808 392 1027 435 Asserunt
1068 406 1241 448 quoque
1285 392 1576 436 communiter
1615 393 1751 436 solem

244 479 270 508 c
286 462 443 506 caloris
482 464 706 505 auctorem
746 475 850 512 esse,
889 461 1213 517 humorumque
1251 464 1540 519 augmentum
1584 464 1630 505 et
1677 462 1750 506 de-

286 531 465 582 fectum,
486 531 695 588 quoniam
722 530 769 573 id
796 544 950 573 sensus
976 529 1146 587 probat,
1166 530 1308 573 motui
1337 530 1484 573 lunari
1512 545 1750 574 accommo-
1770 546 1788 580 5

285 601 419 653 dant;
468 603 514 643 et
553 600 600 642 in
639 600 757 642 hunc
791 599 970 641 modum
1010 599 1212 655 plurima.
1291 597 1499 643 Ceterum
1529 600 1752 650 mathesis,

286 685 398 727 quae
439 669 694 713 futurorum
728 669 960 726 pollicetur
993 668 1218 719 indicium,
1247 668 1305 711 ab
1345 668 1572 712 elementis
1610 669 1751 726 philo-

285 739 477 796 sophiae,
511 741 564 782 ut
601 738 878 795 praedictum
912 741 990 788 est,
1020 738 1203 781 trahens
1240 738 1456 795 originem
1494 738 1615 781 ultra
1652 752 1752 795 pro-

285 809 498 866 greditur‚
534 810 580 851 et
623 807 827 850 elationis
870 821 975 850 suae
1019 807 1271 851 temeritate
1309 807 1358 850 in
1395 807 1751 866 praerogatiuam

286 878 380 921 eius
400 877 651 934 prorumpit
1770 892 1812 915 10

402 970 479 1026 qui
509 970 661 1012 stellas
689 971 908 1020 numerat,
938 983 1127 1026 quarum
1157 969 1251 1026 ipse
1280 969 1461 1013 nomina
1489 969 1608 1013 solus

401 1029 530 1085 signa
557 1030 802 1085 potestates
832 1042 987 1071 cursus
1017 1028 1112 1070 loca
1141 1030 1342 1085 tempora
1371 1028 1511 1078 nouit.

287 1116 506 1169 Quoniam
526 1116 609 1159 hoc
628 1115 775 1172 ipsum
801 1115 1096 1158 astronomiae
1123 1130 1228 1158 suae
1257 1115 1468 1159 beneficio
1497 1115 1582 1159 sibi
1611 1118 1751 1159 astro-

283 1183 412 1243 logus
450 1185 734 1242 repromittit.
813 1184 1042 1240 Tantoque
1071 1184 1247 1242 longius
1278 1199 1306 1227 a
1334 1185 1519 1228 scientia
1546 1185 1752 1228 ueritatis

285 1256 506 1305 aberrant,
541 1257 709 1311 quanto
749 1254 807 1297 ad
838 1268 935 1296 eam
967 1253 1183 1297 tumidius
1217 1255 1461 1311 irrumpere
1494 1255 1750 1297 moliuntur.
1770 1271 1810 1305 15

286 1324 526 1381 Signorum
574 1337 678 1380 ergo
727 1325 935 1366 naturam
984 1322 1274 1374 reuomentes,
1313 1325 1447 1380 prout
1487 1337 1585 1365 eam
1634 1321 1751 1366 forte

285 1396 515 1443 nouerant,
564 1392 671 1435 dum
720 1392 769 1434 in
817 1391 957 1435 stellis
1012 1392 1289 1449 comparibus
1337 1393 1616 1443 fluctuarent,
1664 1392 1753 1435 alia

239 1461 269 1501 d
286 1461 442 1504 dicunt
470 1460 702 1504 masculini
731 1460 915 1517 generis,
942 1460 1031 1502 alia
1059 1459 1275 1511 feminini,
1303 1463 1534 1517 essentque
1562 1460 1753 1503 forsitan

285 1529 581 1586 multiplicata
599 1543 679 1585 per
697 1528 901 1579 sobolem,
920 1528 1007 1571 nisi
1035 1529 1139 1585 quia
1163 1529 1397 1572 dissociata
1422 1529 1528 1572 locis
1554 1529 1603 1571 in
1631 1529 1752 1572 coitu

285 1598 521 1642 conuenire
549 1612 639 1640 non
668 1600 864 1654 possunt.
924 1597 1208 1641 Planetarum
1235 1613 1408 1655 quoque
1431 1598 1624 1649 consilia,
1645 1613 1750 1655 quo·
1771 1614 1813 1638 20
1874 1600 1878 1618 ⁴

286 1668 407 1710 niam
429 1669 474 1710 et
493 1667 611 1710 orbis
631 1667 929 1710 moderatores
952 1682 1024 1710 eos
1044 1667 1222 1719 habent,
1243 1668 1480 1725 diligenter
1507 1668 1752 1724 explorant,

288 1737 406 1794 quod
426 1751 482 1779 ex
502 1736 731 1779 affectione
751 1750 902 1778 eorum
927 1739 973 1779 et
995 1739 1120 1779 motu
1147 1740 1192 1780 et
1219 1737 1513 1794 applicatione
1536 1737 1669 1780 unius
1694 1737 1754 1780 ad

288 1807 479 1849 alterum
500 1805 754 1861 choreisque
774 1805 1003 1848 stellarum
1023 1805 1153 1849 facile
1173 1810 1241 1849 est
1260 1807 1472 1850 inuenire.
1533 1806 1754 1849 Saturnus

289 1890 405 1932 ergo,
436 1875 541 1932 quia
569 1874 760 1932 frigidus
790 1876 857 1917 est
886 1876 932 1917 et
961 1889 1107 1926 senex,
1133 1876 1284 1933 grauis
1314 1878 1382 1919 est
1410 1878 1456 1919 et
1484 1876 1678 1927 nociuus,
1708 1878 1754 1919 et

288 1945 343 1988 de
391 1947 554 1987 natura
602 1944 831 1994 malitiam,
880 1945 1183 1987 morositatem
1237 1945 1462 1988 contrahit
1514 1945 1571 1988 ab
1622 1946 1750 1988 etate.
1771 1962 1788 1985 2
1794 1962 1812 1996 5
1873 1934 1878 1975 Ῑ

289 2013 507 2057 Omnibus
542 2027 646 2071 ergo
680 2013 884 2056 inimicus
921 2013 1000 2055 uix
1030 2014 1123 2056 suis
1154 2014 1289 2057 etiam
1323 2015 1562 2059 scolasticis
1599 2015 1753 2072 parcit.

289 2081 495 2125 Succedit
514 2082 554 2124 ei
575 2081 748 2139 Iupiter
767 2095 791 2125 e
811 2083 965 2124 contra
991 2082 1211 2139 propitius
1236 2085 1281 2126 et
1301 2083 1490 2126 salubris
1515 2085 1754 2139 tantaeque

287 2150 577 2208 benignitatis
607 2150 655 2192 in
682 2164 832 2193 omnes
859 2152 912 2192 ut
935 2165 1014 2194 nec
1042 2151 1096 2194 de
1123 2151 1295 2194 malitia
1322 2152 1463 2208 patris
1487 2166 1568 2194 nec
1594 2150 1753 2194 Martis

288 2219 519 2263 ferocitate
553 2218 738 2261 subiecti
774 2233 1038 2275 quemquam
1073 2219 1279 2271 offendat,
1308 2220 1395 2262 nisi
1429 2219 1546 2263 forte
1580 2221 1626 2262 et
1659 2219 1753 2276 ipse
1874 2275 1876 2278 y

148 2302 223 2342 441
242 2304 271 2333 a
288 2289 336 2331 in
370 2289 488 2331 orbis
523 2288 708 2331 subiecti
741 2288 972 2344 dispendia
1003 2289 1291 2332 stationarius
1330 2289 1476 2332 factus
1515 2289 1575 2331 sit
1614 2290 1750 2331 retro-
1770 2303 1812 2337 30
1876 2293 1878 2299 '

288 2357 509 2413 gradusue
557 2358 638 2399 aut
681 2356 958 2399 adustionem
1001 2357 1295 2400 miserabilem
1342 2357 1552 2415 patiatur.
1631 2357 1752 2400 Mars

290 2423 418 2466 ferox
446 2425 694 2480 naturaque
721 2425 964 2468 indomitus
993 2440 1143 2468 omnes
1169 2428 1346 2483 praeter
1374 2425 1624 2469 scolasticos
1651 2439 1753 2468 suos

291 2530 337 2565 24
361 2531 504 2557 nocuus
521 2521 561 2556 M
703 2523 748 2559 26
772 2521 895 2568 igitur
912 2522 952 2558 M
1046 2524 1177 2569 parcet
1193 2522 1234 2558 M

341 2616 357 2642 1
382 2607 533 2651 phisicis
554 2608 624 2643 etc.
641 2618 650 2642 :
682 2607 791 2644 Mart.
816 2607 904 2654 Cap.
922 2607 999 2644 viii.
1018 2606 1037 2656 ξ
1054 2610 1134 2653 814.
1278 2619 1310 2654 3,
1327 2618 1350 2653 4
1373 2609 1481 2644 solem
1504 2609 1634 2645 caloris
1655 2611 1750 2646 etc.:

290 2665 324 2689 v.
341 2653 504 2689 Macrob.
524 2656 567 2689 de
582 2656 618 2690 S.
633 2656 669 2690 S.
685 2654 724 2690 ii.
745 2664 765 2699 7
784 2655 885 2691 alibi.
1042 2666 1081 2692 11
1108 2657 1171 2702 qui
1185 2657 1306 2691 stellas
1321 2657 1413 2692 etc.:
1441 2654 1612 2692 Sedulius
1632 2658 1750 2694 Carm.
1875 2694 1878 2695 ⁷

290 2699 458 2783 figscgtfii.
476 2701 531 2744 66,
550 2702 607 2745 67.
722 2712 766 2748 23
791 2703 973 2739 Saturnus
995 2704 1088 2740 etc.:
1115 2702 1167 2739 sic
1184 2702 1355 2749 planetas
1371 2702 1551 2740 describit
1568 2702 1751 2741 Firmicus
1847 2767 1849 2769 ι
1872 2702 1878 2771 ἶ

403 2819 466 2851 108

1872 462 1878 470 υ
1874 357 1878 382 Α..
1871 278 1878 348 Α...»
