1878 3172
102 156 204 191 041³.
219 144 331 206 xxv]
611 142 1049 189 POLICRATICVS
1574 152 1651 193 457
1669 142 1701 182 d

53 285 63 299 ·
102 265 244 309 enim:
274 265 396 308 Haec
414 264 523 308 dicit
541 263 784 316 Dominus;
814 262 1023 306 Occidisti
1051 264 1096 305 et
1123 261 1367 319 possedisti.
1424 261 1559 305 Item·

102 347 212 390 que:
247 333 303 376 In
332 348 419 390 quo
448 334 542 376 loco
570 333 799 375 linxerunt
827 346 956 374 canes
975 330 1243 387 sanguinem
1273 330 1468 380 Naboth,
1496 330 1559 373 ibi

102 401 275 459 lingent
305 402 564 459 sanguinem
592 404 733 450 tuum,
762 403 808 442 et
842 399 1015 442 Iezabel
1042 413 1171 442 canes
1199 399 1428 442 comedent
1456 402 1560 442 ante
1576 399 1655 449 458
1675 410 1706 438 a

102 485 252 514 muros
271 470 448 514 Iezrael.
506 469 635 523 Quod
661 484 760 513 cum
779 469 974 512 audisset
993 468 1127 518 Acab‚
1146 468 1276 511 scidit
1295 468 1562 511 uestimenta

39 555 85 597 ·3
103 554 184 582 sua
218 542 264 582 et
301 540 450 596 posuit
486 553 659 582 saccum
697 553 827 595 super
864 553 1039 582 carnem
1083 552 1220 588 suam,
1258 537 1562 594 ieiunauitque

103 611 149 652 et
179 608 391 652 dormiuit
422 608 470 650 in
506 607 659 651 cilicio.
731 607 978 663 Factusque
1014 609 1082 649 est
1115 621 1258 649 sermo
1289 606 1469 649 Domini
1503 607 1562 649 ad

103 678 297 734 Helyam
330 677 499 720 dicens:
545 676 661 729 Quia
698 676 916 719 reueritus
955 678 1022 718 est
1055 675 1178 719 Acab
1212 674 1371 718 faciem
1405 689 1560 726 meam,

101 761 192 789 non
229 746 435 789 inducam
473 745 639 788 malum
677 745 725 786 in
765 744 919 787 diebus
940 745 1063 788 ‚eius
1137 744 1246 787 Ecce
1290 758 1405 800 pena
1448 758 1561 800 quae

103 815 346 858 debebatur
374 815 508 864 Acab,
538 814 643 870 quia
672 813 962 870 penitentiam
992 814 1094 870 egit,
1122 813 1326 856 differtur
1358 814 1407 855 in
1441 816 1560 870 post-

44 905 87 929 1ο
103 899 211 934 eros,
242 886 288 927 et
326 883 499 926 Iezabel
536 883 584 924 in
619 883 778 926 scelere
816 897 1101 939 perseuerans
1139 883 1360 940 praesenti
1398 883 1561 926 iudicio

101 953 461 1009 condempnatur.
530 952 631 994 Vna
664 951 902 1008 eademque
936 951 1026 994 fuit
1058 952 1278 995 sententia
1315 966 1427 1008 quae
1461 966 1560 995 san-

100 1022 280 1079 guinem
314 1021 439 1063 Acab
472 1023 518 1063 et
557 1020 730 1063 Iezabel
764 1021 946 1063 canibus
985 1021 1243 1077 exponebat.
1314 1021 1372 1063 Et
1410 1023 1561 1064 tamen

101 1105 182 1148 pro
210 1092 337 1147 parte
365 1091 567 1132 mutatur
593 1092 639 1132 et
667 1104 748 1146 pro
776 1092 903 1146 parte
932 1092 1083 1132 manet
1110 1090 1358 1139 immobilis,
1382 1093 1562 1134 auctore

101 1161 349 1215 temporum
389 1158 450 1200 sic
489 1157 637 1200 omnia
682 1157 975 1214 dispensante.
1054 1158 1128 1201 Sic
1174 1161 1219 1200 et
1258 1157 1488 1202 Niniuitae
1535 1173 1563 1200 a

45 1246 85 1281 15
102 1227 322 1284 praesenti
355 1226 526 1270 excidio
563 1226 738 1269 liberati
772 1226 952 1268 Domini
989 1226 1151 1269 flexere
1190 1227 1466 1278 sententiam,
1504 1241 1561 1270 ex

102 1295 246 1338 edicto
275 1295 392 1352 regis
430 1298 475 1338 et
508 1295 757 1352 principum
796 1297 977 1351 agentes
1016 1295 1307 1351 penitentiam
1339 1295 1397 1337 ad
1435 1310 1560 1352 prae-
1577 1299 1607 1336 b

101 1363 364 1407 dicationem
385 1364 531 1408 Ionae.
590 1363 820 1421 Numquid
846 1363 930 1406 tibi
950 1364 1129 1406 uidetur
1147 1364 1295 1407 uerior
1319 1366 1365 1407 et
1390 1364 1562 1407 fidelior

100 1433 322 1476 sententia
346 1433 467 1476 Iouis
493 1436 539 1476 et
565 1433 722 1476 Martis
751 1447 883 1489 quam
911 1433 1130 1475 sententia
1159 1433 1400 1476 creatoris?
1458 1433 1563 1476 Non

102 1501 257 1558 utique
287 1501 434 1544 Plauti
463 1502 643 1544 consilio
671 1501 935 1558 adquiesces,
961 1501 999 1544 si
1028 1501 1148 1543 istud
1178 1501 1342 1544 uirium
1371 1501 1563 1558 planetis

45 1587 88 1611 ιο
103 1569 395 1627 adscripseris.
453 1570 567 1614 Cum
597 1571 714 1613 enim
746 1570 964 1613 sicofanta
997 1570 1338 1627 Mandrogerum
1374 1585 1560 1627 percun-

102 1641 258 1689 ctetur,
289 1653 347 1681 an
384 1639 450 1681 illi
484 1639 575 1681 sint
608 1639 811 1696 planetae
841 1639 1056 1695 placandi,
1086 1639 1162 1695 qui
1190 1639 1386 1682 numeris
1414 1642 1559 1682 totum

101 1710 263 1758 rotant,
283 1723 355 1751 eos
375 1708 691 1765 Mandrogerus
710 1698 800 1750 nec*
815 1708 917 1750 uisu
939 1707 1091 1751 faciles
1113 1722 1193 1750 nec
1216 1707 1339 1751 dictu
1362 1708 1559 1751 affabiles
1576 1715 1602 1744 c

102 1791 195 1819 esse
223 1777 468 1833 raepondet,
496 1777 687 1819 adiciens
716 1777 833 1833 quod
863 1780 908 1819 et
936 1778 1137 1820 athomos
1171 1777 1218 1818 in
1252 1792 1326 1820 ore
1358 1777 1559 1827 uoluunt,

101 1845 252 1888 stellas
270 1848 516 1896 numerant,
536 1846 628 1888 sola
646 1848 819 1888 mutare
838 1860 927 1887 non
952 1848 1137 1902 possunt
1160 1860 1250 1888 sua.
1309 1845 1383 1888 Sic
1409 1846 1559 1902 itaque

45 1925 86 1960 25
102 1927 131 1955 a
158 1913 441 1970 dispositione
468 1914 660 1956 siderum
690 1916 930 1956 euentuum
963 1915 1266 1957 necessitatem
1299 1914 1474 1971 ingerit,
1508 1917 1561 1956 ut

101 1981 201 2024 illos
220 1982 310 2024 sale
329 1982 437 2024 satis
456 1982 624 2024 urbano
645 1983 867 2039 eleganter
885 1983 1078 2032 irrideat,
1095 1983 1170 2038 qui
1190 1982 1335 2024 uisum
1356 1986 1562 2026 exercent

102 2049 151 2091 in
169 2050 535 2106 contemplatione
562 2065 711 2092 eorum
738 2051 813 2106 qui
834 2050 979 2092 uisum
999 2050 1191 2107 fugiunt,
1211 2052 1256 2092 et
1275 2050 1561 2106 interpellant

103 2131 177 2160 eos
199 2118 275 2174 qui
301 2118 422 2174 loqui
442 2118 761 2175 dedignantur3
790 2121 835 2160 et
854 2133 954 2160 cum
974 2119 1171 2161 athomos
1197 2119 1245 2160 in
1268 2133 1343 2161 ore
1361 2118 1559 2168 uoluant,

102 2187 343 2229 uerendum
377 2189 445 2229 est
472 2201 539 2237 ne,
577 2187 616 2229 si
650 2187 850 2229 athomos
887 2187 1126 2243 genelliaco
1168 2186 1284 2229 forte
1312 2187 1559 2238 intercidat,

103 2297 125 2333 7
141 2288 282 2326 heliam
299 2288 324 2324 S
430 2299 468 2326 11
498 2288 773 2325 condemnatur
790 2288 815 2324 S
922 2299 969 2324 20
993 2288 1206 2335 ascripseris
1222 2288 1304 2324 CB:
1328 2288 1562 2335 asscripseris

102 2335 129 2372 S
255 2346 299 2381 23
324 2338 363 2372 et
380 2347 447 2372 om.
464 2337 500 2371 B
625 2345 667 2382 25
694 2336 867 2381 syderum
883 2334 986 2371 CBM
1110 2346 1156 2381 29
1179 2336 1418 2383 genethliaco
1433 2338 1467 2372 A

154 2440 170 2466 1
196 2432 296 2467 Haec
313 2433 401 2467 dim't
416 2433 510 2468 etc.:
535 2441 557 2476 3
575 2430 666 2476 Reg.
683 2429 758 2466 xxi.
781 2440 834 2476 19.
1006 2441 1027 2475 3
1052 2435 1085 2466 et
1105 2432 1244 2467 Iezabel
1259 2433 1355 2468 etc.:
1378 2444 1410 2466 v
1429 2442 1449 2477 3
1467 2431 1557 2479 Reg.

102 2477 178 2513 xxi.
196 2488 251 2522 23.
420 2489 444 2522 4
468 2490 547 2514 oum
563 2480 721 2513 audisset
738 2479 831 2513 etc.:
856 2476 984 2523 3g.Re
1002 2477 1077 2513 xxi.
1096 2488 1198 2523 27-9.
1375 2489 1418 2524 14
1443 2481 1503 2515 Sic
1527 2485 1560 2514 et

102 2525 293 2560 Niniuitae
314 2527 408 2561 etc.:
434 2537 466 2560 v.
487 2524 567 2561 Ion.
587 2524 642 2559 iii.
692 2524 797 2568 Quod
821 2488 975 2560 ta3meng
975 2536 998 2560 a
1023 2525 1114 2560 Iona
1138 2524 1372 2570 praedictum
1398 2528 1492 2571 erat,
1517 2537 1558 2562 re

102 2582 191 2607 vera
205 2572 437 2618 completum
454 2571 564 2607 fuisse
583 2571 694 2607 docet
708 2571 947 2624 Augustinus
955 2573 1090 2663 de3C1'v.
1108 2573 1187 2616 Dei,
1206 2572 1280 2609 xxi.
1299 2583 1357 2617 24.
1510 2583 1559 2609 20

106 2618 198 2653 Cum
213 2620 310 2653 enim
328 2621 422 2655 etc.·
446 2618 603 2654 Pseudo·
606 2618 728 2654 Plaut.
749 2618 947 2662 Querolus'
936 2618 976 2653 11.
1200 2630 1246 2665 23
1269 2621 1426 2656 athomos
1441 2622 1482 2655 in
1498 2631 1559 2656 ore

103 2666 196 2700 eta:
222 2665 292 2700 Pro
314 2677 372 2701 ore
389 2664 639 2712 Cannegieter
656 2667 847 2710 (Querolus
861 2665 918 2700 ed.
940 2629 1229 2703 Klinkhammer
1248 2668 1353 2714 1829)
1371 2668 1450 2703 orbe
1470 2678 1559 2702 con·

102 2710 215 2753 iecit;
233 2712 393 2748 Ioannes
408 2715 537 2748 tamen
554 2724 641 2748 cum
658 2711 845 2748 codicibus
862 2712 1036 2748 omnibus
1053 2724 1112 2748 ore
1128 2713 1274 2750 habuit.
1380 2724 1428 2759 29
1444 2716 1557 2750 inter-

103 2759 220 2794 cidat:
243 2758 535 2806 intelligendum
551 2761 666 2796 estut
683 2771 743 2805 ap.
761 2759 849 2796 Hor.
864 2760 939 2795 Sat.
955 2758 994 2795 ii.
1014 2770 1048 2805 4.
1062 2760 1096 2796 6.

158 2836 240 2856 mn
800 2827 827 2855 't
1385 2831 1447 2866 137
