1878 3172
181 161 260 202 524
279 151 308 191 b
599 178 602 183 -
651 151 911 196 IOANNIS
950 151 1461 198 SARESBERIENSIS
1605 155 1713 212 [Lm.
1727 166 1779 200 Π
1836 117 1849 166 ’Δ

321 287 407 316 11811
426 287 663 330 suspensus
682 275 750 316 est
769 272 983 330 princeps,
1002 272 1204 316 exclusus
1224 273 1280 316 ab
1300 273 1489 326 ecclesia,
1509 276 1555 318 et
1578 275 1777 332 peniten-
1848 324 1851 326 ,

321 342 432 386 tiam
452 345 627 386 coactus
647 344 714 385 est
735 342 910 399 explere
929 341 1225 398 sollempnem.
1276 342 1364 386 Sed
1379 343 1486 400 quid
1505 358 1605 387 eum
1625 347 1778 388 tantae
1844 339 1861 394 s·

322 411 574 455 necessitati
585 411 855 455 subiecerat?
879 411 1097 454 Voluntas
1110 411 1265 469 utique
1277 412 1473 460 subiecta
1484 413 1681 457 iustitiae
1693 413 1778 457 Dei
1843 420 1847 427 ’
1874 413 1875 417 ’

323 482 370 523 et
389 480 476 538 legi
493 481 587 524 eius
600 494 915 537 usquequaque
930 480 1247 538 obtemperans.
1299 480 1358 524 Et
1369 481 1455 524 nisi
1471 496 1582 539 quae
1594 482 1778 526 metrica

321 549 506 593 leuitate
526 550 780 593 scribuntur
799 549 979 592 duxeris
998 549 1202 592 habenda
1212 550 1504 607 ‚contemptui
1516 566 1573 594 ex
1591 551 1662 594 his
1682 551 1777 608 qui·
1796 569 1816 606 5
1850 543 1861 582 1*

319 618 406 661 bus
425 619 566 661 filium
589 619 774 662 instruit
793 618 911 675 apud
933 617 1169 662 Claudium
1185 618 1480 662 Claudianum
1500 620 1598 676 quis
1617 620 1711 678 ipse
1730 621 1778 664 in
1860 611 1875 621 ''

281 699 306 729 c
323 702 512 732 sacrano
546 703 719 731 morum
751 687 953 730 extiterit
986 687 1137 744 paucis
1167 702 1384 745 agnosces.
1444 688 1652 733 Ceterum
1677 704 1779 733 cum
1847 704 1849 709 ⁴

321 758 586 814 praemissae
598 757 708 814 legis
719 757 858 799 uerba'
869 756 1060 807 reuoluo,
1067 756 1243 814 singula
1253 758 1387 801 michi
1399 757 1609 802 uidentur
1619 760 1780 803 onusta

321 829 367 869 et
396 827 522 883 quasi
557 826 717 883 spiritu
747 825 1066 882 intelligentiae
1098 825 1335 869 fecundata
1363 827 1502 870 menti
1531 830 1777 872 occurrunt.
1852 823 1869 889 Ἠ

321 895 518 938 Habebit
539 910 653 953 ergo,
668 895 825 951 inquit,
841 909 987 937 secum
1002 894 1155 952 legem,
1169 895 1406 952 prouidens
1419 910 1475 939 ne
1489 896 1547 939 ad
1566 896 1776 954 dampna·
1796 913 1838 938 10
1860 889 1874 958 η’

322 965 488 1008 tionem
508 979 645 1015 suam,
665 979 765 1007 cum
786 979 882 1006 eam
903 963 1064 1006 habere
1084 979 1256 1007 necesse
1276 964 1346 1016 sit,
1366 965 1527 1008 habeat
1547 969 1700 1009 eontra
1719 981 1777 1010 se.

323 1034 530 1077 Potentes
556 1033 719 1076 etenim
743 1035 946 1090 potenter
969 1036 1189 1076 tormenta
1214 1033 1451 1090 patientur.
1511 1034 1570 1077 Et
1595 1035 1778 1079 adiecit:
1826 1082 1828 1084 ,

323 1103 546 1161 Legetque
564 1103 688 1147 illud.
721 1135 723 1138 .
746 1102 906 1159 Legem
926 1102 1143 1159 siquidem
1162 1103 1323 1146 habere
1342 1103 1391 1145 in
1409 1103 1603 1147 mantica
1621 1118 1779 1161 parum

322 1172 512 1229 prodest,
542 1172 628 1215 nisi
657 1172 846 1215 fideliter
876 1172 1152 1215 custodiatur
1182 1172 1229 1214 in
1260 1172 1419 1215 anima.
1478 1172 1682 1230 Legenda
1710 1176 1779 1217 est
1848 1181 1877 1226 J·

323 1257 428 1300 ergo
443 1242 646 1285 omnibus
669 1242 823 1284 diebus
843 1241 964 1284 uitae
979 1256 1096 1286 suae.
1145 1242 1214 1284 Ex
1229 1243 1389 1299 quibus
1403 1243 1572 1300 liquido
1591 1246 1776 1295 constat,
1796 1258 1835 1293 15
1859 1230 1876 1287 ἶ

323 1326 455 1368 quam
470 1311 714 1354 necessaria
733 1311 793 1354 sit
807 1311 1079 1368 principibus
1093 1311 1254 1368 peritia
1268 1311 1530 1366 litterarum,
1544 1312 1620 1369 qui
1635 1312 1776 1370 legem

321 1381 501 1424 Domini
521 1380 680 1423 cotidie
705 1380 931 1423 reuoluere
957 1380 1141 1423 lectione
1165 1381 1386 1426 iubentur.
1445 1381 1504 1424 Et
1523 1381 1639 1425 forte
1659 1382 1777 1438 quod
1833 1385 1858 1425 '.

321 1450 567 1493 sacerdotes
598 1449 739 1506 legem
768 1449 928 1492 cotidie
957 1449 1101 1506 legere
1126 1449 1373 1502 iubeantur,
1403 1465 1492 1494 non
1521 1450 1777 1508 frequenter
1838 1443 1862 1506 *f*

274 1518 304 1557 d
322 1518 532 1561 inuenies.
593 1518 799 1574 Princeps
819 1532 924 1560 uero
944 1518 1103 1561 cotidie
1123 1518 1243 1576 legit,
1260 1522 1304 1562 et
1324 1519 1478 1563 diebus
1497 1520 1640 1572 uitae3
1670 1520 1776 1576 quia
1843 1513 1860 1581 ἲς,

321 1602 409 1644 qua
429 1587 499 1630 die
519 1601 608 1630 non
631 1587 789 1644 legerit
807 1587 960 1643 legem,
980 1587 1020 1630 ei
1043 1602 1132 1630 non
1156 1588 1249 1630 dies
1274 1589 1394 1632 uitae
1418 1589 1494 1632 sed
1517 1589 1673 1633 mortis
1697 1592 1774 1634 est.
1794 1605 1836 1631 ao
1857 1586 1862 1620 ἓ

322 1657 418 1699 Ηο0
448 1656 604 1712 utique
637 1655 731 1698 sine
765 1655 1022 1699 difficultate
1055 1656 1291 1700 illiteratus
1324 1672 1414 1700 non
1445 1657 1589 1701 faciet.
1649 1658 1776 1702 Vnde
1846 1678 1856 1713 3

321 1727 367 1768 et
407 1725 454 1767 in
498 1724 672 1775 litteris,
712 1738 821 1780 quas
865 1739 1012 1781 regem
1057 1725 1355 1768 Romanorum
1403 1727 1462 1769 ad
1506 1727 1776 1771 Francorum
1850 1744 1852 1774 ὲ

321 1808 469 1851 regem
489 1793 782 1836 transmisisse
801 1793 953 1844 recolo,
974 1793 1133 1851 quibus
1153 1795 1416 1838 hortabatur
1434 1798 1487 1839 ut
1500 1796 1660 1840 liberos
1674 1811 1776 1840 suos
1854 1845 1858 1848 ,

320 1862 576 1905 liberalibus
605 1861 848 1918 disciplinis
877 1862 1053 1906 institui
1080 1867 1346 1920 procuraret,
1376 1865 1457 1909 hoc
1486 1865 1604 1908 inter
1631 1868 1776 1909 cetera
1862 1881 1870 1916 5

321 1931 545 1988 eleganter
582 1930 754 1981 adiecit,
793 1931 898 1987 quia
937 1946 1016 1974 rex
1064 1932 1300 1980 illiteratus
1344 1936 1412 1977 est
1457 1935 1582 1991 quasi
1625 1935 1775 1978 asinus
1795 1947 1835 1983 25

321 2003 566 2044 coronatus.
625 2000 674 2043 Si
695 2003 844 2043 tamen
865 2015 920 2043 ex
944 2001 1268 2058 dispensatione
1295 2002 1351 2045 ob
1375 2003 1575 2061 egregiae
1594 2003 1776 2048 uirtutis

322 2069 541 2120 meritum,
562 2069 803 2126 principem
830 2069 1059 2127 contingat
1085 2085 1177 2113 esse
1200 2071 1472 2125 illiteratum,
1492 2072 1678 2116 eundem
1701 2073 1776 2131 agi
1862 2063 1871 2114 s

321 2139 620 2181 litteratorum
649 2138 924 2190 consiliis„ut
949 2139 988 2182 ei
1016 2154 1085 2182 res
1112 2143 1227 2183 recte
1254 2141 1472 2198 procedat,
1498 2156 1671 2185 necesse
1698 2131 1873 2199 est.1}‚

322 2241 343 2267 2
368 2231 576 2268 sollennem
591 2230 646 2267 A:
673 2230 865 2267 solennem
883 2230 947 2267 M:
971 2231 1191 2268 sollemnem
1210 2230 1234 2268 S
1377 2241 1396 2279 5
1422 2232 1561 2270 dixeris
1577 2223 1728 2269 C²BAM

367 2312 391 2348 6
419 2313 683 2347 Claudianum:
707 2323 738 2346 v.
756 2310 947 2347 Claudian.
966 2313 1140 2358 Panegyr.
1157 2314 1200 2348 de
1215 2313 1278 2348 IV
1292 2313 1394 2349 Cone.
1411 2314 1570 2350 Honor-ii
1585 2323 1653 2359 214
1670 2325 1775 2360 seqq.
1843 2265 1878 2368 ἒξ,

324 2368 368 2394 10
392 2359 544 2394 Habebit
558 2371 695 2394 secum:
721 2358 832 2395 Deut.
849 2357 938 2394 xvii.
959 2369 1014 2405 19.
1184 2369 1226 2395 12
1250 2361 1410 2396 Potentes
1433 2362 1530 2397 etc.:
1562 2359 1648 2407 Sap.
1670 2361 1716 2396 vi.
1737 2370 1775 2406 73
1797 2383 1799 2386 -
1827 2389 1830 2392 ,
1851 2359 1872 2411 ξς

323 2404 415 2441 ‘Das
431 2405 481 2442 ist
498 2405 559 2442 ein
573 2404 659 2441 Satz
677 2406 750 2442 den
762 2406 785 2441 J
789 2406 956 2442 ohannes
972 2405 1078 2442 nicht
1089 2416 1216 2452 genug
1229 2406 1468 2444 einscharfen
1480 2406 1610 2443 kann.’
1654 2407 1776 2445 Genn·
1847 2406 1871 2461 §fi

323 2451 413 2494 rich,
441 2454 510 2487 Die
534 2454 666 2488 Staats-
686 2455 764 2489 und
791 2454 1047 2489 Kirehenlehre
1069 2455 1238 2489 Johanns
1260 2465 1327 2490 von
1350 2456 1547 2500 Salisbmy,
1570 2466 1607 2500 p.
1628 2463 1668 2501 51
1687 2468 1695 2498 ;
1727 2454 1776 2492 cf.
1845 2462 1866 2487 ἢ

322 2500 452 2534 Polior:
475 2499 521 2534 iv.
542 2510 584 2535 ιο
603 2500 747 2545 (5320),
765 2513 797 2536 v.
817 2501 839 2536 6
859 2500 943 2546 (554
955 2500 998 2546 Α)
1014 2513 1023 2542 ;
1047 2502 1143 2546 Epp.
1168 2502 1244 2546 189,
1262 2511 1340 2546 233,
1356 2502 1434 2537 268.
1594 2511 1635 2547 13
1659 2504 1776 2548 Leyet·

321 2557 387 2592 que
411 2547 526 2581 illud:
559 2546 670 2582 Deut.
695 2547 782 2582 xvii.
804 2557 856 2592 19.
1002 2557 1044 2592 19
1067 2549 1241 2593 Princeps
1263 2559 1347 2584 uero
1372 2559 1489 2593 usque
1515 2548 1563 2584 ad
1588 2554 1777 2586 coronatus

324 2592 419 2628 citat
453 2592 570 2638 Pauli,
597 2595 697 2631 Mon.
729 2595 844 2629 Germ.
871 2594 967 2629 Hist.
996 2593 1108 2631 xxvii.
1134 2606 1170 2640 p.
1202 2603 1259 2641 45.
1405 2597 1510 2640 leyit:
1544 2594 1645 2631 haud
1675 2596 1775 2633 bene
1840 2587 1867 2651 ἴς

322 2638 487 2675 coniecit
508 2642 599 2684 legat
620 2641 677 2676 vir
693 2641 928 2677 doctissimus
950 2641 992 2676 R.
1011 2641 1144 2686 Pauli;
1170 2642 1281 2678 modo
1305 2640 1508 2678 indicativo
1530 2654 1595 2678 cur
1616 2654 1701 2679 usus
1725 2642 1775 2680 sit
1834 2624 1867 2712 ᾗ

321 2686 481 2721 Ioannes
513 2687 603 2722 satis
631 2690 844 2724 monstrant
867 2699 962 2733 quae
988 2690 1198 2734 sequuntur
1220 2691 1305 2735 quia
1329 2701 1400 2734 qua
1423 2691 1479 2724 die
1503 2691 1574 2725 etc.
1621 2724 1624 2731 ,
1728 2699 1774 2726 22

321 2744 435 2778 reyem
459 2734 704 2770 Romanorum
728 2737 822 2771 ete:
860 2734 1030 2771 ‘Literae
1053 2747 1076 2770 a
1100 2734 1271 2772 Conrado
1296 2735 1353 2771 ΙΙΙ
1378 2736 1426 2773 ad
1451 2736 1677 2774 Ludovicum
1700 2735 1774 2773 VII
1831 2711 1868 2773 111

321 2779 487 2817 directae
503 2780 614 2818 hodie
631 2781 861 2828 deperditae'
879 2781 988 2819 Pauli
1004 2784 1067 2819 loc.
1084 2784 1140 2819 cit.

1839 2801 1864 2835 35¹¹.
1877 2811 1878 2818 ,

432 2859 494 2894 254
1840 2834 1864 2899 315
