1878 3172
207 154 296 203 466
314 151 343 193 d
687 149 950 194 IOANNIS
991 148 1506 194 SARESBERIENSIS
1657 145 1767 207 [ΜΒ.
1785 158 1823 190 11

314 275 343 315 d
361 273 602 329 prophetae
628 271 762 322 Acab,
787 271 863 328 qui
889 285 989 313 eum
1016 270 1207 313 Domino
1233 269 1518 327 permittente
1545 267 1825 326 exigentibus

360 341 531 385 meritis
559 341 697 384 uariis
726 340 1100 384 ludificationibus
1130 339 1406 383 seducebant.
1466 339 1667 395 Denique
1696 337 1825 380 iuxta

358 411 546 453 uerbum
586 410 766 453 Domini
806 424 1006 467 egressus
1046 413 1113 452 est
1151 410 1334 466 spiritus
1373 409 1565 452 mendax
1600 411 1645 451 et
1679 407 1824 450 factus

359 482 428 522 est
447 480 495 522 in
515 495 588 523 ore
609 480 806 523 omnium
834 479 1150 536 prophetarum
1170 479 1292 522 Acab
1312 493 1544 522 ascensuro
1563 478 1612 520 in
1632 477 1825 520 Ramoth

361 549 531 592 Galaad
561 550 618 592 ad
647 564 857 606 prospera
885 548 1246 605 promittendum,
1272 548 1364 591 solo
1394 548 1566 591 Michea
1594 546 1825 590 Morastite
1844 558 1863 592 5

361 619 638 670 reclamante,
674 619 750 675 qui
782 618 979 661 conscius
1015 618 1157 660 diuini
1191 618 1362 661 consilii
1394 617 1544 668 Israel,
1576 631 1706 673 quem
1738 615 1825 658 dis-

362 702 540 745 persum
561 689 608 730 in
629 688 853 730 montibus
872 687 1059 738 uiderat,
1072 687 1383 744 praemuniuit,
1403 701 1554 730 caesus
1574 686 1631 729 ob
1650 698 1826 728 amarae

362 757 568 800 ueritatis
608 757 821 800 indicium
860 757 917 799 ab
947 771 997 799 eo
1032 756 1108 812 qui
1148 756 1386 813 assumptis
1426 755 1631 799 cornibus
1671 753 1827 797 ferreis

360 826 561 869 dixerat:
612 826 697 869 His
731 841 811 868 rex
840 826 1045 869 cornibus
1076 826 1239 869 Siriam
1268 825 1518 868 uentilabis.
1596 824 1828 866 Praeterea

361 895 580 938 diuinatio
624 895 718 938 fere
757 895 851 938 sine
890 910 1071 938 munere
1110 909 1199 937 non
1246 895 1392 945 fiebat,
1431 896 1586 951 utpote
1626 908 1738 950 quae
1777 893 1825 934 in
1845 906 1878 930 1:

361 965 578 1007 auaritiae
613 967 658 1007 et
692 964 916 1020 nequitiae
948 964 1110 1021 spiritu
1146 967 1385 1007 exercetur.
1452 964 1570 1006 Hinc
1605 965 1673 1006 est
1708 961 1826 1019 quod

361 1033 603 1076 Ierusalem
649 1033 848 1076 ruiturae
884 1033 1079 1089 Spiritus
1125 1036 1303 1076 sanctus
1347 1033 1640 1090 improperat:
1683 1031 1827 1074 Duces

361 1103 429 1145 tui
469 1102 517 1144 in
555 1102 812 1145 muneribus
851 1102 1119 1153 iudicabant,
1152 1102 1398 1145 sacerdotes
1437 1102 1484 1144 in
1523 1101 1720 1144 mercede
1760 1114 1826 1143 re-

210 1178 295 1226 467
315 1186 345 1215 a
362 1172 649 1228 spondebant,
679 1174 725 1214 et
753 1172 995 1228 prophetae
1023 1171 1071 1213 in
1101 1171 1287 1228 pecunia
1316 1170 1590 1221 diuinabant,
1621 1172 1666 1213 et
1695 1183 1827 1226 super

362 1241 603 1283 Dominum
646 1240 978 1296 requiescebant
1017 1240 1236 1283 dicentes:
1291 1240 1450 1283 Nonne
1494 1239 1711 1282 Dominus
1760 1240 1827 1281 est
1847 1247 1878 1282 1!

361 1310 409 1352 in
443 1310 604 1353 nobis?
643 1324 733 1352 non
761 1309 943 1352 uenient
972 1324 1104 1366 super
1132 1324 1212 1352 nos
1246 1309 1374 1352 mala.
1446 1309 1684 1365 Propterea
1718 1307 1828 1350 dicit

362 1379 604 1422 Dominus:
664 1379 788 1435 Syon
828 1379 953 1435 quasi
993 1394 1099 1436 ager
1137 1379 1350 1430 arabitur,
1390 1381 1435 1421 et
1483 1378 1725 1420 Ierusalem
1774 1379 1828 1420 ut

361 1448 562 1491 custodia
595 1447 780 1504 pomerii
815 1448 909 1491 erit.
970 1447 1057 1500 Qui
1097 1462 1202 1504 ergo
1240 1448 1288 1489 in
1326 1447 1512 1504 pecunia
1551 1447 1826 1496 diuinabant,
1868 1454 1874 1458 “

362 1517 446 1559 etsi
466 1517 783 1573 prophetarum
810 1516 1029 1558 insultant
1048 1517 1236 1568 nomine,
1257 1531 1386 1573 saepe
1406 1516 1636 1558 mendaces
1655 1529 1827 1572 semper

362 1585 572 1635 mendosi,
592 1585 725 1627 alieni
755 1587 861 1627 sunt
890 1600 917 1627 a
946 1585 1115 1628 uirtute
1145 1587 1190 1628 et
1219 1585 1409 1627 ueritate
1438 1585 1708 1641 prophetiae.
1769 1584 1824 1626 In
1845 1600 1878 1624 π

363 1654 557 1711 phitone,
601 1653 774 1709 inquit3
824 1654 972 1710 quasi:
1023 1654 1139 1707 Quia
1182 1654 1360 1697 recessit
1399 1654 1593 1710 Spiritus
1634 1653 1826 1704 Domini,

362 1723 435 1766 uel
462 1723 714 1779 phitonicus
740 1723 1042 1779 patrocinetur
1069 1723 1216 1766 michi.
1278 1723 1336 1765 Et
1355 1723 1519 1765 suscita
1539 1723 1671 1765 michi
1696 1737 1827 1779 quem

363 1792 518 1835 dixero
547 1791 656 1844 tibi3
698 1792 853 1847 utique
883 1791 1059 1835 fallacia
1093 1791 1314 1835 fallaciam
1346 1792 1502 1835 trudit.
1571 1791 1716 1834 Datus
1747 1805 1828 1833 rex

362 1861 411 1903 in
431 1875 607 1903 sensum
622 1861 868 1917 reprobum,
881 1861 956 1917 qui
977 1861 1060 1903 sibi
1081 1863 1358 1917 persuaserat
1377 1861 1604 1917 phitonem
1619 1861 1827 1904 scientiae

362 1930 621 1987 praesulem,
641 1930 885 1986 praescium
912 1930 1178 1982 futurorum,
1198 1930 1378 1973 archani
1398 1930 1567 1973 consilii
1594 1929 1825 1979 conscium,
1845 1942 1878 1977 ²!

317 2004 347 2043 b
365 1999 569 2042 ueritatis
599 1999 897 2055 interpretem,
917 2000 1000 2042 sibi
1031 2014 1204 2056 quoque
1233 1999 1452 2056 persuasit
1482 1999 1668 2042 eundem
1698 2001 1827 2042 tanta

363 2068 615 2126 praeditum
645 2070 864 2124 potestate
894 2072 945 2111 ut
975 2072 1123 2126 posset
1152 2069 1287 2111 etiam
1314 2071 1510 2111 mortuos
1538 2068 1760 2118 suscitare,
1781 2071 1827 2111 et

363 2140 516 2180 tantae
555 2137 844 2194 benignitatis
883 2140 935 2180 ut
967 2139 1101 2180 etiam
1136 2138 1184 2180 in
1218 2153 1269 2181 eo
1301 2138 1417 2194 quod
1452 2137 1725 2179 rarissimum
1759 2139 1828 2180 est

364 2209 410 2249 et
450 2206 756 2249 difficillimum
797 2206 1091 2250 familiaribus
1126 2207 1217 2250 suis
1256 2221 1422 2249 morem
1461 2207 1644 2262 gereret.
1722 2206 1826 2248 Pro-

363 2276 571 2321 culdubio
600 2276 797 2332 elapsum
825 2279 921 2318 erat
947 2291 974 2319 a
999 2276 1210 2319 memoria
1233 2276 1327 2318 eius
1354 2277 1433 2317 aut
1459 2275 1680 2317 inutiliter
1705 2277 1825 2317 tene·
1843 2286 1878 2319 δὲ

364 2345 498 2387 batur
545 2344 766 2387 canticum
815 2345 958 2388 fidelis
1006 2345 1175 2395 Annae,
1214 2344 1319 2401 quia
1367 2343 1583 2386 Dominus
1633 2345 1700 2386 est
1749 2343 1826 2399 qui

363 2414 603 2456 mortificat
651 2415 697 2455 et
745 2413 957 2465 uiuificat‚
1007 2413 1185 2456 deducit
1234 2413 1291 2455 ad
1335 2412 1500 2454 inferos
1550 2415 1595 2454 et
1643 2411 1826 2462 reducit,

364 2521 411 2556 29
435 2510 688 2546 dificillimum
705 2510 738 2545 A
881 2519 922 2555 31
951 2520 1072 2546 annae
1090 2508 1144 2544 B:
1170 2506 1322 2544 animae
1340 2504 1471 2543 CASM

417 2607 431 2633 1
459 2598 650 2642 prophetae
669 2597 788 2632 Aoab:
814 2608 849 2630 v.
869 2605 888 2640 3
907 2594 1000 2640 Reg.
1018 2593 1110 2629 xxii.
1276 2601 1293 2639 5
1314 2593 1456 2628 Michea
1472 2592 1680 2627 Morastite:
1705 2590 1825 2628 Mich.

365 2644 390 2679 i.
411 2654 440 2680 1.
460 2655 527 2689 pro
546 2643 696 2679 Michea
713 2642 791 2678 filio
810 2642 928 2679 Iemla
946 2643 982 2686 (3
1000 2641 1089 2685 Reg.
1108 2639 1197 2675 xxii.
1218 2639 1268 2683 8).
1382 2649 1424 2675 12
1449 2640 1565 2674 Duces
1582 2640 1656 2674 etc.
1673 2650 1682 2674 ε
1709 2638 1826 2674 Mioh.

365 2690 420 2727 iii.
442 2701 478 2727 11
497 2704 504 2733 3
542 2690 602 2726 ΡΒ.
620 2690 761 2725 lxxviii.
782 2700 794 2726 1
815 2703 823 2732 ;
861 2689 944 2725 vide
964 2688 1137 2724 Sabatier
1157 2688 1251 2722 Bibl.
1276 2688 1373 2722 Sacr.
1396 2688 1491 2721 Vers.
1515 2687 1597 2720 Lat.
1616 2687 1766 2733 Antiqu.
1783 2684 1824 2721 ii.

365 2750 432 2784 pp.
454 2739 529 2778 162,
547 2747 627 2782 947.
804 2747 847 2781 23
865 2738 1023 2781 fallacia
1040 2738 1133 2772 etc.:
1161 2747 1192 2770 v.
1210 2733 1292 2771 Ter.
1309 2735 1426 2770 Andr.
1439 2732 1485 2770 iv.
1503 2743 1537 2778 4.
1555 2743 1613 2777 40.
1778 2741 1822 2779 31

366 2787 546 2823 Dominus
562 2787 654 2822 etc.:
685 2794 701 2822 1
722 2783 814 2831 Reg.
831 2783 873 2820 ii.
890 2784 971 2821 6-8.

478 2865 541 2898 152
