1878 3172
0 0 25 209 ἔ
61 154 158 188 οΔΡ.
173 140 257 204 111]
579 139 1013 186 POLICRATICVS
1527 137 1612 187 480
1632 147 1662 178 a

0 238 16 306 't
62 259 171 316 quid
209 258 382 302 utiliter
417 258 577 302 nouit?
634 257 684 301 si
722 256 912 313 ignoras,
942 253 1100 310 inquit,
1134 255 1180 296 te
1218 251 1513 310 pulcherrima

0 322 21 373 [s
61 329 181 372 inter
207 328 422 379 mulieres,
449 328 522 371 abi
549 330 651 385 post
678 326 868 384 uestigia
896 324 1111 368 sodalium
1140 325 1186 366 et
1213 325 1314 379 post
1343 335 1511 379 greges.

0 373 10 441 ‘'f'
63 397 301 441 Oraeulum
315 397 533 454 Apollinis
547 399 615 440 est
629 399 674 440 et
688 394 959 439 descendisse
979 393 1033 435 de
1055 391 1147 435 celo
1167 391 1380 434 creditur:
1401 390 1511 433 Noti

0 477 2 516 ε
62 465 234 518 seliton,
260 465 307 509 id
345 469 423 517 est,
454 465 576 509 Scito
604 465 806 522 teipsum.
863 462 967 506 Non
995 460 1184 504 nesciuit
1222 460 1303 503 hoe
1342 459 1513 502 ethicus

0 526 2 536 ’
26 546 48 582 5
63 533 212 579 dicens
228 552 239 577 ε

177 603 344 647 Discite
373 606 419 647 et
446 618 473 647 0
501 603 650 646 miseri
678 616 832 646 causas
860 599 1106 657 cognooeite
1135 612 1294 652 rerum,

178 661 286 718 quid
314 676 477 716 sumus,
506 664 585 704 aut
613 660 823 717 quidnam
852 658 1015 701 uicturi
1043 656 1279 714 gignimur,
1309 653 1416 697 ordo

180 719 279 775 quis
307 719 450 769 datur,
479 721 559 761 aut
586 722 728 761 metae
757 731 889 773 quam
918 715 1062 758 mollis
1089 714 1231 756 flexus
1260 716 1306 755 et
1334 712 1463 767 unde,

0 814 2 835 ,
180 777 280 833 quis
307 776 463 819 modus
491 779 686 833 argento,
716 774 823 832 quid
852 773 922 816 fas
950 776 1114 829 optare,
1144 771 1250 827 quid
1279 784 1408 826 asper

6 851 50 876 ιο
179 834 290 876 utile
318 848 524 876 nummus
552 834 696 883 habet,
726 832 872 889 pueris
901 831 1098 886 carisque
1127 828 1385 885 propinquis

181 894 397 948 quantum
425 891 602 948 elargiri
631 891 792 940 deceat,
821 903 951 946 quem
979 891 1024 930 te
1053 887 1174 929 Deus
1203 900 1295 929 esse

0 998 2 1010 γ
181 949 322 1002 iussit,
351 951 397 991 et
425 949 619 991 humans.
647 963 734 1004 qua
762 951 888 1004 parte
916 946 1084 988 locatus
1114 959 1160 987 es
1189 944 1236 986 in
1265 958 1324 986 re.

0 1045 2 1059 ÷
66 1029 190 1072 Haec
223 1029 385 1072 etenim
415 1028 727 1085 contemplatio
757 1025 1127 1083 quadripertitum
1161 1024 1280 1080 parit
1308 1023 1514 1074 fructum,
1533 1024 1561 1062 b

67 1098 287 1141 uilitatem
338 1097 418 1148 sui,
465 1097 696 1140 caritatem
747 1095 950 1152 proximi,
997 1095 1297 1148 contemptum
1349 1092 1515 1143 mundi,

10 1176 50 1215 15
67 1181 259 1210 amorem
278 1165 374 1209 Dei.
422 1165 583 1219 Annon
599 1168 666 1208 est
686 1165 816 1207 arbor
826 1164 953 1214 bona,
969 1176 1081 1218 quae
1100 1164 1272 1203 tantam
1288 1160 1516 1203 fruetuum

0 1218 21 1262 ιτ
67 1235 339 1278 dulcedinem
378 1235 517 1286 affert,
548 1236 721 1277 tantam
759 1234 887 1275 affert
920 1231 1190 1274 utilitatem?
1264 1228 1394 1273 Certe
1427 1243 1517 1271 non

0 1292 31 1378 ξ
67 1304 265 1360 superbit
296 1303 372 1360 qui
402 1303 615 1360 paruulus
646 1305 714 1345 est
747 1302 795 1344 in
828 1301 964 1344 oeulis
1003 1300 1106 1343 suis.
1174 1299 1293 1341 Dum
1332 1298 1517 1354 quisque

3 1389 9 1413 z
67 1388 179 1430 quae
198 1373 360 1416 adsunt
378 1373 450 1415 uel
470 1372 631 1415 absunt
651 1370 954 1428 expetibilium
974 1383 1205 1411 numerum
1225 1367 1403 1424 cogitat,
1418 1367 1517 1423 quis

68 1442 124 1485 de
148 1457 229 1485 sua
252 1444 511 1499 paupertate
533 1456 622 1484 non
651 1439 895 1483 erubescit‘e
954 1438 1003 1480 Si
1033 1438 1131 1494 quis
1159 1452 1248 1479 non
1272 1435 1519 1492 appetenda

9 1512 55 1556 ἰο
70 1511 140 1554 sui
168 1513 400 1561 recenseat,
430 1510 470 1552 ei
501 1510 617 1567 iugis
645 1508 831 1551 materia
859 1506 1045 1549 modesti
1077 1505 1238 1548 doloris
1267 1508 1312 1547 et
1341 1503 1518 1546 humili·

5 1590 18 1622 ε·
69 1579 178 1622 tatis
196 1578 396 1621 occurrit.
454 1578 737 1634 Quocumque
757 1591 802 1619 se
822 1578 981 1625 uertat,
1000 1575 1048 1616 in
1068 1575 1210 1630 seipso
1231 1573 1428 1623 deicitur,
1440 1572 1518 1629 qui

68 1648 183 1704 petit
207 1662 236 1690 a
260 1647 449 1690 Domino
472 1645 711 1690 confortari
742 1645 912 1688 dicens:
942 1643 1217 1686 Humiliatus
1236 1657 1334 1685 sum
1361 1656 1519 1698 usque-

8 1703 13 1723 *
69 1730 253 1772 quaque,
271 1715 449 1758 uiuifies.
477 1729 547 1757 me
575 1714 813 1757 seeundum
843 1712 1063 1768 eloquium
1093 1715 1233 1755 tuum.
1293 1711 1519 1767 Itemque:

6 1799 19 1840 ζ,
70 1784 176 1842 Ego,
209 1784 367 1841 inquit,
400 1784 448 1826 in
479 1783 655 1841 flagella
692 1784 876 1840 paratus
914 1796 1023 1831 sum,
1062 1784 1108 1824 et
1146 1781 1271 1823 dolor
1307 1794 1431 1822 meus
1470 1779 1517 1822 in

7 1851 55 1898 ’35
69 1856 304 1910 conspectu
332 1867 429 1895 meo
459 1867 639 1909 semper.
1536 1858 1562 1887 c

8 2007 10 2009 >
97 1971 204 2029 Cap.
226 1986 267 2029 3.
306 1971 435 2025 Quod
461 1970 671 2027 superbia
698 1970 836 2014 radix
863 1969 1093 2013 malorum
1122 1973 1191 2021 est,
1211 1972 1251 2011 et
1280 1967 1492 2025 comupi-

0 2019 23 2130 ἱ
252 2039 418 2083 scentia
446 2039 572 2095 lepra
597 2038 833 2095 yeneralis,
862 2052 977 2094 quae
1005 2051 1155 2080 omnes
1183 2036 1341 2092 inficit.

0 2131 6 2178 ξ
129 2119 346 2176 Superbia
377 2133 483 2161 uero
517 2118 646 2160 radix
684 2117 879 2160 omnium
918 2116 1134 2158 malorum
1173 2118 1240 2158 est
1278 2115 1519 2171 mortisque

0 2199 3 2231 ι
71 2187 329 2231 fomentum.
384 2187 603 2229 Areseunt
636 2186 782 2236 riuuli‚
820 2186 859 2228 si
897 2185 1035 2227 fontis
1072 2199 1188 2227 uena
1225 2183 1517 2240 praeciditur;

74 2295 91 2322 1
110 2288 150 2322 te
166 2285 289 2330 inquit
305 2285 339 2318 A
431 2293 465 2329 3,
477 2294 501 2328 4
525 2281 746 2318 notiseliton
763 2281 850 2316 BA:
876 2280 977 2317 notis
994 2280 1114 2317 eliton
1129 2279 1247 2315 CSM:
1273 2279 1375 2315 notis
1391 2278 1519 2325 elyton

72 2332 113 2368 M
129 2344 243 2375 ‚nar-q.
264 2334 347 2377 Cyr.
487 2341 511 2374 4
534 2330 666 2365 Nonne
683 2328 795 2365 sciuit
811 2328 851 2364 M
994 2337 1038 2371 14
1061 2326 1271 2363 utilitatem
1291 2327 1331 2361 M
1473 2335 1519 2371 29

0 2382 1 2386 ’
24 2400 26 2402 v
72 2378 296 2425 presciditur
312 2377 378 2412 SM

0 2480 1 2486 ,
124 2459 139 2485 1
166 2450 208 2484 Si
233 2450 382 2494 ignoras
407 2449 504 2483 etc.:
539 2444 648 2481 Cant.
675 2443 700 2479 i.
730 2453 764 2487 7.
934 2453 955 2488 3
980 2444 1022 2478 de
1047 2444 1118 2478 celo
1143 2444 1238 2478 etc.:
1272 2453 1304 2476 1.
1334 2441 1410 2476 Ῑ111.
1440 2443 1516 2477 Sat.

0 2499 14 2533 r*
73 2494 123 2529 xi.
142 2504 197 2538 27.
372 2504 403 2538 3,
421 2503 445 2538 4
467 2494 554 2528 Noti
577 2493 725 2527 seliton:
762 2490 786 2526 i.
801 2501 834 2527 e.
866 2491 970 2537 γνῶθι
997 2491 1162 2529 emmena:
1205 2489 1416 2524 ΣΕΛΥΤΟΝ
1451 2500 1519 2534 pro

0 2543 1 2546 ’
75 2542 287 2579 ΣΕΑΥΤΟν
310 2540 490 2576 facillime
507 2538 582 2584 legi
600 2537 738 2584 potuit.
927 2537 949 2573 6
973 2537 1107 2572 Discite
1131 2537 1226 2572 etc.:
1252 2535 1349 2572 Pers.
1365 2537 1442 2572 Sat.
1459 2534 1516 2572 111.

75 2589 203 2632 66-72.
346 2595 386 2632 15
412 2588 519 2622 arbor
533 2587 624 2621 bom
640 2587 738 2621 etc.:
764 2596 796 2620 1.
815 2583 928 2619 Matt.
946 2582 1006 2618 vii.
1027 2592 1089 2627 17;
1114 2583 1201 2619 Luc.
1211 2582 1261 2619 vi.
1275 2594 1331 2628 43.
1475 2591 1518 2621 17

0 2642 1 2654 ¹
72 2636 255 2680 paruulus
276 2635 370 2671 ete:
396 2646 429 2669 v.
449 2644 463 2669 1
484 2633 573 2678 Reg.
591 2643 648 2667 xv.
665 2641 718 2675 17.
875 2641 919 2666 22
943 2631 1170 2665 Humiliatus
1191 2632 1282 2667 ete:
1315 2629 1374 2666 Pe.
1396 2628 1520 2665 cxviii.

80 2690 156 2725 107.
275 2691 318 2726 23
337 2682 531 2728 eloquium:
555 2678 664 2724 Vulg.
678 2679 834 2713 uerbum.
951 2687 997 2720 24
1022 2676 1095 2721 Eyo
1112 2679 1184 2713 etc.
1202 2689 1211 2713 ε
1237 2677 1293 2712 Ps.
1312 2675 1448 2712 xxxvii.
1464 2677 1516 2712 18.

79 2728 123 2763 28
147 2729 320 2772 Superbia
342 2730 436 2764 etc.:
471 2739 503 2762 1.
531 2725 641 2770 Greg.
669 2725 795 2770 Magn.
820 2725 979 2760 Mor-azia
1002 2723 1122 2759 xxxiv.
1147 2734 1192 2769 23
1225 2723 1266 2758 in
1291 2724 1357 2759 Iob
1379 2723 1445 2760 xli.
1473 2732 1518 2767 47

80 2773 224 2820 (Migne
239 2776 281 2812 P.
292 2776 337 2810 L.
356 2772 468 2810 lxxvi.
487 2774 595 2819 744);
619 2771 666 2809 cf.
683 2771 785 2808 infra
799 2772 929 2808 Policr.
945 2769 1024 2807 1111.
1045 2781 1061 2808 1
1082 2770 1176 2817 (711,
1195 2774 1291 2817 712).

1351 2830 1413 2867 175
