1878 3172
109 119 191 193 v412
208 152 237 183 c
581 140 840 185 IOANNIS
882 139 1396 184 SARESBERIENSIS
1569 140 1682 196 [mn.
1698 151 1718 184 1

211 278 236 308 c
254 260 337 304 etsi
357 260 583 303 utilissimi
603 260 694 303 sint
714 260 770 302 ad
791 275 925 303 onera
944 259 1218 316 perferenda.
1277 259 1430 316 Equus
1457 260 1719 317 quandoque

252 330 394 373 bonus
430 333 519 382 est3
564 330 640 372 sed
675 330 723 371 in
758 344 808 372 eo
840 329 977 372 nichil
1006 329 1162 372 utilius
1199 343 1331 386 quam
1367 329 1485 385 quod
1514 329 1721 372 humanis

253 399 406 442 usibus
431 399 580 442 seruit.
641 399 792 441 Habet
818 413 924 441 uero
948 398 1194 456 iurgiorum
1222 401 1268 441 et
1294 412 1470 455 pugnae
1499 398 1720 456 significa·
1872 425 1878 458 Ι

253 469 431 511 tionem.
481 468 713 510 Interdum
733 471 884 510 tamen
905 483 961 510 ex
980 468 1124 511 colore
1145 470 1190 510 et
1212 482 1297 510 usu
1316 467 1573 524 mitigatur3
1602 467 1721 510 unde
1869 458 1878 524 3

254 538 374 595 apud
403 537 653 594 Virgilium,
683 538 792 580 uisis
828 537 940 580 albis
970 538 1094 594 equis
1131 539 1372 594 apparente
1402 536 1548 590 Italia,
1577 537 1723 580 senior
1741 555 1760 589 5

255 606 470 651 Anchises
490 607 732 650 exclamat:

488 693 672 745 Bellum,
703 708 729 736 o
758 693 935 744 bellum,
965 695 1086 736 terra
1115 693 1303 750 hospita,
1332 695 1497 750 portas.

257 780 464 833 Ceruum‚
503 779 765 837 capreolum,
812 794 1056 836 aprumque
1105 779 1368 830 siluestrem‚
1414 793 1630 836 onagrum
1679 781 1725 822 et

258 852 404 893 cetera
433 848 567 891 huius
593 848 767 905 generis
793 848 909 891 malo
936 848 1174 905 prandenti
1201 862 1397 905 apponas
1422 862 1556 905 quam
1579 847 1725 890 uianti

257 933 463 976 opponas.
533 917 687 968 Encas,
707 917 848 960 ceruis
883 931 964 974 pro
997 918 1181 960 nauium
1215 932 1399 960 numero
1442 916 1565 968 fusis,
1597 931 1726 960 omen
1747 936 1787 959 10

258 987 376 1044 quod
410 987 681 1030 contrarium
715 986 965 1038 uidebatur,
995 986 1052 1028 ad
1088 1000 1134 1029 se
1166 986 1468 1043 sociorumque
1498 985 1726 1029 fortunam

258 1057 428 1099 uirtute
440 1056 631 1099 retorsit.
683 1054 817 1099 Canis
833 1055 1071 1112 sequipeda
1084 1055 1460 1099 commodissimus
1476 1058 1566 1107 est;
1590 1055 1726 1105 cuius,

259 1125 297 1168 si
333 1139 441 1168 uera
482 1127 548 1167 est
579 1124 855 1167 Hebreorum
887 1125 1082 1177 traditio,
1104 1140 1183 1167 nec
1213 1125 1396 1182 angelus
1426 1125 1518 1181 ipse
1549 1124 1728 1181 Tobyae

214 1201 242 1240 d
260 1194 402 1238 socius
422 1197 682 1251 aspernatus
703 1197 771 1237 est
796 1195 1068 1238 comitatum.
1127 1194 1245 1247 Quid
1275 1193 1392 1250 quod
1413 1193 1543 1237 Cirus
1567 1193 1727 1236 scelere

260 1264 334 1307 aui
356 1264 582 1320 expositus
597 1263 643 1305 in
665 1263 790 1306 siluis
810 1267 862 1306 ut
882 1264 1057 1320 periret,
1074 1263 1297 1306 caniculae
1312 1263 1520 1306 uberibus
1541 1276 1727 1320 regnum
1747 1278 1787 1313 15

261 1333 448 1389 adeptus
495 1335 561 1376 est
607 1333 851 1375 Persarum.
929 1332 1119 1376 Locusta
1162 1332 1245 1375 etsi
1297 1332 1529 1374 minimum
1578 1332 1728 1389 possit,

261 1402 569 1445 itinerantium
599 1404 749 1444 tamen
779 1402 1010 1458 praepedit
1039 1405 1168 1454 uota3
1198 1416 1254 1444 ex
1283 1415 1334 1444 eo
1364 1400 1480 1444 forte
1510 1401 1572 1444 sic
1599 1401 1729 1451 dicta,

263 1471 381 1528 quod
401 1471 490 1514 loco
510 1474 627 1513 stare
647 1470 783 1513 faciat
810 1471 1072 1527 gradientes.
1134 1470 1170 1512 E
1191 1473 1346 1514 contra
1371 1470 1521 1513 cicada
1544 1469 1730 1513 uiatoris

264 1543 496 1597 promouet
515 1554 714 1596 gressum
735 1543 780 1582 et
799 1540 1078 1583 initiatorum
1107 1543 1284 1583 amenat
1311 1540 1493 1583 exitum.
1553 1540 1731 1583 Aranea

265 1610 372 1652 dum
411 1623 438 1651 a
473 1609 771 1665 superioribus
801 1609 925 1651 filum
959 1610 1093 1660 ducit,
1123 1624 1244 1666 spem
1275 1612 1490 1652 uenturae
1520 1609 1731 1666 pecuniae
1751 1627 1794 1650 20

264 1678 444 1721 uidetur
464 1678 630 1721 afferre.
691 1678 862 1721 Obuius
889 1679 1008 1722 buffo
1030 1678 1206 1722 futuros
1230 1693 1452 1721 successus
1473 1678 1732 1730 denuntiat;

265 1747 400 1791 michi
439 1749 589 1789 tamen
628 1747 700 1789 uel
740 1746 831 1790 solo
870 1747 971 1790 uisu
1011 1747 1220 1790 molestus
1260 1750 1337 1790 est.
1415 1747 1733 1790 Verumtamen

266 1817 443 1859 homine
470 1816 565 1872 ipso
595 1816 731 1858 nichil
758 1816 995 1872 potentius,
1016 1816 1152 1859 nichil
1173 1816 1388 1859 efficacius
1412 1820 1490 1869 est,
1510 1816 1733 1873 nichilque

266 1885 522 1928 mortalium
564 1899 775 1941 umquam
815 1886 1014 1928 inuenies
1058 1886 1175 1942 quod
1219 1886 1469 1928 euidentius
1513 1886 1735 1942 exprimat
1870 1892 1878 1949 j

267 1955 516 1999 ueritatem.
565 1954 700 1997 Porro
719 1954 757 1996 si
777 1957 918 1997 artem
934 1955 1170 2012 diligenter
1184 1955 1424 2012 exequeris,
1439 1955 1734 1998 conditionem
1753 1972 1769 1995 2
1775 1971 1793 2005 5

269 2025 374 2075 eius,
400 2027 445 2067 et
474 2024 590 2066 dona
620 2026 818 2076 naturae,
848 2025 996 2075 situm,
1027 2027 1213 2081 gestum,
1243 2027 1500 2081 motumque
1529 2024 1735 2082 corporis,

129 2108 203 2148 413
222 2108 252 2137 a
269 2108 532 2150 sensumque
552 2093 776 2146 sermonis,
789 2096 886 2136 tota
905 2094 1067 2137 mentis
1087 2094 1332 2137 intentione
1347 2094 1533 2136 notabis.
1583 2093 1734 2137 Sacer-

269 2163 417 2206 dotem
449 2163 630 2205 obuium
660 2162 854 2206 aliumue
881 2163 1146 2220 religiosum,
1170 2163 1325 2222 dicunt
1354 2177 1446 2206 esse
1475 2162 1737 2206 infaustum.

271 2294 287 2320 1
316 2283 462 2320 honera
478 2282 502 2318 S
668 2294 691 2328 4
714 2281 800 2319 uisu
818 2282 857 2317 M
977 2282 1206 2328 mitigantur
1223 2281 1283 2318 CB
1450 2291 1473 2327 9
1524 2281 1688 2318 endente
1706 2281 1736 2317 P

274 2341 316 2376 13
343 2331 540 2367 ebreorum
558 2330 599 2366 M
710 2330 815 2366 tobie
833 2329 881 2366 S:
908 2330 1035 2366 tobiae
1054 2330 1093 2365 M
1263 2330 1304 2365 18
1330 2329 1473 2376 cycada
1689 2339 1733 2375 23

271 2377 399 2414 omine
418 2378 452 2413 A
545 2376 642 2423 ipso]
661 2377 728 2414 illo
745 2378 778 2413 A

318 2496 339 2531 7
357 2489 501 2522 Bellum
517 2489 588 2523 etc.
604 2498 612 2523 :
638 2487 751 2534 Verg.
765 2487 856 2523 Aen.
871 2486 925 2522 iii.
943 2496 1020 2533 539.
1115 2496 1159 2522 ιο
1174 2486 1296 2521 Εηεαε
1306 2486 1377 2521 etc.
1395 2497 1403 2520 :
1429 2496 1461 2520 v.
1477 2483 1589 2530 Verg.
1602 2485 1695 2522 Aen.
1707 2484 1733 2520 i.
1872 2507 1878 2531 2

274 2544 352 2580 192,
368 2544 443 2579 193.
591 2545 631 2579 13
654 2535 811 2580 Tobyae:
841 2546 872 2569 v.
891 2534 980 2570 Tob.
996 2534 1041 2569 vi.
1059 2543 1089 2570 1.
1231 2542 1273 2576 14
1293 2533 1423 2568 cirus:
1449 2543 1481 2567 v.
1502 2531 1635 2568 lustin.
1654 2531 1679 2568 i.
1697 2542 1732 2577 4.
1868 2531 1878 2577 j

276 2592 319 2627 19
345 2582 493 2616 Aranea
510 2583 582 2617 etc.
600 2593 609 2617 :
636 2581 683 2618 cf.
704 2593 799 2627 quae
816 2582 863 2618 de
882 2581 997 2617 simili
1015 2579 1140 2617 omine
1163 2580 1266 2627 apud
1282 2590 1350 2615 nos
1366 2580 1499 2614 narrat
1516 2577 1552 2614 S.
1580 2578 1736 2626 Baring-
1875 2600 1878 2615 ;

273 2627 406 2671 Gou1d‚
424 2629 497 2664 The
510 2629 586 2663 Red
598 2630 737 2674 Spider.
814 2638 858 2673 27
876 2630 1099 2664 Sacerdotem
1111 2629 1183 2664 etc.
1200 2638 1209 2663 :
1237 2626 1456 2662 Sacerdotes
1466 2626 1534 2661 aut
1543 2625 1736 2663 ministros
1872 2617 1878 2667 3

271 2675 314 2710 in
340 2674 497 2711 navibus
514 2677 665 2720 portare
683 2675 894 2712 infaustum
911 2686 991 2712 esse
1009 2677 1148 2721 putant
1171 2675 1312 2710 nautae
1335 2672 1465 2709 nostri.
1516 2673 1627 2709 Hanc
1643 2672 1735 2710 reli·
1873 2687 1878 2697 ’·

273 2722 426 2768 gionem
448 2734 470 2758 a
487 2722 601 2759 Ionae
624 2722 783 2759 historia
800 2725 920 2759 ortam
939 2734 1016 2759 esse
1038 2721 1207 2768 plerique
1227 2720 1396 2759 credunt.
1415 2720 1479 2756 sed
1495 2731 1543 2758 ex
1558 2720 1629 2757 hoc
1650 2720 1734 2757 loco

275 2769 433 2806 forsitan
450 2780 473 2805 a
489 2769 681 2806 Macrobio
698 2772 877 2816 excerpto
894 2769 1047 2807 aliunde
1066 2768 1278 2817 provenisse
1291 2767 1472 2816 suspicor.

383 2840 429 2873 60
