1878 3172
0 159 1 211 ξ
62 177 162 210 car.
175 163 328 224 xxvn]
574 162 975 209 POLICRATICV
976 163 1009 207 S
1532 161 1621 210 464
1638 158 1669 200 d

0 310 1 341 1
62 283 167 327 licet
184 283 308 326 nulla
326 283 387 326 sit
405 282 616 326 correctio
643 297 807 340 prauae
826 281 1084 325 uoluntatis.
1144 280 1217 324 Sic
1237 280 1346 324 Saul
1365 280 1517 338 procul

0 350 2 410 ξ
62 352 198 396 dubio
230 355 457 409 peccatum
486 366 615 394 suum
654 351 877 408 imponere
914 350 1078 392 nititur
1115 350 1311 392 humeris
1350 350 1517 399 alienis,

62 424 110 464 et
142 421 248 464 dum
279 420 460 464 simulat
492 419 610 477 quod
643 435 671 463 a
699 434 814 477 pena
846 419 957 461 uelit
994 433 1074 475 per
1110 432 1260 475 preces
1299 418 1518 461 Samuelis

0 485 1 521 Ῐ
62 490 209 548 eximi,
221 489 413 547 seipsum
425 489 606 547 grauius
625 491 854 532 oneratum
869 487 1127 530 fortioribus
1142 487 1310 543 laqueis
1324 487 1517 530 inuoluit

0 577 45 620 ⁵
64 544 110 602 et
135 557 411 615 irreparabili
438 558 658 600 sententia
679 556 1005 614 dampnationis
1024 556 1244 613 astringit.
1304 555 1518 612 Sequitur

0 639 1 687 3
62 627 203 670 enim·
251 627 311 670 Et
348 640 585 670 conuersus
614 629 682 669 est
712 625 890 669 Samuel
922 628 976 668 ut
1012 624 1166 668 abiret.
1243 624 1327 668 Ille
1366 628 1516 668 autem

0 720 1 737 3
62 695 354 753 apprehendit
391 695 689 738 summitatem
718 694 842 751 pallii
872 694 977 744 eius,
1006 708 1119 750 quae
1147 693 1282 736 scissa
1310 697 1388 736 est.
1458 693 1517 736 Et

0 766 1 794 Τ
61 764 128 807 ait
156 764 213 806 ad
242 778 343 806 eum
373 763 573 807 Samuel:
602 763 744 806 Scidit
772 763 988 806 Dominus
1016 777 1201 820 regnum
1231 762 1371 806 Israel
1410 777 1438 805 a
1471 766 1517 806 te
1534 761 1619 810 465
1636 771 1667 800 a

0 831 1 847 ¹
62 833 204 883 hodie,
237 835 283 876 et
319 832 507 875 tradidit
538 832 650 874 illud
687 832 889 889 proximo
926 834 1006 874 tuo
1038 831 1208 874 meliori
1246 835 1303 875 te.
1382 832 1518 875 Porro

0 897 47 958 ὲμο
62 902 362 958 triumphator
388 901 437 943 in
465 900 604 944 Israel
632 915 722 943 non
750 902 911 957 parcet,
941 902 987 942 et
1014 899 1272 956 penitudine
1301 915 1390 944 non
1419 901 1518 945 flec-

61 973 185 1013 tetur
197 985 208 1022 ;
236 985 377 1027 neque
397 970 514 1013 enim
538 970 668 1012 homo
688 972 767 1020 est,
786 972 838 1012 ut
864 972 969 1026 agat
994 969 1295 1025 penitentiam.
1353 970 1417 1012 At
1442 970 1518 1013 ille

61 1039 151 1082 ait:
175 1039 357 1083 Peccaui
374 1056 385 1091 ;
415 1039 491 1081 sed
514 1053 632 1082 nunc
651 1038 818 1081 honora
837 1053 909 1080 me
926 1052 1072 1080 coram
1098 1038 1344 1081 senioribus
1364 1039 1517 1096 populi

60 1108 148 1151 mei
174 1110 221 1150 et
244 1122 391 1151 coram
417 1107 568 1158 Israel,
588 1110 633 1150 et
652 1109 872 1150 reuertere
891 1120 1073 1158 mecum,
1092 1109 1145 1149 ut
1164 1107 1340 1150 adorem
1365 1107 1517 1151 Domi-

62 1191 170 1219 num
218 1176 362 1219 Deum
410 1179 550 1219 tuum.
625 1175 734 1219 Ecce
783 1178 952 1232 quanta
999 1175 1202 1218 elationis
1249 1175 1423 1219 insania
1469 1191 1517 1219 se

0 1260 44 1296 15
63 1244 281 1288 deiectum
299 1245 426 1287 audit
444 1259 472 1287 a
491 1244 693 1295 Domino,
712 1247 758 1286 et
784 1247 932 1286 tamen
953 1244 1078 1300 quasi
1098 1258 1149 1286 eo
1169 1244 1313 1287 inuito
1332 1259 1517 1302 regnare

61 1314 300 1358 contendit.
371 1314 574 1371 Regnum
607 1313 778 1356 meliori
811 1313 1028 1356 traditum
1063 1327 1156 1356 esse
1193 1328 1283 1356 non
1317 1314 1517 1372 ambigit,

10 1388 21 1418 ῗ
62 1385 108 1426 et
140 1382 343 1439 priuatus
372 1397 453 1440 per
482 1383 747 1425 sententiam
778 1382 1142 1425 irretractabilem
1173 1383 1298 1440 regni
1328 1383 1516 1440 gloriam

60 1450 366 1495 fraudulenter
402 1454 601 1509 usurpat.
676 1451 856 1495 Corruit
902 1452 1052 1508 itaque
1097 1452 1203 1494 dum
1243 1452 1291 1494 in
1323 1452 1516 1495 uetitum

60 1519 244 1562 molitur
286 1520 529 1570 ascendere,
567 1524 613 1563 et
659 1520 713 1563 fit
758 1520 902 1577 seipso
948 1520 1151 1570 deterior,
1189 1521 1296 1563 dum
1344 1521 1515 1565 meliori

6 1596 9 1601 ’
61 1588 326 1631 reclamante
331 1589 521 1632 Domino
532 1589 632 1632 uult
646 1589 870 1646 praeferri.
911 1589 1098 1632 Fatetur
1111 1590 1313 1646 equidem
1326 1591 1515 1648 culpam,

61 1657 139 1706 sed
171 1671 330 1713 penam
363 1660 539 1714 portare
572 1658 864 1715 dedignatur3
907 1658 988 1700 hoc
1028 1660 1096 1701 est
1134 1659 1251 1700 enim
1281 1659 1398 1716 quod
1426 1660 1514 1702 ait:

61 1724 266 1778 Peccaui3
294 1726 371 1769 sed
395 1741 513 1770 nunc
538 1726 705 1769 honora
731 1741 813 1769 me.
870 1726 935 1770 Ac
955 1727 993 1769 si
1013 1727 1155 1770 dicat:
1184 1727 1298 1771 Cum
1318 1728 1515 1771 criminis
1532 1728 1563 1767 b

60 1794 191 1850 culpa
222 1794 426 1838 elationis
460 1794 582 1838 fastu
612 1795 779 1838 tiranni
813 1796 1012 1852 nequitia
1042 1796 1157 1839 iuste
1190 1797 1385 1840 deiectus
1413 1813 1514 1841 con-

61 1863 231 1919 tempni
268 1864 515 1914 meruerim,
545 1879 615 1907 me
654 1865 870 1920 patientia
903 1868 983 1907 tua
1015 1865 1063 1906 in
1094 1870 1328 1922 conspectu
1363 1881 1515 1909 eorum

25 1951 44 1985 5
62 1931 140 1987 qui
183 1945 274 1974 non
318 1934 540 1974 nonerunt
577 1933 806 1975 consilium
855 1932 1034 1975 Domini
1080 1933 1217 1976 faciat
1263 1934 1514 1991 gloriosum.

62 1999 300 2042 Reuertere
318 2014 423 2057 ergo
441 2015 623 2051 mecum,
642 2004 694 2043 ut
718 2004 798 2043 tuo
818 2001 1015 2044 incedam
1036 2001 1275 2058 fastigatus
1295 2003 1515 2060 obsequio,

61 2071 107 2111 et
135 2070 264 2111 tanto
292 2069 483 2125 stipatus
510 2069 735 2121 comitatu,
769 2072 898 2111 tanta
934 2071 1200 2113 uenerabilis
1238 2072 1513 2123 auctoritate,

59 2137 237 2180 adorem
268 2137 506 2180 Dominum
540 2137 683 2180 Deum
717 2141 857 2188 tuum,
888 2152 1017 2194 quem
1048 2153 1194 2180 meum
1224 2139 1366 2182 dicere
1394 2140 1515 2184 ultra

59 2221 150 2249 non
172 2205 324 2256 audeo,
344 2206 420 2262 qui
446 2206 504 2248 ab
532 2220 583 2249 eo
611 2220 690 2262 per
718 2204 1059 2249 inobedientiam
1089 2207 1265 2250 discessi
1295 2211 1340 2250 et
1369 2209 1514 2253 adhuc

60 2288 140 2331 per
186 2274 504 2318 contumaciam
551 2275 716 2318 recedo.
801 2275 925 2317 Adeo
977 2275 1192 2331 siquidem
1240 2276 1514 2321 intumuerat

60 2343 243 2400 spiritus
282 2343 387 2393 eius,
425 2346 478 2386 ut
515 2357 562 2385 se
599 2358 688 2386 non
726 2343 855 2386 modo
894 2343 1061 2386 homini
1100 2344 1176 2387 sed
1216 2347 1261 2387 et
1298 2345 1383 2401 ipsi
1418 2346 1514 2390 Deo

61 2411 252 2468 seipsum
282 2411 601 2467 quodammodo
626 2411 828 2468 propriae
854 2411 1096 2468 impietatis
1122 2427 1234 2455 ausu
1258 2413 1513 2470 praeferret.

62 2479 204 2532 Quem
242 2480 359 2522 enim
398 2479 614 2522 Dominus
651 2480 932 2536 praetulerat,
964 2483 1130 2537 quanto
1174 2482 1330 2524 maiori
1367 2484 1514 2541 gratia

63 2598 81 2626 1
108 2589 216 2624 nulla
230 2589 324 2625 licet
340 2589 369 2626 G
509 2599 532 2633 4
554 2588 779 2624 honeratam
797 2586 822 2623 S
966 2597 983 2633 5
1009 2588 1263 2625 damnationis
1278 2590 1334 2627 CS
1466 2602 1512 2638 23

62 2636 255 2672 contemni
272 2636 297 2672 S
437 2637 484 2672 26
507 2634 724 2681 fastigiatus
741 2634 796 2670 Μ’
938 2637 983 2671 28
1007 2635 1107 2672 ultra
1123 2636 1247 2673 dicere
1263 2638 1296 2672 A

108 2729 524 2764 6E²toonumusetea
553 2727 683 2774 1Reg.
701 2738 758 2764 xv.
776 2736 844 2771 27—
846 2737 902 2772 30.
1072 2738 1115 2774 33
1143 2729 1511 2776 Quem:sc.David;

62 2786 95 2810 v.
118 2784 132 2810 1
152 2773 244 2821 388.
259 2773 363 2812 xviii.

1340 2857 1403 2891 149
