1878 3172
137 164 220 204 424
240 164 270 193 a
614 152 874 197 IOANNIS
914 149 1427 195 SARESBERIENSIS
1587 149 1696 210 [ΠΒ.
1711 162 1752 194 11

287 273 489 316 Iordanis
508 274 684 316 alueum
705 273 1051 323 commanebant,
1065 272 1242 315 nomine
1262 272 1416 323 Maria,
1429 272 1627 314 Eleazari
1647 271 1750 322 filia,

286 343 340 384 de
367 343 465 385 uico
493 343 726 394 Bethezob‚
747 343 864 400 quod
891 343 1212 399 interpretatur
1237 341 1393 385 domus
1421 341 1571 398 Ysopi,
1591 355 1750 398 genere

285 414 331 454 et
379 412 668 456 facultatibus
713 412 884 462 nobilis,
930 427 1030 455 cum
1076 412 1247 468 reliqua
1290 411 1589 461 multitudine,
1637 425 1750 467 quae

284 482 569 533 confluxerat,
599 483 865 526 Ierosolimis
895 483 1081 538 reperta,
1111 495 1386 524 communem
1416 495 1516 523 cum
1545 480 1750 523 omnibus

237 551 267 590 b
284 551 524 594 obsidionis
543 567 692 595 casum
713 551 895 595 ferebat.
940 551 1088 593 Huius
1105 551 1297 607 reliquas
1312 550 1489 607 quidem
1502 549 1748 599 facultates,
1767 563 1786 596 5

284 635 394 677 quas
420 621 549 664 domo
576 622 623 663 in
648 621 803 664 urbem
831 622 1108 670 connexerat,
1128 619 1311 676 tyranni
1338 619 1551 669 inuasere,
1576 619 1614 661 si
1641 618 1749 675 quid

281 704 387 732 uero
416 690 702 746 reliquiarum
733 705 789 733 ex
818 690 991 747 magnis
1020 689 1177 745 opibus
1203 688 1363 739 fuerat,
1393 688 1553 745 quibus
1578 687 1749 730 uictum

282 759 553 802 cotidianum
597 762 855 817 pertenuem
906 759 1095 808 duceret,
1135 758 1355 800 irruentes
1403 772 1483 814 per
1524 759 1748 800 momenta

282 829 553 884 praedonum
573 829 785 871 satellites
805 829 1049 885 rapiebant.
1108 827 1192 870 Pro
1219 827 1380 884 quibus
1406 827 1563 883 ingens
1589 826 1749 869 mulier

281 897 407 940 uelut
432 898 605 940 insania
630 898 719 940 iam
750 898 940 954 quadam
968 913 1024 940 ex
1050 897 1355 954 indignatione
1375 895 1662 953 fatigabatur,
1682 895 1747 938 ita
1767 907 1809 932 10

281 969 333 1009 ut
351 967 574 1010 interdum
601 968 843 1024 praedones
862 967 1107 1010 maledictis
1127 967 1175 1009 in
1194 981 1344 1010 necem
1371 966 1440 1009 sui
1466 968 1511 1008 et
1538 965 1747 1008 conuiciis

281 1036 526 1093 instigaret.
600 1037 766 1079 Verum
796 1052 896 1080 cum
926 1052 1068 1093 neque
1102 1037 1305 1079 irritatus
1340 1035 1573 1092 quisquam
1604 1049 1746 1091 neque

280 1106 514 1149 miseratus
545 1121 640 1149 eam
668 1107 947 1163 opprimeret,
968 1109 1014 1149 et
1041 1107 1079 1149 si
1107 1106 1214 1162 quid
1243 1105 1360 1148 forte
1386 1105 1473 1148 cibi
1503 1104 1662 1147 fuisset
1688 1104 1746 1147 ab

280 1189 331 1217 ea
371 1175 630 1231 quaesitum,
665 1175 712 1218 id
750 1176 807 1218 ab
846 1176 945 1218 aliis
986 1177 1281 1232 quaereretur,
1310 1189 1390 1218 nec
1428 1174 1518 1217 iam
1556 1188 1744 1230 usquam

278 1244 524 1300 reperiendi
554 1245 679 1301 eopia
712 1246 849 1295 fieret,
879 1244 1020 1287 fames
1049 1247 1198 1287 autem
1228 1244 1325 1286 dira
1354 1243 1596 1286 uisceribus
1634 1243 1743 1299 ipsis
1763 1252 1804 1286 15
1874 1234 1878 1285 s

278 1313 503 1356 insisteret
551 1329 601 1357 ac
650 1315 865 1365 medullis,
910 1317 955 1357 et
1002 1314 1059 1356 ad
1103 1313 1298 1356 furorem
1346 1315 1604 1370 perurgeret
1652 1312 1742 1354 iam
1875 1311 1878 1314 ⁴

279 1382 437 1433 inedia,
467 1383 585 1426 fame
615 1386 660 1426 et
689 1384 757 1426 ira
777 1384 977 1440 pessimis
1003 1398 1084 1426 usa
1110 1383 1432 1426 consultoribus
1462 1384 1616 1425 contra
1646 1382 1744 1438 ipsa

237 1460 263 1490 e
279 1451 367 1493 iam
397 1455 597 1495 armatur
625 1453 724 1495 iura
753 1455 950 1495 naturae.
1011 1453 1120 1494 Erat
1145 1467 1335 1508 namque
1355 1452 1394 1494 ei
1422 1452 1505 1495 sub
1532 1451 1743 1494 uberibus

277 1521 491 1577 paruulus
516 1522 647 1564 filius.
709 1522 840 1564 Hunc
867 1524 971 1564 ante
998 1522 1145 1564 oculos
1172 1521 1330 1572 ferens,
1352 1520 1561 1571 Infelicis,
1582 1521 1740 1577 inquit,

276 1590 432 1632 matris
466 1605 492 1632 ο
526 1589 744 1633 infelicior
778 1591 853 1640 fili,
885 1590 932 1632 in
966 1590 1082 1632 bello
1116 1589 1234 1632 fame
1264 1592 1309 1632 et
1339 1590 1584 1646 direptione
1614 1604 1738 1646 prae·
1760 1598 1804 1621 20

276 1658 441 1700 donum
475 1659 544 1702 cui
579 1662 624 1702 te
657 1660 922 1703 reseruab02
988 1659 1106 1701 Nam
1137 1659 1220 1701 etsi
1252 1659 1348 1701 uita
1381 1659 1547 1715 sperari
1582 1661 1741 1715 posset,

276 1730 322 1769 et
356 1728 460 1784 iugo
500 1728 723 1770 Romanae
757 1728 987 1771 seruitutis
1019 1742 1239 1784 urgemur.
1319 1727 1407 1770 Sed
1446 1742 1564 1770 nunc
1597 1727 1741 1784 ipsam

275 1797 409 1838 etiam
440 1797 701 1839 seruitutem
735 1797 968 1854 praeuenit
1003 1796 1166 1848 fames;
1204 1796 1445 1853 praedones
1479 1811 1585 1838 uero
1617 1798 1739 1839 utra-

275 1880 359 1921 que
391 1866 438 1907 ui
469 1866 695 1922 grauiores
726 1868 976 1923 perurgent.
1037 1866 1150 1908 Veni
1183 1881 1287 1923 ergo
1318 1880 1436 1908 nunc
1467 1880 1494 1908 o
1524 1865 1586 1907 mi
1620 1868 1738 1918 nate,

273 1936 367 1976 esto
399 1935 531 1976 matri
566 1935 700 1985 cibus,
735 1935 1029 1992 praedonibus
1064 1934 1199 1985 furor,
1238 1935 1395 1978 seculis
1427 1934 1590 1985 fabula,
1624 1949 1735 1991 quae
1757 1946 1798 1980 25
1851 1940 1854 1945 “

273 2003 366 2045 sola
401 2003 552 2046 deerat
590 2004 787 2047 cladibus
832 2004 1080 2046 Iudeorum.
1161 2004 1219 2046 Et
1250 2019 1349 2047 cum
1389 2004 1496 2046 haec
1539 2004 1735 2054 dixisset,

273 2072 404 2114 simul
454 2073 596 2115 filium
639 2073 824 2130 iugulat.
903 2074 1015 2115 Tum
1065 2073 1222 2116 deinde
1271 2073 1364 2130 igni
1414 2073 1739 2129 superpositum

272 2143 413 2184 torret
448 2144 493 2184 et
527 2142 721 2185 medium
753 2143 914 2199 quippe
949 2143 1117 2186 edendo
1148 2142 1377 2192 consumit,
1407 2142 1600 2184 medium
1631 2156 1738 2185 uero

273 2213 471 2253 reseruat
501 2212 734 2254 obtectum.
796 2212 854 2254 Et
885 2227 980 2255 ecce
1012 2211 1245 2255 confestim
1276 2211 1517 2268 praedones
1547 2211 1736 2261 irruunt,

273 2281 502 2322 ambustae
540 2281 684 2323 carnis
723 2281 875 2324 nidore
915 2284 1124 2338 concepto
1154 2283 1340 2323 mortem
1380 2280 1618 2330 minantur,
1648 2280 1734 2323 nisi
1755 2294 1797 2327 30
1861 2306 1863 2330 3

226 2348 255 2387 d
273 2349 366 2391 sine
412 2364 535 2392 mora
584 2350 714 2400 cibos,
754 2366 862 2406 quos
906 2353 1084 2406 paratos
1123 2352 1361 2399 senserant,
1401 2349 1734 2392 demonstraret.

272 2418 385 2459 Tum
405 2418 492 2468 illa,
514 2418 728 2474 Equidem
750 2422 933 2476 partem,
946 2419 1103 2475 inquit,
1116 2419 1241 2461 uobis
1266 2418 1477 2474 optimam
1499 2418 1734 2461 reseruaui.

1872 1179 1878 1193 ,-
1866 939 1878 1169 «ι-ωλκ-ι-ηοιη,

275 2537 289 2561 1
320 2526 442 2561 Maria
460 2526 613 2563 nomine
631 2527 671 2563 M
788 2538 810 2572 4
835 2526 1084 2564 hierosolimis
1099 2526 1187 2563 GBS
1310 2535 1327 2572 5
1355 2525 1506 2572 quidem
1523 2525 1684 2580 reliquas
1701 2526 1735 2561 A

272 2575 293 2609 8
319 2573 569 2608 cottidianum
586 2574 618 2609 A
747 2585 799 2627 13,
823 2585 865 2620 14
890 2575 1080 2621 quesitum
1097 2575 1144 2611 ab
1162 2586 1206 2611 ea
1222 2573 1255 2608 A
1382 2582 1421 2619 15
1447 2573 1684 2619 reppenendi
1700 2573 1734 2609 A

271 2653 381 2689 famis
400 2653 482 2688 C¹M
658 2622 832 2698 muitanii
1009 2666 1051 2702 19
1075 2666 1214 2702 paruus
1230 2654 1296 2690 SM
1470 2663 1527 2699 22,
1546 2664 1590 2700 23
1616 2654 1733 2691 etiam

269 2700 391 2746 ipsam
409 2701 447 2735 M
591 2712 635 2746 32
653 2701 838 2747 optimam
856 2702 964 2739 uobis
981 2703 1021 2738 M

318 2784 362 2817 28
387 2784 538 2827 quippe:
566 2785 709 2828 quidem
723 2782 842 2819 habet
860 2782 1039 2818 Ruffinus.

378 2853 423 2884 80
