1878 3172
168 141 242 193 41⁸
260 141 291 182 d
636 137 896 183 IOANNIS
937 135 1449 182 SARESBERIENSIS
1600 133 1714 197 [ΜΒ.
1730 148 1770 182 11

304 258 465 317 quibus
499 262 546 302 et
580 258 783 316 Apostoli
814 271 977 308 omnes,
1010 256 1245 314 praecipue
1279 258 1430 299 tamen
1461 255 1661 310 Iacobus,
1691 258 1771 315 qui

305 329 535 372 dicebatur
561 328 703 371 frater
725 327 918 378 Domini,
938 326 1206 369 Ierosolimis
1233 325 1463 382 episcopus
1487 326 1772 378 constitutus,

158 408 237 447 419
257 398 605 479 aindesinenter
631 397 845 454 populum
874 395 1130 440 commissae
1159 394 1403 451 impietatis
1431 397 1476 438 et
1502 394 1654 438 feralis
1673 395 1770 438 ausi

304 468 359 510 de
391 475 461 510 sce
479 461 574 510 erem
585 465 933 516 commonebant,
964 466 1001 508 si
1031 465 1148 508 forte
1175 467 1366 522 possent,
1396 463 1616 507 commissi
1647 464 1770 521 peni-

302 537 504 579 tudinem
538 549 716 593 gerere3
755 536 793 578 si
831 537 1022 592 possent,
1056 534 1162 577 flere
1195 548 1278 591 pro
1312 533 1488 596 scelere*
1511 535 1557 576 et
1589 532 1770 576 ultrices
1786 550 1806 585 5

300 620 515 662 penarum
534 605 735 647 flammas
754 604 1036 647 lacrimarum
1056 603 1260 646 ubertate
1280 602 1565 659 restinguere.
1611 601 1770 645 Osten-

301 674 435 717 debat
454 688 645 731 namque
665 674 728 716 eis
749 673 870 716 Deus
889 688 967 730 per
987 688 1113 716 suam
1140 672 1404 729 patientiam
1431 671 1549 728 quod
1572 671 1769 728 ipsorum

302 746 533 800 quaereret
561 743 878 799 penitentiam3
915 742 1021 798 quia
1049 757 1139 785 non
1168 742 1269 785 uult
1297 743 1475 783 tantum
1504 740 1626 783 Deus
1654 755 1770 784 mor-

300 816 392 855 tem
419 812 660 869 peccatoris
687 815 904 869 quantum
931 814 984 854 ut
1007 814 1296 855 conuertatur
1324 813 1370 854 et
1396 810 1535 853 uiuat.
1595 811 1770 855 Mollire

301 885 450 925 autem
500 882 644 924 adhuc
684 882 846 924 mentis
885 896 1038 924 eorum
1085 881 1298 923 duritiam
1341 879 1570 923 nitebatur
1614 879 1770 924 diuina
1789 897 1831 923 ιο

300 952 508 994 maiestas
538 951 676 1008 signis
704 954 750 993 et
776 950 990 1008 prodigiis
1016 950 1173 993 celitus
1197 949 1315 992 datis
1341 951 1616 1006 terroresque
1635 949 1769 992 simul

301 1024 346 1063 et
375 1020 591 1062 minacem
620 1020 849 1063 dexteram
879 1019 1150 1062 ostendendo
1174 1018 1323 1075 potius
1349 1032 1483 1074 quam
1511 1016 1770 1071 inferend03

301 1090 355 1132 de
390 1090 551 1146 quibus
590 1104 726 1146 supra
759 1089 868 1132 dicti
903 1088 1249 1145 historiographi
1281 1087 1402 1138 fides,
1433 1090 1486 1130 ut
1519 1087 1567 1129 in
1601 1087 1770 1140 ceteris,

301 1160 435 1202 etiam
455 1159 503 1200 in
523 1159 605 1201 hoc
629 1158 848 1202 sufficiens
868 1158 963 1201 erit.
1024 1158 1287 1214 Relegamus
1311 1171 1416 1214 ergo
1435 1156 1543 1213 quid
1566 1156 1615 1199 in
1641 1160 1770 1200 sexto

301 1228 586 1271 historiarum
617 1243 798 1270 suarum
826 1227 941 1270 libro
971 1227 1026 1270 de
1052 1227 1122 1269 his
1151 1227 1245 1283 ipse
1274 1226 1520 1283 signauerit
1542 1225 1768 1283 Iosephus.
1788 1240 1829 1274 15

302 1299 390 1341 Sed
416 1298 650 1349 infelicem,
669 1297 828 1354 inquit,
848 1297 1019 1354 plebem
1046 1295 1264 1339 teterrimi
1289 1295 1469 1352 quidam
1493 1295 1693 1338 homines
1723 1298 1770 1339 et

254 1370 283 1408 b
301 1368 554 1424 deceptores
603 1366 718 1409 falsa
763 1366 1058 1409 uaticinantes
1097 1365 1343 1408 suadebant
1391 1367 1444 1407 ut
1487 1364 1769 1408 euidentibus

301 1438 440 1494 signis
472 1440 517 1479 et
547 1436 722 1479 indiciis
750 1435 1004 1478 iracundiae
1039 1437 1100 1477 et·
1116 1433 1436 1491 indignationis
1468 1433 1647 1476 diuinae
1677 1448 1769 1478 non
1841 1448 1847 1452 ·

298 1507 538 1557 crederent,
558 1506 718 1562 quibus
738 1507 889 1561 aperte
909 1503 1113 1546 futurum
1138 1506 1183 1545 et
1202 1503 1326 1546 urbis
1353 1505 1398 1545 et
1423 1502 1571 1560 gentis
1590 1517 1765 1560 praesa-

297 1576 488 1632 gabatur
522 1574 755 1616 excidium.
826 1572 913 1615 Sed
947 1572 1072 1614 uelut
1107 1572 1245 1615 afflati
1276 1574 1322 1615 et
1361 1574 1569 1623 amentes,
1603 1575 1650 1615 et
1689 1573 1766 1630 qui
1785 1589 1830 1613 20

299 1659 440 1700 neque
479 1643 627 1686 oculos
670 1656 811 1698 neque
851 1641 1021 1683 animas
1060 1640 1107 1682 in
1147 1656 1193 1684 se
1232 1641 1459 1696 haberent,
1498 1641 1767 1698 spernebant

299 1713 448 1756 omnia
492 1727 604 1769 quae
648 1711 804 1766 celitus
842 1710 1177 1753 nuntiabantur.
1257 1709 1434 1753 Etenim
1473 1710 1602 1753 stella
1639 1725 1766 1768 prae-

298 1782 476 1839 fulgens
501 1781 650 1838 gladio
677 1795 756 1837 per
775 1780 923 1822 omnia
942 1779 1098 1822 similis
1118 1779 1347 1822 imminere
1367 1779 1555 1836 desuper
1579 1780 1766 1831 ciuitati,

299 1854 344 1893 et
375 1852 564 1893 cometes
602 1851 830 1906 praeterea
865 1848 1121 1890 exitialibus
1153 1848 1343 1891 flammis
1378 1848 1532 1891 ardere
1565 1848 1663 1891 uisa
1697 1851 1766 1892 est

298 1935 378 1976 per
408 1922 554 1962 totum
589 1933 765 1960 annum.
827 1917 915 1960 Sed
947 1920 992 1959 et
1027 1919 1130 1959 ante
1165 1918 1325 1960 excidii
1357 1920 1533 1974 tempus
1563 1931 1614 1960 ac
1648 1917 1765 1969 belli,
1785 1934 1825 1968 25

298 2004 398 2031 cum
419 1988 570 2045 populi
591 1987 648 2029 ad
668 1987 785 2029 diem
810 1986 974 2028 festum
1001 1986 1299 2036 conuenirent,
1320 1988 1477 2029 octauo
1503 1986 1575 2029 die
1601 1987 1765 2030 mensis

299 2057 522 2107 Xantichi,
543 2057 619 2113 qui
647 2058 714 2098 est
738 2055 916 2112 Aprilis,
937 2056 1079 2098 noctis
1105 2058 1314 2112 tempore,
1334 2056 1443 2098 hora
1462 2070 1590 2106 nona,
1610 2058 1765 2099 tantus

298 2127 478 2169 luminis
505 2126 654 2183 fulgor
680 2140 803 2167 aram
831 2125 1133 2181 templumque
1160 2124 1458 2175 circumdedit,
1477 2127 1531 2167 ut
1553 2126 1765 2181 putarent

298 2210 449 2238 omnes
468 2195 584 2237 diem
604 2194 895 2237 clarissimum
915 2193 1096 2244 factum,
1117 2196 1162 2236 et
1188 2194 1432 2250 permansit
1457 2193 1601 2250 spatio
1627 2193 1762 2235 horae

258 2276 283 2304 c
299 2265 517 2307 dimidiae.
592 2260 721 2316 Quod
751 2263 968 2320 imperitis
1003 2263 1179 2320 quidem
1216 2265 1261 2306 et
1298 2263 1465 2321 ignaris
1502 2276 1761 2319 prosperum
1781 2279 1826 2313 30

298 2335 565 2385 uidebatur3
613 2333 689 2375 sed
728 2332 1003 2390 legisperitos
1043 2336 1088 2375 et
1133 2333 1292 2389 probos
1331 2347 1525 2389 quosque
1563 2332 1763 2375 doctores

298 2418 386 2445 non
407 2402 541 2445 latuit
561 2402 740 2444 exitiale
760 2404 1028 2458 portentum.
1072 2401 1127 2443 In
1149 2402 1300 2444 eadem
1322 2416 1494 2458 quoque
1514 2400 1763 2443 festiuitate

298 2471 442 2513 uitula
490 2471 713 2513 sacrificiis
762 2471 940 2514 admota
990 2473 1035 2513 et
1083 2471 1172 2513 aris
1221 2471 1430 2513 assistens
1478 2470 1596 2512 inter
1643 2469 1763 2526 ipsas

300 2579 323 2614 6
348 2578 538 2623 ubertate]
557 2578 737 2615 libertate
754 2579 793 2614 M
922 2578 1150 2624 restringere
1168 2578 1208 2613 M
1391 2587 1430 2622 13
1456 2575 1763 2623 hystoriographi

299 2625 373 2660 AM
389 2638 397 2659 ε
423 2625 672 2671 historiografi
690 2626 714 2661 S
860 2636 903 2669 14
928 2626 997 2661 vito
1015 2625 1069 2662 CS
1214 2633 1254 2670 15
1280 2623 1534 2670 hystoriarum
1552 2624 1591 2659 M
1715 2634 1763 2660 20

299 2672 414 2708 uelud
431 2672 464 2706 A
607 2683 652 2716 24
677 2673 758 2709 uisa
774 2674 829 2709 est
845 2673 975 2709 ardere
993 2673 1033 2707 M
1165 2674 1211 2709 26
1234 2671 1300 2706 viii
1318 2670 1342 2706 S
1472 2680 1516 2716 27
1542 2670 1712 2708 xanctici
1728 2671 1762 2706 A

347 2770 368 2804 8
392 2770 479 2814 quia
495 2781 568 2804 non
585 2771 665 2805 uult
682 2772 752 2806 etc.
770 2783 777 2807 :
806 2769 938 2807 Ezech.
956 2769 1055 2807 xviii.
1075 2781 1130 2816 32,
1149 2768 1280 2805 xxxiii.
1301 2779 1354 2805 11.

409 2845 449 2881 7².
