1878 3172
81 157 181 194 off.
192 147 295 208 XVI]
585 150 985 196 POLICRATICV
987 151 1020 196 S
1552 163 1636 205 432
1650 166 1677 195 e

78 267 305 325 signorum
333 267 637 313 diuersitatem
666 284 812 312 rerum
840 273 971 313 cauta
999 270 1260 314 discretione
1290 271 1539 329 distinguit.

79 335 204 380 Haec
242 337 419 394 quidem
457 339 680 395 generalia
722 342 851 392 sunt;
892 354 1004 396 quae
1043 354 1151 383 uero
1189 343 1295 383 sunt
1333 341 1540 398 specialia

78 405 366 463 singulorum,
384 407 519 450 latius
545 410 710 464 patent.
769 407 872 451 Non
899 411 1048 451 tamen
1074 410 1444 466 praetereundum
1471 412 1539 452 est

77 473 304 530 signorum
342 475 435 518 uim
477 490 558 532 pro
597 477 811 532 qualitate
858 491 1143 534 personarum
1196 478 1412 520 seniorem
1458 481 1539 521 aut

39 552 60 592 5
77 542 297 586 mitiorem
312 558 415 587 esse.
465 544 679 588 Pecuniae
704 545 920 602 siquidem
945 546 1232 589 contrectatio
1262 546 1361 589 aliis
1386 546 1538 597 letum,

77 611 251 654 tristem
275 611 374 655 aliis
393 616 602 656 euentum
624 613 870 657 denuntiat.
930 614 1003 658 Sic
1024 629 1080 658 ex
1105 629 1195 658 non
1221 615 1537 672 apparentibus

76 681 220 724 causis
247 681 428 738 inopina
457 682 640 726 Veneris
679 683 929 739 praesentia
958 684 1298 727 amaritudinem
1329 684 1535 727 fortunae
1552 687 1582 727 d

76 746 354 806 frequentius
391 750 566 808 ingerit.
639 751 766 795 Vnde
805 752 916 794 illud
955 752 1179 810 Ysiphiles
1217 753 1536 797 Archemorum

76 816 270 875 lugentis
299 820 568 863 extinctum:

18 909 61 939 10
478 899 733 956 Numquam
763 900 942 956 impune
970 915 1049 957 per
1077 901 1257 944 umbras

248 955 465 999 attonitae
494 957 627 1000 michi
657 957 755 1000 uisa
784 958 944 1001 Venus.

75 1036 126 1080 Si
164 1037 282 1080 enim
320 1053 377 1081 ex
416 1039 612 1096 reliquiis
651 1040 968 1097 cogitationum
1007 1044 1087 1083 aut
1127 1040 1299 1085 Cereris
1339 1042 1533 1084 Bachiue

74 1107 266 1150 stimulis
312 1107 498 1151 incitata
535 1108 686 1151 Venus
724 1112 935 1162 occurrat,
974 1109 1290 1153 insomniorum
1339 1110 1532 1153 uanitati

74 1176 237 1221 rectius
275 1176 596 1234 applicabitur‚·
618 1191 730 1233 quae
768 1178 916 1220 omnia
954 1178 1249 1221 coniectorum
1289 1179 1533 1236 disciplina,

17 1264 58 1301 ¹5
75 1244 201 1302 quasi
227 1259 345 1288 uana
372 1246 656 1302 contempnit,
676 1246 804 1289 iuxta
833 1246 944 1289 illud
972 1247 1060 1289 uiri
1089 1248 1324 1304 sapientis:

160 1330 341 1374 Somnia
369 1345 425 1374 ne
454 1345 590 1382 cures,
620 1346 723 1374 nam
753 1346 876 1374 mens
905 1332 1100 1375 humana
1129 1333 1246 1388 quod
1275 1337 1413 1390 optat,

159 1388 266 1431 dum
294 1389 465 1446 uigilat,
494 1392 655 1446 sperat,
684 1404 764 1446 per
792 1404 1024 1446 sompnum
1054 1391 1195 1433 cernit
1224 1390 1271 1432 id
1301 1391 1457 1448 ipsum.

73 1471 303 1515 Interdum
315 1475 464 1515 tamen
476 1476 522 1515 et
535 1487 614 1529 per
628 1473 885 1516 antithesim
900 1488 1047 1516 rerum
1060 1474 1280 1530 sequenda
1295 1478 1401 1517 sunt
1414 1475 1529 1517 ueri-

72 1540 182 1584 tatis
206 1541 407 1598 uestigia,
426 1541 541 1584 sicut
565 1556 665 1584 cum
691 1557 852 1599 magno
883 1542 1089 1599 Pompeio
1112 1543 1243 1585 ruina
1268 1543 1530 1594 immineret,
1547 1557 1629 1596 433
1648 1558 1679 1587 a

14 1627 59 1653 20
73 1609 294 1661 contraria
326 1609 436 1652 uisis
467 1610 712 1653 uaticinata
746 1611 881 1667 quies,
910 1611 1186 1667 letitiamque
1215 1611 1350 1664 urbis,
1379 1612 1531 1669 populi

74 1677 361 1734 tripudiantis
394 1678 637 1734 praeconia,
672 1679 962 1736 plausumque
997 1680 1163 1722 theatri
1202 1680 1284 1730 sui,
1318 1681 1444 1736 quasi
1483 1695 1532 1723 re

71 1746 210 1789 totius
247 1746 420 1804 imperii
460 1747 570 1789 bene
608 1750 744 1804 gesta,
783 1747 966 1791 fortuna
1004 1749 1191 1805 perituri
1231 1749 1355 1792 ducis
1394 1749 1531 1792 oculis

72 1813 311 1872 ingerebat.
390 1815 477 1859 Res
516 1830 688 1872 quoque
732 1831 844 1873 quae
882 1818 1027 1874 turpis
1066 1820 1112 1860 et
1151 1818 1337 1860 obscena
1376 1822 1443 1860 est
1482 1819 1530 1860 in

72 1883 312 1939 superficie,
342 1883 674 1926 honestissimae
707 1885 912 1927 ueritatis
944 1886 1205 1942 quandoque
1234 1886 1529 1928 substantiam

13 1967 56 2001 25
73 1951 198 2008 tegit.
277 1951 415 1994 Gaius
465 1951 600 1995 Cesar
643 1953 691 1994 in
736 1954 896 1995 minori
942 1957 1059 1996 etate
1108 1955 1156 1996 in
1204 1955 1399 2011 sompnis
1444 1955 1529 1997 sibi

71 2020 195 2063 uisus
224 2023 291 2062 est
318 2020 474 2063 matris
503 2021 718 2063 incestare
746 2022 958 2074 cubicula,
981 2025 1026 2064 et
1055 2023 1332 2078 turpitudine
1362 2024 1530 2079 soporis

70 2089 299 2138 attonitus,
319 2103 419 2131 cum
448 2103 540 2131 rem
569 2089 626 2131 ad
655 2090 989 2132 mathematicos
1018 2091 1252 2141 retulisset,
1276 2091 1528 2133 uniuersam

70 2160 235 2201 terram
255 2157 414 2200 ditioni
441 2158 535 2200 eius
558 2158 858 2200 subiciendam
888 2159 1218 2214 responderunt.
1278 2159 1351 2202 Sic
1378 2160 1528 2215 itaque

69 2226 340 2283 magnanimi
365 2226 454 2268 uiri
480 2241 578 2282 spes
605 2226 662 2268 ad
689 2227 989 2283 occupandum
1015 2227 1248 2283 imperium
1278 2231 1423 2270 erecta
1450 2232 1527 2271 est.

8 2306 53 2343 30
69 2294 269 2351 Denique
303 2294 360 2336 ad
391 2295 578 2350 speciem
612 2294 720 2337 facti
755 2295 853 2351 quis
885 2295 993 2337 Vria
1021 2295 1212 2338 iustior?
1252 2297 1350 2352 quis
1379 2297 1528 2339 Dauid

67 2363 252 2419 nequior
296 2366 376 2405 aut
413 2363 663 2405 crudelior?
713 2378 842 2419 quem
882 2363 1010 2406 decor
1059 2364 1273 2406 Bersabee
1322 2365 1378 2406 ad
1427 2379 1527 2422 pro-

68 2452 96 2490 1‘
114 2453 417 2490 diuersitatatem
435 2454 475 2488 M
604 2464 645 2498 13
669 2453 972 2500 insompniorum
990 2454 1064 2489 AM
1187 2455 1228 2490 16
1255 2454 1436 2500 Sompnia
1452 2455 1527 2490 AM

70 2509 113 2545 17
137 2511 310 2536 somnum
327 2500 352 2536 S
497 2510 539 2546 19
562 2500 728 2546 ponpeio
746 2500 773 2537 C
916 2510 958 2547 25
988 2500 1120 2546 Gaius]
1140 2499 1184 2536 G.
1203 2501 1270 2537 MS
1342 2502 1484 2538 somnis
1501 2502 1526 2538 S

68 2556 112 2592 27
137 2547 340 2584 retullisset
357 2547 397 2583 M

117 2639 161 2664 10
183 2630 389 2674 Numquam
404 2631 476 2666 etc.
491 2641 500 2665 :
527 2627 621 2664 Stat.
641 2629 743 2663 Theb.
760 2640 791 2662 v.
808 2629 888 2671 621,
907 2629 988 2664 622.
1090 2629 1132 2665 16
1148 2630 1296 2664 Somnia
1312 2631 1383 2665 etc.
1400 2642 1408 2665 :
1434 2630 1526 2666 Cato

67 2675 160 2710 Did.
183 2674 223 2710 ii.
251 2686 307 2720 31.
528 2686 570 2721 19
594 2687 674 2711 cum
698 2686 827 2719 maqno
852 2678 922 2711 etc.
939 2688 956 2728 :-
972 2687 1004 2710 v.
1032 2675 1119 2713 Luc.
1143 2678 1272 2712 Phara.
1299 2675 1360 2711 vii.
1384 2685 1404 2720 7
1423 2689 1524 2722 seqq.

65 2731 107 2804 ξι
115 2723 369 2815 2Ρὲαθιιέιιὲηξαε
385 2723 517 2758 theatri
530 2724 613 2759 sui:
639 2734 672 2758 v.
691 2721 778 2758 Luc.
796 2723 925 2758 Phars.
945 2734 969 2757 1.
991 2732 1067 2768 133.
1253 2734 1300 2768 30
1328 2725 1416 2759 Vria
1432 2726 1526 2761 etc.:

1372 2843 1414 2877 95
