<?xml version="1.0" encoding="UTF-8"?>
<!DOCTYPE html PUBLIC "-//W3C//DTD XHTML 1.0 Transitional//EN"
    "http://www.w3.org/TR/xhtml1/DTD/xhtml1-transitional.dtd">
<html xmlns="http://www.w3.org/1999/xhtml" xml:lang="en" lang="en">
 <head>
  <title>
</title>
<meta http-equiv="Content-Type" content="text/html;charset=utf-8" />
  <meta name='ocr-system' content='tesseract 3.04.00' />
  <meta name='ocr-capabilities' content='ocr_page ocr_carea ocr_par ocr_line ocrx_word'/>
</head>
<body>
  <div class='ocr_page' id='page_1' title='image "./ioannissaresberi01johnuoft_0300.png"; bbox 0 0 1878 3172; ppageno 0'>
   <div class='ocr_carea' id='block_1_1' title="bbox 181 124 1851 188">
    <p class='ocr_par' dir='ltr' id='par_1_1' title="bbox 181 124 1851 188">
     <span class='ocr_line' id='line_1_1' title="bbox 181 124 1851 188; baseline -0.009 -9"><span class='ocrx_word' id='word_1_1' title='bbox 181 127 253 178; x_wconf 84' lang='lat'><strong>⁵18</strong></span> <span class='ocrx_word' id='word_1_2' title='bbox 273 136 299 168; x_wconf 83' lang='lat' dir='ltr'><strong>c</strong></span> <span class='ocrx_word' id='word_1_3' title='bbox 642 124 902 169; x_wconf 88' lang='lat' dir='ltr'>IOANNIS</span> <span class='ocrx_word' id='word_1_4' title='bbox 941 124 1452 170; x_wconf 87' lang='lat' dir='ltr'>SARESBERIENSIS</span> <span class='ocrx_word' id='word_1_5' title='bbox 1591 127 1703 188; x_wconf 69' lang='lat' dir='ltr'><strong>[mn.</strong></span> <span class='ocrx_word' id='word_1_6' title='bbox 1719 139 1771 171; x_wconf 82' lang='lat' dir='ltr'><strong>1v</strong></span> <span class='ocrx_word' id='word_1_7' title='bbox 1847 142 1851 164; x_wconf 81' lang='grc'>;</span> 
     </span>
    </p>
   </div>
   <div class='ocr_carea' id='block_1_2' title="bbox 303 244 1868 926">
    <p class='ocr_par' dir='ltr' id='par_1_2' title="bbox 303 244 1868 926">
     <span class='ocr_line' id='line_1_2' title="bbox 315 244 1847 303; baseline 0.001 -14"><span class='ocrx_word' id='word_1_8' title='bbox 315 246 434 298; x_wconf 86' lang='lat' dir='ltr'><strong>Dux,</strong></span> <span class='ocrx_word' id='word_1_9' title='bbox 454 245 613 303; x_wconf 93' lang='lat' dir='ltr'><strong>inquit,</strong></span> <span class='ocrx_word' id='word_1_10' title='bbox 632 245 709 303; x_wconf 90' lang='lat' dir='ltr'><strong>qui</strong></span> <span class='ocrx_word' id='word_1_11' title='bbox 728 260 818 288; x_wconf 91' lang='lat' dir='ltr'><strong>non</strong></span> <span class='ocrx_word' id='word_1_12' title='bbox 841 244 1014 289; x_wconf 86' lang='lat' dir='ltr'><strong>laborat</strong></span> <span class='ocrx_word' id='word_1_13' title='bbox 1036 247 1089 289; x_wconf 92' lang='lat' dir='ltr'><strong>ut</strong></span> <span class='ocrx_word' id='word_1_14' title='bbox 1111 246 1329 289; x_wconf 73' lang='lat' dir='ltr'><strong>militibus</strong></span> <span class='ocrx_word' id='word_1_15' title='bbox 1348 260 1476 290; x_wconf 84' lang='lat' dir='ltr'><strong>carus</strong></span> <span class='ocrx_word' id='word_1_16' title='bbox 1494 246 1565 299; x_wconf 87' lang='lat' dir='ltr'><strong>sit,</strong></span> <span class='ocrx_word' id='word_1_17' title='bbox 1584 247 1770 292; x_wconf 86' lang='lat' dir='ltr'><strong>militem</strong></span> <span class='ocrx_word' id='word_1_18' title='bbox 1846 287 1847 291; x_wconf 75' lang='grc'>,</span> 
     </span>
     <span class='ocr_line' id='line_1_3' title="bbox 303 315 1773 376; baseline 0.002 -19"><span class='ocrx_word' id='word_1_19' title='bbox 303 315 455 376; x_wconf 14' lang='lat' dir='ltr'><strong>*nescit</strong></span> <span class='ocrx_word' id='word_1_20' title='bbox 470 329 652 366; x_wconf 88' lang='lat' dir='ltr'><strong>armare,</strong></span> <span class='ocrx_word' id='word_1_21' title='bbox 667 315 807 358; x_wconf 88' lang='lat' dir='ltr'><strong>nescit</strong></span> <span class='ocrx_word' id='word_1_22' title='bbox 818 315 1141 358; x_wconf 69' lang='lat' dir='ltr'><strong>humanitatem</strong></span> <span class='ocrx_word' id='word_1_23' title='bbox 1156 315 1280 358; x_wconf 87' lang='lat' dir='ltr'><strong>ducis</strong></span> <span class='ocrx_word' id='word_1_24' title='bbox 1292 315 1339 357; x_wconf 90' lang='lat' dir='ltr'><strong>in</strong></span> <span class='ocrx_word' id='word_1_25' title='bbox 1355 315 1550 360; x_wconf 89' lang='lat' dir='ltr'><strong>exercitu</strong></span> <span class='ocrx_word' id='word_1_26' title='bbox 1562 317 1773 360; x_wconf 82' lang='lat' dir='ltr'><strong>aduersus</strong></span> 
     </span>
     <span class='ocr_line' id='line_1_4' title="bbox 315 383 1773 441; baseline 0.003 -16"><span class='ocrx_word' id='word_1_27' title='bbox 315 383 464 427; x_wconf 89' lang='lat' dir='ltr'><strong>hostes</strong></span> <span class='ocrx_word' id='word_1_28' title='bbox 484 398 587 430; x_wconf 87' lang='lat' dir='ltr'><strong>esse.</strong></span> <span class='ocrx_word' id='word_1_29' title='bbox 637 384 762 427; x_wconf 86' lang='lat' dir='ltr'><strong>Idem</strong></span> <span class='ocrx_word' id='word_1_30' title='bbox 778 398 1021 441; x_wconf 82' lang='lat' dir='ltr'><strong>numquam</strong></span> <span class='ocrx_word' id='word_1_31' title='bbox 1041 384 1158 427; x_wconf 86' lang='lat' dir='ltr'><strong>dixit</strong></span> <span class='ocrx_word' id='word_1_32' title='bbox 1177 384 1418 428; x_wconf 74' lang='lat' dir='ltr'><strong>militibus:</strong></span> <span class='ocrx_word' id='word_1_33' title='bbox 1446 385 1516 428; x_wconf 89' lang='lat' dir='ltr'><strong>Ite</strong></span> <span class='ocrx_word' id='word_1_34' title='bbox 1537 386 1646 441; x_wconf 79' lang='lat' dir='ltr'><strong>huc3</strong></span> <span class='ocrx_word' id='word_1_35' title='bbox 1674 386 1773 430; x_wconf 87' lang='lat' dir='ltr'><strong>sed:</strong></span> 
     </span>
     <span class='ocr_line' id='line_1_5' title="bbox 316 452 1774 510; baseline 0.002 -15"><span class='ocrx_word' id='word_1_36' title='bbox 316 452 501 506; x_wconf 84' lang='lat' dir='ltr'><strong>Venite3</strong></span> <span class='ocrx_word' id='word_1_37' title='bbox 542 453 718 496; x_wconf 87' lang='lat' dir='ltr'><strong>dicebat</strong></span> <span class='ocrx_word' id='word_1_38' title='bbox 758 453 875 496; x_wconf 91' lang='lat' dir='ltr'><strong>enim</strong></span> <span class='ocrx_word' id='word_1_39' title='bbox 905 453 1010 510; x_wconf 86' lang='lat' dir='ltr'><strong>quia</strong></span> <span class='ocrx_word' id='word_1_40' title='bbox 1043 454 1337 510; x_wconf 87' lang='lat' dir='ltr'><strong>participatus</strong></span> <span class='ocrx_word' id='word_1_41' title='bbox 1371 469 1472 498; x_wconf 92' lang='lat' dir='ltr'><strong>cum</strong></span> <span class='ocrx_word' id='word_1_42' title='bbox 1507 454 1616 498; x_wconf 88' lang='lat' dir='ltr'><strong>duce</strong></span> <span class='ocrx_word' id='word_1_43' title='bbox 1650 455 1774 498; x_wconf 92' lang='lat' dir='ltr'><strong>labor</strong></span> 
     </span>
     <span class='ocr_line' id='line_1_6' title="bbox 316 522 1812 582; baseline 0.002 -17"><span class='ocrx_word' id='word_1_44' title='bbox 316 522 497 566; x_wconf 91' lang='lat' dir='ltr'><strong>uidetur</strong></span> <span class='ocrx_word' id='word_1_45' title='bbox 542 523 759 566; x_wconf 82' lang='lat' dir='ltr'><strong>militibus</strong></span> <span class='ocrx_word' id='word_1_46' title='bbox 806 522 960 566; x_wconf 91' lang='lat' dir='ltr'><strong>minor.</strong></span> <span class='ocrx_word' id='word_1_47' title='bbox 1040 522 1271 566; x_wconf 88' lang='lat' dir='ltr'><strong>Praeterea</strong></span> <span class='ocrx_word' id='word_1_48' title='bbox 1323 524 1530 581; x_wconf 86' lang='lat' dir='ltr'><strong>uoluptas</strong></span> <span class='ocrx_word' id='word_1_49' title='bbox 1582 525 1775 582; x_wconf 85' lang='lat' dir='ltr'><strong>corporis</strong></span> <span class='ocrx_word' id='word_1_50' title='bbox 1793 544 1812 581; x_wconf 84' lang='lat'>5</span> 
     </span>
     <span class='ocr_line' id='line_1_7' title="bbox 316 592 1865 651; baseline 0.001 -16"><span class='ocrx_word' id='word_1_51' title='bbox 316 592 468 635; x_wconf 89' lang='lat' dir='ltr'><strong>eodem</strong></span> <span class='ocrx_word' id='word_1_52' title='bbox 499 595 677 635; x_wconf 90' lang='lat' dir='ltr'><strong>auctore</strong></span> <span class='ocrx_word' id='word_1_53' title='bbox 709 592 895 635; x_wconf 86' lang='lat' dir='ltr'><strong>uitanda</strong></span> <span class='ocrx_word' id='word_1_54' title='bbox 923 594 991 635; x_wconf 90' lang='lat' dir='ltr'><strong>est</strong></span> <span class='ocrx_word' id='word_1_55' title='bbox 1003 606 1013 645; x_wconf 92' lang='lat'>;</span> <span class='ocrx_word' id='word_1_56' title='bbox 1053 592 1201 635; x_wconf 89' lang='lat' dir='ltr'><strong>aiebat</strong></span> <span class='ocrx_word' id='word_1_57' title='bbox 1230 593 1347 636; x_wconf 88' lang='lat' dir='ltr'><strong>enim</strong></span> <span class='ocrx_word' id='word_1_58' title='bbox 1375 593 1423 635; x_wconf 92' lang='lat' dir='ltr'><strong>in</strong></span> <span class='ocrx_word' id='word_1_59' title='bbox 1451 593 1567 636; x_wconf 92' lang='lat' dir='ltr'><strong>bello</strong></span> <span class='ocrx_word' id='word_1_60' title='bbox 1594 607 1776 651; x_wconf 87' lang='lat' dir='ltr'><strong>corpora</strong></span> <span class='ocrx_word' id='word_1_61' title='bbox 1864 637 1865 641; x_wconf 70' lang='grc'>,</span> 
     </span>
     <span class='ocr_line' id='line_1_8' title="bbox 316 660 1867 718; baseline 0.003 -16"><span class='ocrx_word' id='word_1_62' title='bbox 316 660 547 703; x_wconf 90' lang='lat' dir='ltr'><strong>hominum</strong></span> <span class='ocrx_word' id='word_1_63' title='bbox 561 661 737 718; x_wconf 80' lang='lat' dir='ltr'><strong>gladiis,</strong></span> <span class='ocrx_word' id='word_1_64' title='bbox 754 661 802 703; x_wconf 93' lang='lat' dir='ltr'><strong>in</strong></span> <span class='ocrx_word' id='word_1_65' title='bbox 821 675 927 718; x_wconf 88' lang='lat' dir='ltr'><strong>pace</strong></span> <span class='ocrx_word' id='word_1_66' title='bbox 947 661 1253 718; x_wconf 89' lang='lat' dir='ltr'><strong>uoluptatibus</strong></span> <span class='ocrx_word' id='word_1_67' title='bbox 1273 661 1510 705; x_wconf 86' lang='lat' dir='ltr'><strong>uulnerari.</strong></span> <span class='ocrx_word' id='word_1_68' title='bbox 1570 662 1777 706; x_wconf 80' lang='lat' dir='ltr'><strong>Senserat</strong></span> <span class='ocrx_word' id='word_1_69' title='bbox 1859 667 1867 711; x_wconf 56' lang='grc' dir='ltr'><strong>ῥ’</strong></span> 
     </span>
     <span class='ocr_line' id='line_1_9' title="bbox 319 714 1868 787; baseline 0.002 -16"><span class='ocrx_word' id='word_1_70' title='bbox 319 729 437 772; x_wconf 90' lang='lat' dir='ltr'><strong>enim</strong></span> <span class='ocrx_word' id='word_1_71' title='bbox 476 730 677 787; x_wconf 91' lang='lat' dir='ltr'><strong>gentium</strong></span> <span class='ocrx_word' id='word_1_72' title='bbox 716 730 1015 787; x_wconf 87' lang='lat' dir='ltr'><strong>triumphator</strong></span> <span class='ocrx_word' id='word_1_73' title='bbox 1054 730 1330 787; x_wconf 90' lang='lat' dir='ltr'><strong>uoluptatem</strong></span> <span class='ocrx_word' id='word_1_74' title='bbox 1360 731 1484 774; x_wconf 89' lang='lat' dir='ltr'><strong>nullo</strong></span> <span class='ocrx_word' id='word_1_75' title='bbox 1521 731 1651 774; x_wconf 91' lang='lat' dir='ltr'><strong>modo</strong></span> <span class='ocrx_word' id='word_1_76' title='bbox 1683 733 1777 774; x_wconf 89' lang='lat' dir='ltr'><strong>tam</strong></span> <span class='ocrx_word' id='word_1_77' title='bbox 1861 714 1868 751; x_wconf 58' lang='lat'><strong>¹¹</strong></span> 
     </span>
     <span class='ocr_line' id='line_1_10' title="bbox 319 797 1778 858; baseline 0.002 -18"><span class='ocrx_word' id='word_1_78' title='bbox 319 797 449 841; x_wconf 80' lang='lat' dir='ltr'><strong>facile</strong></span> <span class='ocrx_word' id='word_1_79' title='bbox 488 798 703 856; x_wconf 85' lang='lat' dir='ltr'><strong>superari·</strong></span> <span class='ocrx_word' id='word_1_80' title='bbox 727 813 859 855; x_wconf 93' lang='lat' dir='ltr'><strong>quam</strong></span> <span class='ocrx_word' id='word_1_81' title='bbox 898 798 1019 856; x_wconf 84' lang='lat' dir='ltr'><strong>fuga,</strong></span> <span class='ocrx_word' id='word_1_82' title='bbox 1059 813 1109 842; x_wconf 92' lang='lat' dir='ltr'><strong>eo</strong></span> <span class='ocrx_word' id='word_1_83' title='bbox 1149 799 1267 856; x_wconf 91' lang='lat' dir='ltr'><strong>quod</strong></span> <span class='ocrx_word' id='word_1_84' title='bbox 1311 799 1468 856; x_wconf 89' lang='lat' dir='ltr'><strong>ipsum,</strong></span> <span class='ocrx_word' id='word_1_85' title='bbox 1506 800 1582 856; x_wconf 90' lang='lat' dir='ltr'><strong>qui</strong></span> <span class='ocrx_word' id='word_1_86' title='bbox 1625 803 1778 858; x_wconf 83' lang='lat' dir='ltr'><strong>gentes</strong></span> 
     </span>
     <span class='ocr_line' id='line_1_11' title="bbox 320 867 1838 926; baseline 0 -16"><span class='ocrx_word' id='word_1_87' title='bbox 320 867 562 919; x_wconf 87' lang='lat' dir='ltr'><strong>domuerat,</strong></span> <span class='ocrx_word' id='word_1_88' title='bbox 583 868 767 911; x_wconf 89' lang='lat' dir='ltr'><strong>Veneris</strong></span> <span class='ocrx_word' id='word_1_89' title='bbox 787 868 975 911; x_wconf 82' lang='lat' dir='ltr'><strong>nexibus</strong></span> <span class='ocrx_word' id='word_1_90' title='bbox 995 869 1229 921; x_wconf 81' lang='lat' dir='ltr'><strong>innodauit</strong></span> <span class='ocrx_word' id='word_1_91' title='bbox 1248 868 1408 912; x_wconf 90' lang='lat' dir='ltr'><strong>mulier</strong></span> <span class='ocrx_word' id='word_1_92' title='bbox 1425 868 1658 926; x_wconf 79' lang='lat' dir='ltr'><strong>impudica.</strong></span> <span class='ocrx_word' id='word_1_93' title='bbox 1797 885 1838 910; x_wconf 85' lang='lat'><strong>10</strong></span> 
     </span>
    </p>
   </div>
   <div class='ocr_carea' id='block_1_3' title="bbox 1857 922 1878 1786">
    <p class='ocr_par' dir='ltr' id='par_1_3' title="bbox 1857 922 1878 1786">
     <span class='ocr_line' id='line_1_12' title="bbox 1857 922 1878 1786; baseline 0 0"><span class='ocrx_word' id='word_1_94' title='bbox 1857 922 1878 1786; x_wconf 95' lang='lat' dir='ltr'><strong>  </strong></span> 
     </span>
    </p>
   </div>
   <div class='ocr_carea' id='block_1_4' title="bbox 189 996 1878 2578">
    <p class='ocr_par' dir='ltr' id='par_1_4' title="bbox 324 996 1872 1112">
     <span class='ocr_line' id='line_1_13' title="bbox 324 996 1780 1055; baseline 0 -14"><span class='ocrx_word' id='word_1_95' title='bbox 324 996 431 1054; x_wconf 88' lang='lat' dir='ltr'><strong>Cap.</strong></span> <span class='ocrx_word' id='word_1_96' title='bbox 453 1010 493 1050; x_wconf 91' lang='lat'><strong>4.</strong></span> <span class='ocrx_word' id='word_1_97' title='bbox 542 996 669 1051; x_wconf 77' lang='lat' dir='ltr'><em>Quod</em></span> <span class='ocrx_word' id='word_1_98' title='bbox 694 996 887 1041; x_wconf 71' lang='lat' dir='ltr'><strong>diuinae</strong></span> <span class='ocrx_word' id='word_1_99' title='bbox 916 997 1022 1053; x_wconf 78' lang='lat' dir='ltr'><strong>Ze9i8</strong></span> <span class='ocrx_word' id='word_1_100' title='bbox 1046 997 1312 1041; x_wconf 69' lang='lat' dir='ltr'><strong>auctoritate</strong></span> <span class='ocrx_word' id='word_1_101' title='bbox 1335 1001 1502 1042; x_wconf 76' lang='lat' dir='ltr'><strong>constat</strong></span> <span class='ocrx_word' id='word_1_102' title='bbox 1518 997 1780 1055; x_wconf 74' lang='lat' dir='ltr'><strong>principem</strong></span> 
     </span>
     <span class='ocr_line' id='line_1_14' title="bbox 717 1055 1396 1112; baseline 0.001 -14"><span class='ocrx_word' id='word_1_103' title='bbox 717 1055 802 1112; x_wconf 70' lang='lat' dir='ltr'><strong>leyi</strong></span> <span class='ocrx_word' id='word_1_104' title='bbox 820 1055 1024 1099; x_wconf 70' lang='lat' dir='ltr'><strong>iustitiae</strong></span> <span class='ocrx_word' id='word_1_105' title='bbox 1042 1070 1123 1099; x_wconf 78' lang='lat' dir='ltr'><strong>esse</strong></span> <span class='ocrx_word' id='word_1_106' title='bbox 1141 1055 1396 1100; x_wconf 75' lang='lat' dir='ltr'><strong>subiectum.</strong></span> 
     </span>
    </p>

    <p class='ocr_par' dir='ltr' id='par_1_5' title="bbox 278 1135 1878 2023">
     <span class='ocr_line' id='line_1_15' title="bbox 278 1135 1783 1193; baseline 0 -14"><span class='ocrx_word' id='word_1_107' title='bbox 278 1138 307 1179; x_wconf 87' lang='lat' dir='ltr'><strong>d</strong></span> <span class='ocrx_word' id='word_1_108' title='bbox 381 1135 470 1179; x_wconf 84' lang='lat' dir='ltr'><strong>Sed</strong></span> <span class='ocrx_word' id='word_1_109' title='bbox 497 1135 604 1193; x_wconf 91' lang='lat' dir='ltr'><strong>quid</strong></span> <span class='ocrx_word' id='word_1_110' title='bbox 626 1135 684 1178; x_wconf 90' lang='lat' dir='ltr'><strong>ad</strong></span> <span class='ocrx_word' id='word_1_111' title='bbox 710 1136 983 1179; x_wconf 89' lang='lat' dir='ltr'><strong>emendicata</strong></span> <span class='ocrx_word' id='word_1_112' title='bbox 1006 1136 1205 1193; x_wconf 87' lang='lat' dir='ltr'><strong>gentium</strong></span> <span class='ocrx_word' id='word_1_113' title='bbox 1231 1136 1432 1193; x_wconf 82' lang='lat' dir='ltr'><strong>exempla</strong></span> <span class='ocrx_word' id='word_1_114' title='bbox 1457 1136 1650 1187; x_wconf 82' lang='lat' dir='ltr'><strong>decurro,</strong></span> <span class='ocrx_word' id='word_1_115' title='bbox 1670 1149 1783 1193; x_wconf 79' lang='lat' dir='ltr'><strong>quae</strong></span> 
     </span>
     <span class='ocr_line' id='line_1_16' title="bbox 323 1204 1782 1263; baseline 0.001 -16"><span class='ocrx_word' id='word_1_116' title='bbox 323 1207 473 1247; x_wconf 91' lang='lat' dir='ltr'><strong>tamen</strong></span> <span class='ocrx_word' id='word_1_117' title='bbox 493 1205 685 1262; x_wconf 90' lang='lat' dir='ltr'><strong>plurima</strong></span> <span class='ocrx_word' id='word_1_118' title='bbox 705 1207 821 1256; x_wconf 89' lang='lat' dir='ltr'><strong>sunt,</strong></span> <span class='ocrx_word' id='word_1_119' title='bbox 840 1220 940 1248; x_wconf 91' lang='lat' dir='ltr'><strong>cum</strong></span> <span class='ocrx_word' id='word_1_120' title='bbox 961 1205 1123 1248; x_wconf 89' lang='lat' dir='ltr'><strong>rectius</strong></span> <span class='ocrx_word' id='word_1_121' title='bbox 1144 1205 1328 1262; x_wconf 91' lang='lat' dir='ltr'><strong>quisque</strong></span> <span class='ocrx_word' id='word_1_122' title='bbox 1346 1205 1486 1263; x_wconf 88' lang='lat' dir='ltr'><strong>possit</strong></span> <span class='ocrx_word' id='word_1_123' title='bbox 1504 1205 1561 1248; x_wconf 87' lang='lat' dir='ltr'><strong>ad</strong></span> <span class='ocrx_word' id='word_1_124' title='bbox 1581 1204 1782 1249; x_wconf 86' lang='lat' dir='ltr'><strong>facienda</strong></span> 
     </span>
     <span class='ocr_line' id='line_1_17' title="bbox 323 1274 1868 1332; baseline -0.001 -16"><span class='ocrx_word' id='word_1_125' title='bbox 323 1274 494 1332; x_wconf 89' lang='lat' dir='ltr'><strong>legibus</strong></span> <span class='ocrx_word' id='word_1_126' title='bbox 529 1290 663 1332; x_wconf 91' lang='lat' dir='ltr'><strong>quam</strong></span> <span class='ocrx_word' id='word_1_127' title='bbox 694 1275 906 1332; x_wconf 87' lang='lat' dir='ltr'><strong>exemplis</strong></span> <span class='ocrx_word' id='word_1_128' title='bbox 940 1274 1088 1332; x_wconf 90' lang='lat' dir='ltr'><strong>urgeri</strong></span> <span class='ocrx_word' id='word_1_129' title='bbox 1108 1277 1123 1317; x_wconf 73' lang='lat'><em>2</em></span> <span class='ocrx_word' id='word_1_130' title='bbox 1181 1274 1244 1317; x_wconf 90' lang='lat' dir='ltr'><strong>At</strong></span> <span class='ocrx_word' id='word_1_131' title='bbox 1278 1289 1334 1318; x_wconf 91' lang='lat' dir='ltr'><strong>ne</strong></span> <span class='ocrx_word' id='word_1_132' title='bbox 1364 1275 1510 1332; x_wconf 91' lang='lat' dir='ltr'><strong>ipsum</strong></span> <span class='ocrx_word' id='word_1_133' title='bbox 1538 1275 1781 1332; x_wconf 88' lang='lat' dir='ltr'><strong>principem</strong></span> <span class='ocrx_word' id='word_1_134' title='bbox 1800 1290 1868 1325; x_wconf 84' lang='lat'><strong>15</strong></span> 
     </span>
     <span class='ocr_line' id='line_1_18' title="bbox 322 1342 1871 1402; baseline 0 -16"><span class='ocrx_word' id='word_1_135' title='bbox 322 1358 635 1401; x_wconf 85' lang='lat' dir='ltr'><strong>usquequaque</strong></span> <span class='ocrx_word' id='word_1_136' title='bbox 669 1344 864 1387; x_wconf 90' lang='lat' dir='ltr'><strong>solutum</strong></span> <span class='ocrx_word' id='word_1_137' title='bbox 897 1344 1069 1402; x_wconf 87' lang='lat' dir='ltr'><strong>legibus</strong></span> <span class='ocrx_word' id='word_1_138' title='bbox 1102 1344 1307 1400; x_wconf 87' lang='lat' dir='ltr'><strong>opineris,</strong></span> <span class='ocrx_word' id='word_1_139' title='bbox 1338 1343 1444 1387; x_wconf 90' lang='lat' dir='ltr'><strong>audi</strong></span> <span class='ocrx_word' id='word_1_140' title='bbox 1475 1358 1607 1400; x_wconf 89' lang='lat' dir='ltr'><strong>quam</strong></span> <span class='ocrx_word' id='word_1_141' title='bbox 1641 1343 1783 1401; x_wconf 87' lang='lat' dir='ltr'><strong>legem</strong></span> <span class='ocrx_word' id='word_1_142' title='bbox 1837 1342 1871 1371; x_wconf 66' lang='grc'><strong>-”*’</strong></span> 
     </span>
     <span class='ocr_line' id='line_1_19' title="bbox 323 1402 1868 1471; baseline 0.001 -17"><span class='ocrx_word' id='word_1_143' title='bbox 323 1413 524 1469; x_wconf 89' lang='lat' dir='ltr'><strong>imponat</strong></span> <span class='ocrx_word' id='word_1_144' title='bbox 566 1413 839 1471; x_wconf 88' lang='lat' dir='ltr'><strong>principibus</strong></span> <span class='ocrx_word' id='word_1_145' title='bbox 878 1413 975 1455; x_wconf 87' lang='lat' dir='ltr'><strong>Rex</strong></span> <span class='ocrx_word' id='word_1_146' title='bbox 1014 1427 1201 1470; x_wconf 85' lang='lat' dir='ltr'><strong>magnus</strong></span> <span class='ocrx_word' id='word_1_147' title='bbox 1240 1427 1372 1470; x_wconf 90' lang='lat' dir='ltr'><strong>super</strong></span> <span class='ocrx_word' id='word_1_148' title='bbox 1409 1427 1583 1456; x_wconf 87' lang='lat' dir='ltr'><strong>omnem</strong></span> <span class='ocrx_word' id='word_1_149' title='bbox 1616 1414 1782 1456; x_wconf 88' lang='lat' dir='ltr'><strong>terram</strong></span> <span class='ocrx_word' id='word_1_150' title='bbox 1866 1402 1868 1406; x_wconf 42' lang='lat'><em>⁷</em></span> 
     </span>
     <span class='ocr_line' id='line_1_20' title="bbox 323 1481 1783 1539; baseline 0.001 -15"><span class='ocrx_word' id='word_1_151' title='bbox 323 1482 536 1524; x_wconf 88' lang='lat' dir='ltr'><strong>terribilis</strong></span> <span class='ocrx_word' id='word_1_152' title='bbox 567 1484 612 1524; x_wconf 91' lang='lat' dir='ltr'><strong>et</strong></span> <span class='ocrx_word' id='word_1_153' title='bbox 641 1482 718 1538; x_wconf 91' lang='lat' dir='ltr'><strong>qui</strong></span> <span class='ocrx_word' id='word_1_154' title='bbox 745 1481 894 1524; x_wconf 82' lang='lat' dir='ltr'><strong>aufert</strong></span> <span class='ocrx_word' id='word_1_155' title='bbox 923 1481 1129 1539; x_wconf 91' lang='lat' dir='ltr'><strong>spiritum</strong></span> <span class='ocrx_word' id='word_1_156' title='bbox 1156 1481 1427 1538; x_wconf 83' lang='lat' dir='ltr'><strong>principum:</strong></span> <span class='ocrx_word' id='word_1_157' title='bbox 1477 1481 1602 1533; x_wconf 88' lang='lat' dir='ltr'><strong>Cum,</strong></span> <span class='ocrx_word' id='word_1_158' title='bbox 1625 1482 1783 1539; x_wconf 85' lang='lat' dir='ltr'><strong>inquit,</strong></span> 
     </span>
     <span class='ocr_line' id='line_1_21' title="bbox 324 1550 1784 1608; baseline 0 -15"><span class='ocrx_word' id='word_1_159' title='bbox 324 1551 548 1608; x_wconf 88' lang='lat' dir='ltr'><strong>ingressus</strong></span> <span class='ocrx_word' id='word_1_160' title='bbox 582 1550 720 1593; x_wconf 81' lang='lat' dir='ltr'><strong>fueris</strong></span> <span class='ocrx_word' id='word_1_161' title='bbox 753 1552 930 1601; x_wconf 88' lang='lat' dir='ltr'><strong>terram,</strong></span> <span class='ocrx_word' id='word_1_162' title='bbox 966 1565 1098 1607; x_wconf 88' lang='lat' dir='ltr'><strong>quam</strong></span> <span class='ocrx_word' id='word_1_163' title='bbox 1130 1550 1346 1593; x_wconf 86' lang='lat' dir='ltr'><strong>Dominus</strong></span> <span class='ocrx_word' id='word_1_164' title='bbox 1376 1550 1498 1594; x_wconf 90' lang='lat' dir='ltr'><strong>Deus</strong></span> <span class='ocrx_word' id='word_1_165' title='bbox 1529 1551 1654 1594; x_wconf 91' lang='lat' dir='ltr'><strong>dabit</strong></span> <span class='ocrx_word' id='word_1_166' title='bbox 1687 1551 1784 1602; x_wconf 91' lang='lat' dir='ltr'><strong>tibi,</strong></span> 
     </span>
     <span class='ocr_line' id='line_1_22' title="bbox 325 1619 1846 1676; baseline -0.001 -14"><span class='ocrx_word' id='word_1_167' title='bbox 325 1622 370 1662; x_wconf 92' lang='lat' dir='ltr'><strong>et</strong></span> <span class='ocrx_word' id='word_1_168' title='bbox 391 1620 634 1676; x_wconf 88' lang='lat' dir='ltr'><strong>possederis</strong></span> <span class='ocrx_word' id='word_1_169' title='bbox 654 1635 761 1670; x_wconf 88' lang='lat' dir='ltr'><strong>eam,</strong></span> <span class='ocrx_word' id='word_1_170' title='bbox 774 1620 1132 1676; x_wconf 88' lang='lat' dir='ltr'><strong>habitauerisque</strong></span> <span class='ocrx_word' id='word_1_171' title='bbox 1152 1620 1200 1662; x_wconf 91' lang='lat' dir='ltr'><strong>in</strong></span> <span class='ocrx_word' id='word_1_172' title='bbox 1220 1619 1308 1671; x_wconf 90' lang='lat' dir='ltr'><strong>illa,</strong></span> <span class='ocrx_word' id='word_1_173' title='bbox 1329 1622 1374 1663; x_wconf 91' lang='lat' dir='ltr'><strong>et</strong></span> <span class='ocrx_word' id='word_1_174' title='bbox 1393 1619 1580 1663; x_wconf 83' lang='lat' dir='ltr'><strong>dixeris:</strong></span> <span class='ocrx_word' id='word_1_175' title='bbox 1608 1619 1782 1664; x_wconf 89' lang='lat' dir='ltr'><strong>Consti·</strong></span> <span class='ocrx_word' id='word_1_176' title='bbox 1803 1637 1846 1661; x_wconf 85' lang='lat'><strong>20</strong></span> 
     </span>
     <span class='ocr_line' id='line_1_23' title="bbox 324 1689 1784 1747; baseline 0 -15"><span class='ocrx_word' id='word_1_177' title='bbox 324 1692 450 1732; x_wconf 87' lang='lat' dir='ltr'><strong>tuam</strong></span> <span class='ocrx_word' id='word_1_178' title='bbox 485 1703 618 1745; x_wconf 86' lang='lat' dir='ltr'><strong>super</strong></span> <span class='ocrx_word' id='word_1_179' title='bbox 647 1703 717 1731; x_wconf 91' lang='lat' dir='ltr'><strong>me</strong></span> <span class='ocrx_word' id='word_1_180' title='bbox 748 1704 895 1745; x_wconf 90' lang='lat' dir='ltr'><strong>regem</strong></span> <span class='ocrx_word' id='word_1_181' title='bbox 925 1689 1040 1732; x_wconf 91' lang='lat' dir='ltr'><strong>sicut</strong></span> <span class='ocrx_word' id='word_1_182' title='bbox 1070 1689 1236 1731; x_wconf 89' lang='lat' dir='ltr'><strong>habent</strong></span> <span class='ocrx_word' id='word_1_183' title='bbox 1264 1703 1414 1732; x_wconf 89' lang='lat' dir='ltr'><strong>omnes</strong></span> <span class='ocrx_word' id='word_1_184' title='bbox 1443 1704 1523 1747; x_wconf 89' lang='lat' dir='ltr'><strong>per</strong></span> <span class='ocrx_word' id='word_1_185' title='bbox 1551 1689 1784 1733; x_wconf 88' lang='lat' dir='ltr'><strong>circuitum</strong></span> 
     </span>
     <span class='ocr_line' id='line_1_24' title="bbox 324 1758 1868 1815; baseline 0.001 -15"><span class='ocrx_word' id='word_1_186' title='bbox 324 1758 550 1811; x_wconf 89' lang='lat' dir='ltr'><strong>nationes;</strong></span> <span class='ocrx_word' id='word_1_187' title='bbox 579 1773 680 1801; x_wconf 91' lang='lat' dir='ltr'><strong>eum</strong></span> <span class='ocrx_word' id='word_1_188' title='bbox 695 1759 946 1809; x_wconf 83' lang='lat' dir='ltr'><strong>constitues,</strong></span> <span class='ocrx_word' id='word_1_189' title='bbox 962 1773 1092 1815; x_wconf 91' lang='lat' dir='ltr'><strong>quem</strong></span> <span class='ocrx_word' id='word_1_190' title='bbox 1112 1758 1329 1801; x_wconf 91' lang='lat' dir='ltr'><strong>Dominus</strong></span> <span class='ocrx_word' id='word_1_191' title='bbox 1345 1758 1465 1802; x_wconf 88' lang='lat' dir='ltr'><strong>Deus</strong></span> <span class='ocrx_word' id='word_1_192' title='bbox 1485 1761 1590 1802; x_wconf 91' lang='lat' dir='ltr'><strong>tuus</strong></span> <span class='ocrx_word' id='word_1_193' title='bbox 1605 1758 1786 1815; x_wconf 85' lang='lat' dir='ltr'><strong>elegerit</strong></span> <span class='ocrx_word' id='word_1_194' title='bbox 1866 1791 1868 1797; x_wconf 32' lang='lat' dir='ltr'><strong>r</strong></span> 
     </span>
     <span class='ocr_line' id='line_1_25' title="bbox 326 1809 1878 1885; baseline 0 -15"><span class='ocrx_word' id='word_1_195' title='bbox 326 1827 381 1870; x_wconf 91' lang='lat' dir='ltr'><strong>de</strong></span> <span class='ocrx_word' id='word_1_196' title='bbox 411 1841 594 1870; x_wconf 90' lang='lat' dir='ltr'><strong>numero</strong></span> <span class='ocrx_word' id='word_1_197' title='bbox 625 1826 816 1870; x_wconf 85' lang='lat' dir='ltr'><strong>fratrum</strong></span> <span class='ocrx_word' id='word_1_198' title='bbox 846 1829 1037 1870; x_wconf 90' lang='lat' dir='ltr'><strong>tuorum.</strong></span> <span class='ocrx_word' id='word_1_199' title='bbox 1097 1827 1200 1870; x_wconf 90' lang='lat' dir='ltr'><strong>Non</strong></span> <span class='ocrx_word' id='word_1_200' title='bbox 1229 1827 1394 1884; x_wconf 91' lang='lat' dir='ltr'><strong>poteris</strong></span> <span class='ocrx_word' id='word_1_201' title='bbox 1423 1827 1607 1870; x_wconf 86' lang='lat' dir='ltr'><strong>alterius</strong></span> <span class='ocrx_word' id='word_1_202' title='bbox 1640 1827 1786 1885; x_wconf 89' lang='lat' dir='ltr'><strong>gentis</strong></span> <span class='ocrx_word' id='word_1_203' title='bbox 1866 1809 1878 1877; x_wconf 54' lang='grc' dir='ltr'>Ξ</span> 
     </span>
     <span class='ocr_line' id='line_1_26' title="bbox 327 1883 1878 1957; baseline 0 -17"><span class='ocrx_word' id='word_1_204' title='bbox 327 1897 549 1940; x_wconf 89' lang='lat' dir='ltr'><strong>hominem</strong></span> <span class='ocrx_word' id='word_1_205' title='bbox 580 1911 727 1954; x_wconf 88' lang='lat' dir='ltr'><strong>regem</strong></span> <span class='ocrx_word' id='word_1_206' title='bbox 757 1896 912 1947; x_wconf 83' lang='lat' dir='ltr'><strong>facere,</strong></span> <span class='ocrx_word' id='word_1_207' title='bbox 933 1897 1009 1953; x_wconf 92' lang='lat' dir='ltr'><strong>qui</strong></span> <span class='ocrx_word' id='word_1_208' title='bbox 1039 1911 1128 1939; x_wconf 92' lang='lat' dir='ltr'><strong>non</strong></span> <span class='ocrx_word' id='word_1_209' title='bbox 1158 1897 1217 1939; x_wconf 86' lang='lat' dir='ltr'><strong>sit</strong></span> <span class='ocrx_word' id='word_1_210' title='bbox 1247 1896 1387 1940; x_wconf 81' lang='lat' dir='ltr'><strong>frater</strong></span> <span class='ocrx_word' id='word_1_211' title='bbox 1409 1899 1526 1941; x_wconf 90' lang='lat' dir='ltr'><strong>tuus.</strong></span> <span class='ocrx_word' id='word_1_212' title='bbox 1585 1895 1786 1953; x_wconf 84' lang='lat' dir='ltr'><strong>Cumque</strong></span> <span class='ocrx_word' id='word_1_213' title='bbox 1866 1883 1878 1957; x_wconf 60' lang='lat' dir='ltr'><strong>Y}</strong></span> 
     </span>
     <span class='ocr_line' id='line_1_27' title="bbox 329 1965 1878 2023; baseline -0.001 -15"><span class='ocrx_word' id='word_1_214' title='bbox 329 1965 467 2009; x_wconf 77' lang='lat' dir='ltr'><strong>fuerit</strong></span> <span class='ocrx_word' id='word_1_215' title='bbox 491 1966 770 2017; x_wconf 87' lang='lat' dir='ltr'><strong>constitutus,</strong></span> <span class='ocrx_word' id='word_1_216' title='bbox 790 1980 877 2008; x_wconf 92' lang='lat' dir='ltr'><strong>non</strong></span> <span class='ocrx_word' id='word_1_217' title='bbox 899 1966 1212 2023; x_wconf 84' lang='lat' dir='ltr'><strong>multiplicabit</strong></span> <span class='ocrx_word' id='word_1_218' title='bbox 1231 1966 1315 2008; x_wconf 84' lang='lat' dir='ltr'><strong>sibi</strong></span> <span class='ocrx_word' id='word_1_219' title='bbox 1340 1980 1485 2023; x_wconf 87' lang='lat' dir='ltr'><strong>equos,</strong></span> <span class='ocrx_word' id='word_1_220' title='bbox 1508 1980 1588 2009; x_wconf 88' lang='lat' dir='ltr'><strong>nec</strong></span> <span class='ocrx_word' id='word_1_221' title='bbox 1607 1965 1786 2009; x_wconf 86' lang='lat' dir='ltr'><strong>reducet</strong></span> <span class='ocrx_word' id='word_1_222' title='bbox 1804 1983 1844 2018; x_wconf 85' lang='lat'><strong>25</strong></span> <span class='ocrx_word' id='word_1_223' title='bbox 1865 1977 1878 2021; x_wconf 71' lang='grc'><strong>,1</strong></span> 
     </span>
    </p>

    <p class='ocr_par' dir='ltr' id='par_1_6' title="bbox 189 2021 1878 2578">
     <span class='ocr_line' id='line_1_28' title="bbox 189 2021 1878 2134; baseline -0.001 -56"><span class='ocrx_word' id='word_1_224' title='bbox 189 2049 263 2089; x_wconf 85' lang='grc'><strong>519</strong></span> <span class='ocrx_word' id='word_1_225' title='bbox 284 2048 313 2078; x_wconf 85' lang='lat' dir='ltr'><strong>a</strong></span> <span class='ocrx_word' id='word_1_226' title='bbox 329 2035 542 2092; x_wconf 92' lang='lat' dir='ltr'><strong>populum</strong></span> <span class='ocrx_word' id='word_1_227' title='bbox 571 2035 619 2077; x_wconf 91' lang='lat' dir='ltr'><strong>in</strong></span> <span class='ocrx_word' id='word_1_228' title='bbox 647 2035 870 2092; x_wconf 88' lang='lat' dir='ltr'><strong>Egiptum,</strong></span> <span class='ocrx_word' id='word_1_229' title='bbox 898 2035 1122 2092; x_wconf 88' lang='lat' dir='ltr'><strong>equitatus</strong></span> <span class='ocrx_word' id='word_1_230' title='bbox 1152 2050 1334 2078; x_wconf 91' lang='lat' dir='ltr'><strong>numero</strong></span> <span class='ocrx_word' id='word_1_231' title='bbox 1364 2035 1632 2087; x_wconf 89' lang='lat' dir='ltr'><strong>sulleuatus;</strong></span> <span class='ocrx_word' id='word_1_232' title='bbox 1661 2048 1785 2092; x_wconf 89' lang='lat' dir='ltr'><strong>prae-</strong></span> <span class='ocrx_word' id='word_1_233' title='bbox 1864 2021 1878 2134; x_wconf 59' lang='grc' dir='ltr'>Ξ</span> 
     </span>
     <span class='ocr_line' id='line_1_29' title="bbox 330 2104 1878 2176; baseline -0.001 -29"><span class='ocrx_word' id='word_1_234' title='bbox 330 2105 483 2147; x_wconf 89' lang='lat' dir='ltr'><strong>sertim</strong></span> <span class='ocrx_word' id='word_1_235' title='bbox 523 2119 623 2147; x_wconf 91' lang='lat' dir='ltr'><strong>cum</strong></span> <span class='ocrx_word' id='word_1_236' title='bbox 668 2105 883 2147; x_wconf 87' lang='lat' dir='ltr'><strong>Dominus</strong></span> <span class='ocrx_word' id='word_1_237' title='bbox 932 2105 1203 2162; x_wconf 88' lang='lat' dir='ltr'><strong>praeceperit</strong></span> <span class='ocrx_word' id='word_1_238' title='bbox 1245 2104 1372 2148; x_wconf 89' lang='lat' dir='ltr'><strong>uobis</strong></span> <span class='ocrx_word' id='word_1_239' title='bbox 1415 2106 1469 2147; x_wconf 91' lang='lat' dir='ltr'><strong>ut</strong></span> <span class='ocrx_word' id='word_1_240' title='bbox 1510 2118 1788 2160; x_wconf 88' lang='lat' dir='ltr'><strong>nequaquam</strong></span> <span class='ocrx_word' id='word_1_241' title='bbox 1870 2134 1878 2176; x_wconf 51' lang='lat'><strong>3-</strong></span> 
     </span>
     <span class='ocr_line' id='line_1_30' title="bbox 329 2171 1878 2231; baseline -0.001 -15"><span class='ocrx_word' id='word_1_242' title='bbox 329 2174 520 2231; x_wconf 86' lang='lat' dir='ltr'><strong>amplius</strong></span> <span class='ocrx_word' id='word_1_243' title='bbox 561 2189 640 2231; x_wconf 91' lang='lat' dir='ltr'><strong>per</strong></span> <span class='ocrx_word' id='word_1_244' title='bbox 688 2174 871 2217; x_wconf 90' lang='lat' dir='ltr'><strong>eandem</strong></span> <span class='ocrx_word' id='word_1_245' title='bbox 915 2174 1036 2216; x_wconf 84' lang='lat' dir='ltr'><strong>uiam</strong></span> <span class='ocrx_word' id='word_1_246' title='bbox 1083 2173 1381 2217; x_wconf 86' lang='lat' dir='ltr'><strong>reuertamini.</strong></span> <span class='ocrx_word' id='word_1_247' title='bbox 1458 2172 1563 2215; x_wconf 92' lang='lat' dir='ltr'><strong>Non</strong></span> <span class='ocrx_word' id='word_1_248' title='bbox 1608 2171 1790 2215; x_wconf 85' lang='lat' dir='ltr'><strong>habebit</strong></span> <span class='ocrx_word' id='word_1_249' title='bbox 1867 2180 1878 2228; x_wconf 70' lang='lat'><strong>‘4</strong></span> 
     </span>
     <span class='ocr_line' id='line_1_31' title="bbox 332 2241 1786 2300; baseline 0.002 -16"><span class='ocrx_word' id='word_1_250' title='bbox 332 2257 493 2286; x_wconf 84' lang='lat' dir='ltr'><strong>uxores</strong></span> <span class='ocrx_word' id='word_1_251' title='bbox 513 2243 726 2299; x_wconf 86' lang='lat' dir='ltr'><strong>plurimas</strong></span> <span class='ocrx_word' id='word_1_252' title='bbox 746 2242 858 2300; x_wconf 86' lang='lat' dir='ltr'><strong>quae</strong></span> <span class='ocrx_word' id='word_1_253' title='bbox 878 2243 1071 2286; x_wconf 86' lang='lat' dir='ltr'><strong>afficiant</strong></span> <span class='ocrx_word' id='word_1_254' title='bbox 1098 2243 1290 2284; x_wconf 88' lang='lat' dir='ltr'><strong>animam</strong></span> <span class='ocrx_word' id='word_1_255' title='bbox 1321 2242 1425 2292; x_wconf 88' lang='lat' dir='ltr'><strong>eius,</strong></span> <span class='ocrx_word' id='word_1_256' title='bbox 1445 2256 1587 2299; x_wconf 89' lang='lat' dir='ltr'><strong>neque</strong></span> <span class='ocrx_word' id='word_1_257' title='bbox 1613 2241 1786 2299; x_wconf 89' lang='lat' dir='ltr'><strong>argenti</strong></span> 
     </span>
     <span class='ocr_line' id='line_1_32' title="bbox 331 2301 1878 2370; baseline -0.001 -16"><span class='ocrx_word' id='word_1_258' title='bbox 331 2315 376 2354; x_wconf 88' lang='lat' dir='ltr'><strong>et</strong></span> <span class='ocrx_word' id='word_1_259' title='bbox 415 2312 513 2368; x_wconf 86' lang='lat' dir='ltr'><strong>auri</strong></span> <span class='ocrx_word' id='word_1_260' title='bbox 553 2312 766 2354; x_wconf 88' lang='lat' dir='ltr'><strong>immensa</strong></span> <span class='ocrx_word' id='word_1_261' title='bbox 804 2312 1010 2368; x_wconf 90' lang='lat' dir='ltr'><strong>pondera.</strong></span> <span class='ocrx_word' id='word_1_262' title='bbox 1079 2311 1316 2368; x_wconf 87' lang='lat' dir='ltr'><strong>Postquam</strong></span> <span class='ocrx_word' id='word_1_263' title='bbox 1355 2312 1504 2353; x_wconf 89' lang='lat' dir='ltr'><strong>autem</strong></span> <span class='ocrx_word' id='word_1_264' title='bbox 1543 2310 1705 2354; x_wconf 89' lang='lat' dir='ltr'><strong>sederit</strong></span> <span class='ocrx_word' id='word_1_265' title='bbox 1738 2310 1787 2352; x_wconf 90' lang='lat' dir='ltr'><strong>in</strong></span> <span class='ocrx_word' id='word_1_266' title='bbox 1803 2326 1852 2370; x_wconf 16' lang='lat'><strong>30*</strong></span> <span class='ocrx_word' id='word_1_267' title='bbox 1865 2301 1878 2356; x_wconf 54' lang='grc' dir='ltr'><strong>’,ἶ</strong></span> 
     </span>
     <span class='ocr_line' id='line_1_33' title="bbox 332 2376 1878 2438; baseline -0.002 -14"><span class='ocrx_word' id='word_1_268' title='bbox 332 2381 440 2424; x_wconf 91' lang='lat' dir='ltr'><strong>solio</strong></span> <span class='ocrx_word' id='word_1_269' title='bbox 470 2381 595 2438; x_wconf 90' lang='lat' dir='ltr'><strong>regni</strong></span> <span class='ocrx_word' id='word_1_270' title='bbox 625 2381 705 2432; x_wconf 88' lang='lat' dir='ltr'><strong>sui,</strong></span> <span class='ocrx_word' id='word_1_271' title='bbox 735 2381 950 2423; x_wconf 87' lang='lat' dir='ltr'><strong>describet</strong></span> <span class='ocrx_word' id='word_1_272' title='bbox 979 2380 1063 2423; x_wconf 85' lang='lat' dir='ltr'><strong>sibi</strong></span> <span class='ocrx_word' id='word_1_273' title='bbox 1098 2379 1488 2423; x_wconf 90' lang='lat' dir='ltr'><strong>Deuteronomium</strong></span> <span class='ocrx_word' id='word_1_274' title='bbox 1517 2379 1626 2436; x_wconf 86' lang='lat' dir='ltr'><strong>legis</strong></span> <span class='ocrx_word' id='word_1_275' title='bbox 1655 2379 1787 2421; x_wconf 86' lang='lat' dir='ltr'><strong>huius</strong></span> <span class='ocrx_word' id='word_1_276' title='bbox 1871 2376 1878 2438; x_wconf 61' lang='grc' dir='ltr'><strong>’ᾗ</strong></span> 
     </span>
     <span class='ocr_line' id='line_1_34' title="bbox 332 2442 1878 2506; baseline -0.001 -14"><span class='ocrx_word' id='word_1_277' title='bbox 332 2450 380 2492; x_wconf 86' lang='grc'><strong>111</strong></span> <span class='ocrx_word' id='word_1_278' title='bbox 409 2450 645 2500; x_wconf 92' lang='lat' dir='ltr'><strong>uolumine,</strong></span> <span class='ocrx_word' id='word_1_279' title='bbox 675 2450 890 2506; x_wconf 90' lang='lat' dir='ltr'><strong>accipiens</strong></span> <span class='ocrx_word' id='word_1_280' title='bbox 920 2449 1145 2506; x_wconf 87' lang='lat' dir='ltr'><strong>exemplar</strong></span> <span class='ocrx_word' id='word_1_281' title='bbox 1178 2463 1206 2491; x_wconf 92' lang='lat' dir='ltr'><strong>a</strong></span> <span class='ocrx_word' id='word_1_282' title='bbox 1234 2446 1531 2491; x_wconf 86' lang='lat' dir='ltr'><strong>sacerdotibus</strong></span> <span class='ocrx_word' id='word_1_283' title='bbox 1566 2442 1788 2491; x_wconf 84' lang='lat' dir='ltr'><strong>Leuiticae</strong></span> <span class='ocrx_word' id='word_1_284' title='bbox 1876 2449 1878 2452; x_wconf 79' lang='grc'><strong>’</strong></span> 
     </span>
     <span class='ocr_line' id='line_1_35' title="bbox 332 2516 1878 2578; baseline -0.001 -18"><span class='ocrx_word' id='word_1_285' title='bbox 332 2519 488 2569; x_wconf 74' lang='lat' dir='ltr'><strong>tribus²</strong></span> <span class='ocrx_word' id='word_1_286' title='bbox 528 2521 573 2561; x_wconf 87' lang='lat' dir='ltr'><strong>et</strong></span> <span class='ocrx_word' id='word_1_287' title='bbox 615 2519 797 2561; x_wconf 85' lang='lat' dir='ltr'><strong>habebit</strong></span> <span class='ocrx_word' id='word_1_288' title='bbox 830 2533 989 2570; x_wconf 89' lang='lat' dir='ltr'><strong>secum,</strong></span> <span class='ocrx_word' id='word_1_289' title='bbox 1023 2519 1225 2575; x_wconf 90' lang='lat' dir='ltr'><strong>legetque</strong></span> <span class='ocrx_word' id='word_1_290' title='bbox 1259 2517 1369 2559; x_wconf 90' lang='lat' dir='ltr'><strong>illud</strong></span> <span class='ocrx_word' id='word_1_291' title='bbox 1403 2516 1606 2559; x_wconf 87' lang='lat' dir='ltr'><strong>omnibus</strong></span> <span class='ocrx_word' id='word_1_292' title='bbox 1635 2516 1788 2559; x_wconf 89' lang='lat' dir='ltr'><strong>diebus</strong></span> <span class='ocrx_word' id='word_1_293' title='bbox 1874 2571 1878 2578; x_wconf 12' lang='grc'><strong>1-</strong></span> 
     </span>
    </p>
   </div>
   <div class='ocr_carea' id='block_1_5' title="bbox 1858 967 1878 1298">
    <p class='ocr_par' dir='ltr' id='par_1_7' title="bbox 1858 967 1878 1298">
     <span class='ocr_line' id='line_1_36' title="bbox 1858 967 1878 1177; baseline 0 -28"><span class='ocrx_word' id='word_1_294' title='bbox 1858 967 1878 1177; x_wconf 63' lang='grc' dir='ltr'>ξ</span> 
     </span>
     <span class='ocr_line' id='line_1_37' title="bbox 1858 1169 1878 1298; baseline 0 0"><span class='ocrx_word' id='word_1_295' title='bbox 1858 1169 1878 1298; x_wconf 64' lang='lat' dir='ltr'><strong>{i</strong></span> 
     </span>
    </p>
   </div>
   <div class='ocr_carea' id='block_1_6' title="bbox 332 2605 1789 2656">
    <p class='ocr_par' dir='ltr' id='par_1_8' title="bbox 332 2584 1878 2667">
     <span class='ocr_line' id='line_1_38' title="bbox 332 2605 1789 2656; baseline -0.003 -9"><span class='ocrx_word' id='word_1_296' title='bbox 332 2621 353 2647; x_wconf 91' lang='lat'>2</span> <span class='ocrx_word' id='word_1_297' title='bbox 381 2622 507 2647; x_wconf 84' lang='lat' dir='ltr'><strong>amare</strong></span> <span class='ocrx_word' id='word_1_298' title='bbox 525 2611 565 2645; x_wconf 92' lang='lat' dir='ltr'>M</span> <span class='ocrx_word' id='word_1_299' title='bbox 640 2621 677 2646; x_wconf 91' lang='lat'><strong>11</strong></span> <span class='ocrx_word' id='word_1_300' title='bbox 706 2611 811 2654; x_wconf 86' lang='lat' dir='ltr'><strong>Quod</strong></span> <span class='ocrx_word' id='word_1_301' title='bbox 827 2623 897 2647; x_wconf 91' lang='lat' dir='ltr'><strong>om.</strong></span> <span class='ocrx_word' id='word_1_302' title='bbox 916 2610 981 2646; x_wconf 87' lang='lat' dir='ltr'><strong>SM</strong></span> <span class='ocrx_word' id='word_1_303' title='bbox 1054 2611 1100 2646; x_wconf 88' lang='lat'><strong>26</strong></span> <span class='ocrx_word' id='word_1_304' title='bbox 1124 2610 1306 2656; x_wconf 83' lang='lat' dir='ltr'><strong>egyptum</strong></span> <span class='ocrx_word' id='word_1_305' title='bbox 1323 2607 1428 2643; x_wconf 84' lang='grc' dir='ltr'><strong>ΒΑΜ</strong></span> <span class='ocrx_word' id='word_1_306' title='bbox 1500 2606 1714 2644; x_wconf 82' lang='lat' dir='ltr'><strong>subleuatus</strong></span> <span class='ocrx_word' id='word_1_307' title='bbox 1730 2605 1789 2642; x_wconf 86' lang='lat' dir='ltr'><strong>As</strong></span> 
     </span>
    </p>
   </div>
   <div class='ocr_carea' id='block_1_7' title="bbox 333 2678 1876 2825">
    <p class='ocr_par' dir='ltr' id='par_1_9' title="bbox 333 2678 1876 2825">
     <span class='ocr_line' id='line_1_39' title="bbox 383 2678 1876 2732; baseline -0.003 -10"><span class='ocrx_word' id='word_1_308' title='bbox 383 2697 427 2723; x_wconf 94' lang='grc' dir='ltr'><strong>1ο</strong></span> <span class='ocrx_word' id='word_1_309' title='bbox 453 2689 622 2722; x_wconf 79' lang='lat' dir='ltr'><strong>mulierz</strong></span> <span class='ocrx_word' id='word_1_310' title='bbox 609 2689 751 2732; x_wconf 82' lang='lat' dir='ltr'><strong>iimpud</strong></span> <span class='ocrx_word' id='word_1_311' title='bbox 753 2698 814 2722; x_wconf 84' lang='lat' dir='ltr'><strong>ca:</strong></span> <span class='ocrx_word' id='word_1_312' title='bbox 844 2698 893 2722; x_wconf 86' lang='lat' dir='ltr'><strong>sc.</strong></span> <span class='ocrx_word' id='word_1_313' title='bbox 919 2685 1129 2731; x_wconf 84' lang='lat' dir='ltr'><strong>Cleopatra.</strong></span> <span class='ocrx_word' id='word_1_314' title='bbox 1266 2692 1307 2728; x_wconf 95' lang='lat'><strong>17</strong></span> <span class='ocrx_word' id='word_1_315' title='bbox 1331 2684 1410 2719; x_wconf 78' lang='lat' dir='ltr'><strong>Rex</strong></span> <span class='ocrx_word' id='word_1_316' title='bbox 1433 2694 1584 2727; x_wconf 75' lang='lat' dir='ltr'><strong>maynus</strong></span> <span class='ocrx_word' id='word_1_317' title='bbox 1608 2683 1700 2719; x_wconf 87' lang='lat' dir='ltr'><strong>etc.:</strong></span> <span class='ocrx_word' id='word_1_318' title='bbox 1730 2682 1786 2718; x_wconf 70' lang='grc' dir='ltr'><strong>ΡΒ.</strong></span> <span class='ocrx_word' id='word_1_319' title='bbox 1860 2678 1876 2701; x_wconf 62' lang='grc'><strong>·”“</strong></span> 
     </span>
     <span class='ocr_line' id='line_1_40' title="bbox 333 2731 1871 2779; baseline -0.003 -10"><span class='ocrx_word' id='word_1_320' title='bbox 333 2733 418 2770; x_wconf 86' lang='lat' dir='ltr'><strong>xlvi.</strong></span> <span class='ocrx_word' id='word_1_321' title='bbox 438 2744 470 2779; x_wconf 89' lang='lat'><strong>3.</strong></span> <span class='ocrx_word' id='word_1_322' title='bbox 569 2736 609 2769; x_wconf 90' lang='lat'><strong>18</strong></span> <span class='ocrx_word' id='word_1_323' title='bbox 626 2736 747 2769; x_wconf 74' lang='lat' dir='ltr'><strong>terribz</strong></span> <span class='ocrx_word' id='word_1_324' title='bbox 744 2736 779 2768; x_wconf 73' lang='lat' dir='ltr'><strong>‘iz</strong></span> <span class='ocrx_word' id='word_1_325' title='bbox 765 2747 797 2769; x_wconf 60' lang='grc'><strong>18</strong></span> <span class='ocrx_word' id='word_1_326' title='bbox 812 2735 909 2770; x_wconf 87' lang='lat' dir='ltr'><strong>etc.:</strong></span> <span class='ocrx_word' id='word_1_327' title='bbox 937 2732 994 2769; x_wconf 71' lang='grc' dir='ltr'><strong>ΡΒ.</strong></span> <span class='ocrx_word' id='word_1_328' title='bbox 1013 2733 1113 2768; x_wconf 84' lang='lat' dir='ltr'><strong>lxxv.</strong></span> <span class='ocrx_word' id='word_1_329' title='bbox 1136 2742 1188 2776; x_wconf 90' lang='lat'><strong>12,</strong></span> <span class='ocrx_word' id='word_1_330' title='bbox 1209 2741 1262 2776; x_wconf 90' lang='lat'><strong>13.</strong></span> <span class='ocrx_word' id='word_1_331' title='bbox 1361 2731 1414 2776; x_wconf 89' lang='lat'><strong>18,</strong></span> <span class='ocrx_word' id='word_1_332' title='bbox 1436 2740 1478 2776; x_wconf 90' lang='lat'><strong>19</strong></span> <span class='ocrx_word' id='word_1_333' title='bbox 1506 2731 1595 2766; x_wconf 81' lang='lat' dir='ltr'><strong>Cum</strong></span> <span class='ocrx_word' id='word_1_334' title='bbox 1611 2731 1790 2776; x_wconf 69' lang='lat' dir='ltr'><strong>inqressus</strong></span> <span class='ocrx_word' id='word_1_335' title='bbox 1867 2742 1871 2748; x_wconf 60' lang='lat'>*</span> 
     </span>
     <span class='ocr_line' id='line_1_41' title="bbox 335 2780 820 2825; baseline -0.008 -5"><span class='ocrx_word' id='word_1_336' title='bbox 335 2785 433 2820; x_wconf 62' lang='lat' dir='ltr'><strong>ete:</strong></span> <span class='ocrx_word' id='word_1_337' title='bbox 460 2781 569 2817; x_wconf 90' lang='lat' dir='ltr'><strong>Deut.</strong></span> <span class='ocrx_word' id='word_1_338' title='bbox 589 2780 677 2817; x_wconf 86' lang='lat' dir='ltr'><strong>xvii.</strong></span> <span class='ocrx_word' id='word_1_339' title='bbox 697 2790 820 2825; x_wconf 88' lang='lat'>14—20.</span> 
     </span>
    </p>
   </div>
   <div class='ocr_carea' id='block_1_8' title="bbox 446 2844 513 2877">
    <p class='ocr_par' dir='ltr' id='par_1_10' title="bbox 446 2844 513 2877">
     <span class='ocr_line' id='line_1_42' title="bbox 446 2844 513 2877; baseline 0 0"><span class='ocrx_word' id='word_1_340' title='bbox 446 2844 513 2877; x_wconf 83' lang='lat'><strong>244</strong></span> 
     </span>
    </p>
   </div>
  </div>
 </body>
</html>
