1878 3172
650 161 1034 206 ENTHETICVS
1588 162 1671 212 384
1690 172 1716 202 c

122 282 231 325 Tam
260 281 378 339 quod
407 281 544 324 habet
572 295 705 338 quam
734 296 822 338 quo
850 284 971 324 caret
998 281 1120 324 omni
1148 281 1257 324 defit
1284 295 1431 336 auaro,

179 351 384 408 Occupet,
414 351 652 402 incumbat,
682 365 752 393 res
781 350 926 393 aliena
954 354 1117 393 tamen.

121 419 304 477 Semper
332 420 588 472 abundabit,
618 419 695 476 qui
724 419 855 462 rebus
883 419 1060 462 nouerit
1087 419 1179 472 uti;

38 534 44 539 ,
178 488 238 531 Et
265 503 388 532 mens
417 488 572 531 utendi
601 488 747 531 nescia
774 502 946 545 semper
974 492 1086 545 eget.

83 571 103 605 5
122 556 267 600 Pauca
294 560 442 614 potest
470 557 606 617 diues3
635 560 681 600 et
708 557 899 614 plurima
927 571 1096 614 pauper
1124 557 1308 609 habere3

178 625 332 669 Nescit
360 623 603 683 egestatem
628 626 763 676 diues,
790 640 953 683 egenus
981 640 1095 682 opes.

121 693 285 737 Nullus
313 695 479 737 amicus
509 695 561 745 ei,
590 695 667 750 qui
695 694 838 737 multa
865 694 1000 751 cupit,
1028 709 1108 737 nec
1137 694 1304 738 amicus

179 762 260 806 Est
287 763 385 815 sibi,
413 763 485 806 cui
514 763 700 806 nimium
729 778 798 806 res
828 763 972 805 aliena
1000 763 1156 819 placet.

122 831 171 874 Si
201 832 387 888 cupidus
415 832 554 874 fuerit
582 826 733 882 hostis,
761 835 971 875 caveatur
998 835 1051 874 ut
1079 832 1232 884 hostis,

63 913 106 938 10
179 899 229 943 si
258 900 318 943 sit
346 900 523 950 amicus,
553 915 604 943 eo
632 901 802 944 cautior
831 915 923 943 esse
951 901 1091 943 stude.

121 969 280 1012 Iurat?
317 969 444 1012 crede
473 969 646 1021 minus3
683 984 773 1012 non
802 970 953 1012 iurat?
986 969 1162 1012 credere
1191 969 1306 1021 noli3

177 1037 313 1088 Iuret,
341 1051 431 1080 non
459 1037 587 1088 iuret,
616 1038 756 1081 hostis
784 1038 842 1081 ab
870 1039 996 1081 hoste
1025 1052 1144 1082 caue.

121 1160 180 1204 Et
208 1160 356 1218 fugias
385 1175 495 1217 quos
523 1161 639 1203 liuor
668 1161 782 1204 edax
811 1160 1013 1204 felicibus
1042 1162 1190 1205 hostes
1589 1156 1618 1195 d

179 1229 253 1273 Sic
282 1229 403 1280 facit,
431 1232 484 1272 ut
512 1229 658 1272 uirtus
686 1231 858 1272 flectere
887 1229 1011 1272 nulla
1039 1234 1184 1286 queat,

63 1314 104 1348 15
122 1298 380 1341 Muneribus
409 1297 597 1341 fortasse
626 1298 716 1340 tuis
745 1298 939 1355 placabis
968 1313 1177 1351 auarum;

179 1367 373 1421 Laedere
398 1381 486 1423 quo
514 1375 652 1410 cesset
680 1367 871 1420 inuidus,
900 1370 994 1410 esto
1022 1367 1167 1411 miser.

120 1437 318 1480 Alterius
344 1437 505 1479 misera
532 1437 697 1493 gaudet
725 1451 849 1479 mens
877 1437 1031 1479 inuida
1059 1441 1188 1488 sorte,

178 1505 435 1562 Cunctaque
463 1505 600 1549 uicini
628 1506 855 1548 commoda
883 1506 1075 1563 dampna
1103 1510 1245 1563 putat,

122 1603 181 1674 Et
208 1631 295 1674 nisi
323 1629 513 1673 festinus
540 1630 727 1688 fugeres,
756 1634 802 1673 te
830 1631 959 1688 plura
986 1646 1219 1675 monerem.

62 1721 105 1744 πο
179 1699 269 1742 Vix
297 1699 462 1756 pateris
491 1699 578 1742 dici
606 1714 747 1756 pauca
758 1713 769 1752 3
807 1700 880 1742 uel
909 1700 997 1743 ista
1025 1704 1139 1744 tene.

120 1841 143 1877 3
165 1830 403 1867 habundabit
417 1829 476 1865 As
620 1831 662 1867 18
687 1828 814 1866 uicina
831 1829 872 1865 M

165 1953 330 1998 Ezplicit
344 1953 536 1987 entheticus
551 1952 731 1987 Iohannis
744 1951 1020 1987 Samberiensis
1043 1953 1081 1986 in
1101 1953 1354 1996 policraticum
1378 1950 1435 1987 B’.
1483 1952 1572 1989 Mox

119 1998 227 2036 addit
241 2010 375 2034 manus
391 1998 520 2034 eadem
540 1999 713 2041 Qum-itur
725 2000 820 2033 unde
837 1999 973 2033 malum
988 2010 1068 2033 cum
1082 2000 1156 2033 sint
1180 2000 1271 2034 bona
1295 2004 1403 2034 cunta
1424 2005 1542 2035 creata
1554 2002 1572 2034 ξ

122 2048 270 2092 Defedu
282 2048 431 2090 pmprio
446 2050 531 2080 sunt
546 2046 644 2079 mala
656 2056 721 2089 que
733 2046 832 2080 mala
843 2050 938 2080 sunt.
955 2047 994 2080 et
1007 2046 1077 2080 Dic
1090 2046 1154 2079 ubi
1164 2050 1248 2080 tune
1263 2051 1350 2080 esset
1360 2058 1440 2081 cum
1452 2051 1575 2091 preter

119 2105 200 2129 eum
215 2093 328 2128 nichil
343 2097 428 2128 esset
447 2093 548 2127 Tunc
563 2092 627 2127 ubi
641 2102 740 2126 nunc
755 2093 795 2126 in
810 2103 846 2127 se
861 2093 1033 2137 quoniam
1048 2093 1117 2126 sibi
1130 2093 1261 2137 sufficit
1275 2095 1361 2138 ipse.

1419 2845 1457 2869 11
