1878 3172
146 155 232 203 446
252 154 282 193 b

257 628 282 656 C

253 1377 282 1416 d

150 2209 231 2250 447
252 2210 281 2239 a

627 150 885 195 IOANNIS
927 150 1437 207 SARESBERIENSIS
1594 149 1702 211 [ΗΒ.
1719 161 1759 194 11
1808 175 1823 187 -

298 274 343 315 et
371 285 533 328 magna
561 271 707 313 uirtus
736 270 841 321 eius,
871 272 916 313 et
943 270 1183 327 sapientiae
1210 270 1304 314 eius
1329 285 1419 313 non
1445 271 1512 313 est
1539 283 1761 314 numerus,

297 341 498 397 Itemque
512 341 533 383 :'
551 341 715 397 Magna
743 354 876 397 opera
902 339 1093 390 Domini,
1113 339 1335 396 exquisita
1357 340 1405 381 in
1432 354 1582 382 omnes
1604 339 1760 381 uolun-

296 412 412 452 tates
429 409 534 452 eius.
586 409 645 452 Et
663 409 796 451 illud:
822 408 931 461 Quis
946 408 1152 465 loquetur
1165 409 1385 465 potentias
1400 408 1580 451 Domini
1595 409 1612 452 2
1640 408 1763 451 Haec

297 481 447 521 autem
473 493 543 521 res
568 477 803 521 uniformis
830 480 876 520 et
903 478 1040 528 uaria,
1059 478 1163 521 licet
1185 478 1324 520 totius
1348 477 1580 520 uarietatis
1605 477 1762 534 ignara

298 547 377 598 sit‚'
394 547 531 590 uariis
556 549 706 590 tamen
726 546 977 589 nominibus
996 547 1256 603 appellatur,
1275 546 1352 589 sed
1372 561 1429 589 ex
1450 546 1588 589 uariis
1607 547 1761 591 causis.
1779 561 1798 596 5

299 615 494 659 Scientia
525 616 741 672 siquidem
776 618 821 658 et
859 615 1159 672 praescientia,
1193 615 1433 672 dispositio,
1471 615 1763 672 prouidentia,

297 687 343 727 et
381 685 724 742 praedestinatio
762 684 1027 727 nominatur.
1106 684 1194 727 Sed
1232 684 1416 727 scientia
1465 684 1762 735 existentium,

295 754 586 810 praescientia
611 753 876 804 futurorum,
897 753 1126 810 dispositio
1151 753 1462 804 faciendorum,
1482 753 1763 810 prouidentia

295 823 693 879 gubernandorum,
723 822 1067 879 praedestinatio
1106 822 1417 865 saluandorum
1457 824 1536 865 est.
1598 822 1657 865 Et
1695 826 1764 866 est

1865 582 1878 638 ,ἐ

297 891 641 948 praedestinatio
683 891 739 933 ab
784 892 935 933 eterno
973 891 1144 947 gratiae
1182 891 1472 948 praeparatio,
1511 905 1590 948 per
1629 906 1761 948 quam
1781 906 1823 929 10
1851 890 1862 931 ἕ

296 960 597 1016 unusquisque
626 961 812 1002 uocatur
841 959 898 1002 ad
927 959 1080 1010 uitam,
1112 960 1226 1003 sicut
1257 960 1322 1002 ait
1350 960 1611 1016 Apostolus:
1642 960 1762 1013 Quos
1848 951 1851 954 Δ

294 1028 655 1085 praedestinauit,
690 1028 770 1070 hos
805 1031 850 1070 et
883 1028 1073 1078 uocauit,
1104 1029 1184 1071 hos
1223 1031 1269 1071 et
1298 1029 1569 1079 iustificauit‚
1602 1029 1683 1072 hos
1717 1031 1763 1072 et

295 1097 570 1154 glorificauit.
633 1097 691 1139 Et
719 1097 855 1139 alius:
887 1097 1021 1153 Apud
1051 1100 1097 1140 te
1127 1100 1204 1148 est,
1234 1097 1392 1154 inquit,
1423 1096 1524 1140 fons
1553 1097 1684 1148 uitae,
1716 1101 1763 1141 et

296 1166 344 1207 in
365 1165 530 1208 lumine
550 1168 628 1208 tuo
647 1165 896 1208 uidebimus
916 1165 1075 1208 lumen.
1125 1166 1188 1208 Vt
1207 1181 1310 1223 ergo
1330 1166 1550 1209 reuerenti
1572 1167 1762 1222 quadam

298 1235 482 1278 audacia
508 1234 692 1277 scientia
719 1234 803 1277 Dei
831 1249 942 1290 quae
968 1234 1101 1277 finem
1127 1235 1277 1285 nescit,
1303 1235 1376 1277 uel
1401 1249 1599 1278 sermone
1628 1236 1761 1278 finem
1781 1246 1820 1281 15

298 1304 521 1355 inueniat3
565 1303 749 1346 scientia
788 1303 871 1346 Dei
911 1305 978 1346 est
1017 1303 1225 1354 omnium,
1260 1317 1373 1359 quae
1411 1306 1527 1354 sunt,
1566 1303 1761 1355 fuerunt,
1843 1297 1855 1313 Ἰ

299 1374 343 1415 et
362 1372 517 1414 futura
537 1374 652 1422 sunt,
671 1386 778 1414 uera
803 1372 1131 1428 comprehensio
1158 1374 1203 1414 et
1221 1371 1352 1428 plena
1370 1372 1541 1415 notitia,
1601 1373 1763 1416 Omnia

297 1441 514 1497 siquidem
540 1455 647 1483 uera
672 1440 799 1482 nouit
825 1442 870 1482 et
897 1440 999 1490 sola,
1020 1440 1273 1497 nullamque
1297 1440 1509 1497 dignatur
1526 1455 1761 1498 agnoscere
1870 1484 1878 1497 ,

295 1508 548 1551 falsitatem.
621 1509 731 1550 Eam
770 1511 919 1551 tamen
958 1509 1172 1552 diiudicat
1215 1511 1260 1552 et
1304 1509 1608 1566 condempnat.
1679 1511 1762 1554 Est
1824 1503 1878 1559 [³

294 1577 435 1634 igitur
462 1577 704 1620 necessario
733 1577 919 1627 infinita,
944 1592 1056 1633 quae
1079 1578 1287 1620 uniuersa
1311 1592 1419 1620 uera
1444 1579 1760 1635 complectitur,
1779 1597 1822 1622 ao

295 1660 482 1702 quorum
520 1646 674 1702 utique
708 1659 798 1688 non
836 1648 903 1688 est
941 1660 1161 1697 numerus,
1202 1648 1281 1688 aut
1319 1646 1428 1690 adeo
1467 1647 1668 1691 infinitus
1707 1652 1760 1692 ut

294 1715 428 1757 finem
447 1729 536 1757 non
555 1714 756 1757 inueniat
782 1714 868 1757 nisi
892 1715 939 1756 in
963 1715 1180 1771 sapientia
1200 1715 1294 1766 Dei,
1315 1730 1428 1772 quae
1453 1716 1546 1759 sola
1572 1717 1761 1774 seipsam

296 1785 463 1840 quanta
482 1784 542 1825 sit
561 1783 700 1826 nouit.
761 1783 911 1826 Nichil
931 1784 1071 1840 igitur
1090 1798 1240 1826 eorum
1261 1799 1372 1840 quae
1392 1785 1530 1836 nouit,
1552 1786 1760 1842 quoniam

298 1866 403 1894 uera
433 1854 548 1902 sunt,
579 1852 811 1902 euanescit,
840 1852 1123 1908 omniumque
1157 1853 1480 1909 dispositorum,
1510 1855 1761 1911 praesentia

295 1920 386 1963 sint
425 1920 665 1977 praeterita
703 1935 762 1962 an
802 1920 967 1971 futura,
1007 1921 1185 1964 initium
1225 1924 1270 1964 et
1307 1936 1438 1965 causa
1475 1923 1641 1967 ueritas
1680 1926 1758 1967 est.
1778 1941 1820 1976 ²5
1855 1967 1870 1975 ¹,

296 1989 530 2032 Psalmista
578 1989 794 2045 siquidem
841 1989 929 2032 ait:
979 1989 1248 2048 Principium
1296 1991 1532 2034 uerborum
1580 1994 1758 2036 tuorum
1835 2011 1860 2039 ι

294 2058 484 2110 ueritas3
529 2072 641 2114 quae
675 2058 797 2101 nullo
829 2058 1005 2101 defectu
1044 2059 1112 2101 sui
1151 2059 1419 2105 transibunt.
1491 2060 1763 2106 Transibunt
1826 2069 1850 2091 ¹

296 2130 447 2170 tamen
476 2126 618 2169 celum
645 2129 691 2170 et
716 2129 847 2177 terra,
874 2127 1082 2183 quoniam
1112 2131 1158 2171 et
1186 2128 1268 2171 hoc
1297 2128 1352 2171 de
1381 2129 1528 2172 uerbis
1557 2130 1761 2174 ueritatis

298 2199 387 2248 est3
417 2198 524 2238 tunc
543 2195 698 2252 utique
721 2210 821 2239 cum
848 2195 1130 2239 deformitate
1156 2197 1310 2239 mundi
1334 2200 1525 2255 purgata
1550 2198 1760 2242 reforma·

297 2265 420 2307 bitur
452 2264 593 2307 celum
625 2279 791 2307 nouum
826 2267 871 2307 et
905 2268 1024 2308 terra
1057 2280 1185 2308 noua.
1251 2265 1426 2309 Sentiat
1459 2267 1760 2324 unusquisque
1778 2284 1821 2318 30

298 2334 415 2390 quod
450 2333 490 2376 ei
524 2333 633 2376 fides
671 2333 744 2376 uel
779 2334 893 2377 ratio
927 2334 1185 2391 persuadet;
1233 2349 1314 2391 ego
1359 2335 1453 2378 sine
1492 2336 1760 2392 praeiudicio

296 2402 542 2444 sententiae
576 2403 769 2446 melioris
803 2418 910 2446 uera
942 2403 1084 2446 modis
1115 2403 1317 2446 omnibus
1349 2404 1542 2447 arbitror
1570 2405 1759 2457 infinita,
1831 2400 1875 2467 g}

302 2537 343 2573 13
367 2526 494 2572 inquit
515 2529 571 2563 est
589 2527 628 2562 M
774 2537 816 2574 19
841 2528 1068 2565 condemnat
1086 2527 1110 2564 S
1252 2538 1294 2575 31
1322 2527 1374 2575 ei]
1392 2527 1456 2566 dei
1472 2527 1554 2566 S¹M

346 2645 367 2671 2
392 2637 531 2680 Mayna
548 2637 642 2672 etc.:
671 2635 729 2672 Ps.
748 2648 804 2673 cx.
822 2647 843 2672 2
1002 2647 1022 2683 3
1051 2639 1139 2682 Quis
1155 2639 1252 2674 etc.:
1278 2637 1337 2674 Ps.
1355 2650 1408 2674 cv.
1436 2647 1469 2674 2.
1631 2647 1684 2682 11,
1714 2648 1757 2676 12
1831 2614 1873 2658 ¹²]

302 2684 396 2726 Quos
405 2685 698 2728 praedestinauit
714 2686 784 2719 etc.
802 2697 810 2719 τ
836 2684 941 2720 Rom.
953 2684 1030 2719 viii.
1042 2696 1097 2738 39.
1211 2695 1252 2731 13
1275 2687 1388 2731 Apud
1404 2691 1437 2720 te
1453 2686 1523 2722 etc.
1538 2698 1547 2721 ε
1573 2685 1630 2722 Ps.
1646 2697 1754 2722 xxxv.

303 2740 356 2765 10.
490 2731 535 2764 26
559 2731 790 2775 Principium
806 2733 876 2767 etc.
895 2744 903 2766 :
929 2731 986 2767 Ps.
1004 2731 1126 2768 cxviii.
1149 2733 1226 2768 160.
1347 2741 1390 2777 27
1421 2734 1644 2770 Transibunt
1660 2736 1732 2771 etc.
1746 2745 1758 2769 τ
1823 2769 1838 2775 ,,

298 2788 329 2813 v.
351 2776 460 2812 Matt.
480 2776 576 2812 xxiv.
597 2786 666 2823 353
694 2777 807 2814 Marc.
828 2778 906 2814 xiii.
927 2789 993 2824 31;
1017 2779 1106 2815 Luc.
1126 2778 1200 2815 xxi.
1220 2789 1276 2825 33.

408 2848 471 2881 118
