1878 3172
172 146 258 195 560
278 155 308 186 a
653 139 915 189 IOANNIS
955 143 1469 210 SARESBERIENSIS
1630 141 1740 205 [ΗΒ.
1754 155 1787 188 v
1854 187 1856 191 ,

326 264 502 308 iustitia
529 264 699 318 aliena;
738 265 850 308 bene
874 267 1034 322 agetur
1059 278 1160 308 cum
1185 279 1429 308 successore
1451 266 1542 316 tuo,
1561 264 1600 308 si
1628 264 1786 308 libera·

325 333 445 394 uerit
477 348 524 377 se
558 334 715 391 ipsum.
794 333 879 377 His
913 333 1061 376 uerbis
1099 335 1247 377 motus
1284 333 1525 390 imperator
1562 333 1787 377 descendit
1856 336 1862 353 ²’

325 402 381 446 de
407 417 520 460 equo
546 406 592 446 et
617 418 794 446 causam
819 402 1172 460 praesentialiter
1197 403 1472 446 examinauit
1497 406 1543 446 et
1568 403 1787 460 condigna

281 473 311 513 b
327 472 629 516 satisfactione
648 473 830 515 uiduam
850 472 1099 515 consolatus
1125 474 1203 515 est.
1264 472 1424 515 Fertur
1449 475 1598 515 autem
1623 472 1785 515 beatis-

324 541 464 585 simus
491 556 608 599 papa
636 545 729 585 tam
759 542 837 594 diu
865 556 946 598 pro
980 555 1032 584 eo
1065 540 1232 584 fudisse
1260 541 1474 592 lacrimas,
1502 541 1639 585 donec
1669 541 1709 584 ei
1738 541 1786 583 in
1803 560 1823 594 5

325 611 595 654 reuelatione
615 611 872 654 nuntiatum
893 610 952 653 sit
972 610 1212 653 Traianum
1232 625 1260 653 a
1285 610 1411 667 penis
1437 609 1602 653 inferni
1628 610 1785 654 libera-

325 683 435 732 tum,
455 681 538 723 sub
558 695 610 723 ea
628 683 779 723 tamen
799 680 1049 723 conditione
1068 694 1125 723 ne
1144 679 1332 723 ulterius
1350 694 1431 737 pro
1450 680 1599 737 aliquo
1618 678 1787 722 infideli

325 748 470 792 Deum
509 749 745 792 sollicitare
783 750 1094 806 praesumeret.
1166 748 1294 791 Vnde
1339 749 1497 792 merito
1535 748 1788 806 praefertur

325 818 425 861 aliis
449 818 575 862 cuius
601 819 746 861 uirtus
771 833 877 875 prae
903 818 1059 862 ceteris
1083 818 1149 861 ita
1174 817 1338 861 sanctis
1363 818 1531 875 placuit
1555 821 1610 862 ut
1635 831 1785 862 eorum

326 888 497 930 meritis
524 887 642 931 solus
669 887 729 930 sit
754 887 979 931 liberatus.
1038 887 1098 930 Et
1123 887 1230 931 haee
1257 887 1434 944 quidem
1464 887 1519 930 de
1547 887 1691 944 capite
1720 886 1785 930 rei
1803 905 1846 931 10

324 956 525 1013 publicae
543 957 663 1000 dicta
681 959 797 1016 sunt.

268 1114 271 1118 ·
326 1086 431 1145 Cap.
453 1099 490 1142 9.
539 1087 604 1131 De
632 1087 703 1131 his
731 1087 816 1144 qui
844 1086 902 1131 in
931 1102 979 1131 re
1002 1086 1192 1144 publica
1220 1085 1423 1131 obtinent
1450 1086 1599 1131 loewm
1627 1085 1784 1140 cordis,

442 1161 482 1200 et
510 1156 630 1214 quod
658 1155 820 1213 iniqui
849 1157 1038 1200 arcendi
1066 1160 1177 1200 sunt
1205 1171 1236 1199 a
1270 1156 1476 1200 consiliis
1498 1160 1784 1213 potestatum,

441 1230 481 1269 et
511 1226 565 1270 de
593 1225 754 1269 timore
783 1226 880 1277 Dei,
909 1229 948 1270 et
977 1225 1218 1282 sapientia,
1246 1228 1287 1269 et
1309 1225 1611 1283 philosophia.

383 1325 540 1371 Cordis
559 1326 714 1377 locum,
730 1328 909 1369 auctore
930 1325 1146 1376 Plutarco‚
1162 1329 1341 1370 senatus
1360 1326 1543 1383 optinet.
1593 1326 1784 1370 Senatus
1803 1337 1843 1372 ¹5

323 1403 443 1447 uero,
477 1395 592 1438 sicut
625 1395 866 1438 maioribus
899 1395 1078 1452 placuit,
1111 1395 1241 1438 officii
1279 1410 1439 1439 nomen
1473 1399 1541 1439 est
1571 1398 1617 1438 et
1650 1388 1786 1437 habet
1860 1444 1862 1450 λ

284 1478 311 1508 c
326 1465 458 1508 etatis
483 1467 660 1516 notam3
687 1464 903 1520 siquidem
930 1466 1109 1507 senatus
1136 1464 1300 1507 dicitur
1322 1479 1350 1507 a
1374 1466 1610 1507 senectute.
1669 1463 1784 1506 Eum

324 1548 431 1577 uero
470 1533 762 1576 Athenienses
801 1532 1074 1590 Ariopagum
1113 1532 1329 1584 dicebant,
1363 1548 1415 1576 eo
1453 1533 1571 1590 quod
1607 1532 1655 1575 in
1694 1532 1784 1575 illis
1860 1562 1861 1567 η

324 1603 464 1645 totius
494 1601 646 1658 populi
680 1601 825 1644 uirtus
858 1601 1116 1644 consisteret
1146 1604 1203 1654 et,
1236 1616 1336 1645 cum
1370 1602 1428 1645 ab
1463 1602 1526 1645 eis
1559 1601 1784 1659 praeclara

323 1672 516 1729 plurima
542 1670 727 1713 inuenta
754 1670 857 1721 sint,
875 1670 1012 1712 nichil
1038 1670 1269 1722 salubrius,
1288 1670 1425 1714 nichil
1453 1670 1685 1728 gloriosius
1714 1670 1781 1713 in·
1800 1686 1863 1711 202

323 1740 533 1783 stitutum
562 1742 630 1783 est
659 1753 791 1796 quam
819 1741 1008 1783 senatus,
1068 1739 1186 1792 Quid
1220 1740 1338 1782 enim
1365 1739 1557 1783 nobilius
1586 1742 1654 1783 est
1681 1742 1783 1783 cetu
1859 1793 1862 1798 ι

324 1823 479 1852 senum
518 1809 595 1866 qui
634 1807 806 1851 emeriti
844 1822 872 1850 a
909 1807 1169 1865 uulgafibus
1216 1807 1369 1852 officiis
1413 1808 1472 1851 ad
1519 1808 1689 1852 consilii
1737 1811 1784 1852 et
1859 1815 1868 1869 ³3

322 1877 552 1935 regiminis
571 1877 760 1920 officium
779 1879 1014 1920 transeunt
1040 1879 1086 1920 et
1110 1877 1159 1919 in
1177 1877 1371 1921 marcido
1389 1892 1568 1935 corpore
1595 1881 1783 1921 exerunt

322 1947 485 1990 mentis
515 1946 664 1990 uires‘l
723 1946 787 1988 Eo
816 1945 1057 2002 sapientiae
1085 1946 1227 2004 magis
1255 1946 1350 2004 apti
1388 1947 1588 2005 negotiis,
1618 1961 1705 2004 quo
1734 1947 1783 1990 in

326 2070 368 2109 15
394 2061 595 2108 plutarcho
611 2059 685 2096 AM
780 2060 957 2107 Senatus]
974 2059 1026 2097 sic
1043 2059 1110 2097 SM

374 2185 392 2223 5
415 2187 486 2222 pro
511 2188 549 2212 eo
565 2177 710 2222 fudisse
738 2177 928 2212 lacrimas:
955 2188 987 2212 v.
1014 2175 1148 2213 Ioann.
1177 2175 1281 2213 Diae.
1309 2176 1379 2214 loc.
1409 2175 1495 2214 cit.:
1530 2179 1601 2214 Sed
1631 2189 1712 2214 eum
1739 2179 1783 2214 de

324 2225 570 2270 superioribus
596 2224 785 2259 miraculis
810 2225 1058 2259 Romanorum
1084 2225 1132 2259 sit
1156 2236 1258 2260 nemo
1282 2226 1345 2270 qui
1367 2225 1509 2268 dubitet,
1535 2226 1578 2260 de
1605 2226 1668 2261 hoc
1852 2246 1878 2276 ,Ἣ

325 2273 431 2317 apud*
457 2272 624 2307 Saxones
654 2272 795 2316 leyitur,
826 2272 935 2306 huius
967 2273 1135 2316 precibus
1169 2272 1325 2307 Traiani
1363 2273 1524 2308 animam
1560 2273 1605 2308 ab
1644 2273 1785 2317 infensi
1859 2277 1878 2317 ¹,j

325 2319 544 2354 cruciatibus
571 2319 766 2361 liberatam,
796 2319 838 2353 ob
863 2320 902 2353 id
928 2320 981 2353 vel
1003 2320 1159 2354 maxime
1181 2319 1346 2355 dubitare
1369 2321 1517 2362 videtur,
1541 2321 1635 2366 quod
1658 2324 1784 2355 tantus
1876 2316 1878 2344 1

325 2367 447 2401 doctor
471 2377 695 2412 nequaquam
716 2370 959 2411 praesumeret
981 2377 1048 2419 pro
1068 2377 1213 2412 pagano
1231 2377 1384 2411 prorsus
1409 2378 1535 2411 orare;
1565 2368 1629 2413 qui
1655 2371 1783 2412 quarto

325 2414 561 2458 Dialoyorum
576 2423 724 2449 suorum
740 2413 913 2448 librorum
930 2412 1073 2459 (Migne
1088 2414 1129 2450 P.
1145 2414 1188 2449 L.
1206 2411 1333 2449 lxxvii.
1349 2414 1434 2458 404)
1451 2415 1610 2449 docuerit
1624 2415 1783 2449 eamdem
1860 2440 1866 2450 Ἴ

323 2471 470 2495 causam
485 2471 556 2495 esse
572 2472 639 2495 cur
652 2471 725 2495 non
740 2465 863 2496 oretur
881 2472 906 2495 a
927 2462 1064 2496 sanctis
1086 2461 1127 2495 in
1139 2461 1274 2505 futuro
1296 2462 1431 2496 iudicio
1450 2472 1519 2506 pro
1538 2462 1785 2506 peccatoribus

323 2511 468 2542 aeterno
495 2509 577 2551 iyne
604 2508 797 2550 damnatis,
829 2519 920 2553 quae
950 2519 1048 2543 nune
1080 2509 1186 2543 etiam
1217 2519 1327 2543 causa
1351 2512 1401 2543 est
1428 2513 1470 2542 ut
1491 2518 1566 2543 non
1590 2512 1692 2544 orent
1710 2519 1782 2554 pro
1840 2495 1867 2650 {3

324 2554 530 2589 hominibus
567 2554 773 2598 infidelibus
803 2555 993 2600 impiisque
1023 2556 1212 2599 defunctis,
1237 2566 1311 2590 non
1342 2556 1559 2590 advertentes
1590 2556 1676 2600 quia
1706 2566 1783 2591 non

324 2601 530 2645 leyiturpro
546 2601 705 2637 Traiano
721 2602 932 2646 Greyorium
941 2612 1115 2645 exorasse,
1127 2603 1187 2637 sed
1199 2606 1343 2637 tantum
1349 2603 1509 2646 fleuisse.
1541 2601 1596 2637 De
1606 2601 1781 2648 precibus
1840 2602 1865 2644 „⁴

325 2649 454 2683 tamen
470 2646 575 2691 loqui
592 2659 668 2684 non
686 2647 796 2683 veriti
813 2650 902 2684 sunt
916 2648 1149 2684 Abaelardus
1165 2650 1205 2685 et
1222 2647 1258 2684 S.
1273 2649 1434 2684 Thomas
1445 2647 1613 2694 Aquinas
1628 2648 1671 2684 in
1687 2648 1780 2685 locis
1842 2653 1864 2694 ἢ

325 2705 440 2740 supra
464 2693 601 2729 citatis.
655 2696 697 2731 16
721 2696 813 2731 sicut
828 2697 1026 2731 maioribus
1035 2697 1198 2740 placuit:
1222 2707 1255 2731 v.
1274 2695 1351 2733 Cic.
1365 2697 1408 2731 de
1431 2697 1611 2731 Senectute
1634 2697 1657 2732 6
1682 2695 1701 2742 ξ
1724 2705 1777 2742 19.
1854 2696 1855 2702 ’

327 2750 372 2786 19
397 2752 478 2777 cum
503 2742 548 2776 ab
565 2743 615 2777 eie
638 2744 732 2778 eta:
764 2741 814 2779 cf.
829 2741 983 2778 Aristid.
1013 2741 1055 2778 in
1076 2744 1343 2779 Panathenaico
1368 2754 1404 2788 p.
1427 2751 1488 2787 171
1509 2741 1621 2779 Dind.
1646 2743 1685 2778 οὗ
1711 2743 1780 2789 γάρ

321 2787 1777 2883 :252‘122222'1‘123222255232essctsffssiztzsszzzcg{azeeffszttis‘zfssfffim

429 2905 496 2950 318
