1878 3172
181 152 263 201 562
282 152 321 222 b·
661 150 921 196 IOANNIS
966 150 1477 196 SARESBERIENSIS
1639 150 1747 212 [ΜΒ.
1763 162 1794 194 v

329 271 494 314 latione
514 271 722 314 innocens
741 271 961 315 uideatur.
1013 271 1123 325 Quis
1143 272 1260 315 enim
1278 271 1544 329 gloriabitur
1562 286 1609 315 se
1632 285 1792 328 usque-

331 355 505 398 quaque
534 344 705 384 castum
729 341 891 384 habere
921 356 1005 392 cor,
1035 356 1135 384 cum
1165 345 1211 385 et
1239 344 1360 385 astra
1388 341 1556 384 munda
1583 355 1673 384 non
1702 341 1794 384 sint
1862 399 1863 402 Ἴ

328 411 377 453 111
397 413 632 467 conspectu
651 410 772 454 illius
794 411 871 467 qui
891 411 938 453 in
958 411 1127 468 angelis
1153 411 1245 455 suis
1270 411 1466 468 repperit
1491 411 1793 468 prauitatem2

329 478 480 535 Iniqui
504 493 609 536 ergo
629 480 805 522 arcendi
835 482 951 530 sunt,
971 480 1148 536 superbi
1176 482 1222 523 et
1246 480 1384 531 auari,
1404 482 1450 523 et
1473 480 1615 523 omnis
1641 480 1792 523 huius·

286 562 312 591 c
329 548 448 591 modi
468 549 605 606 pestis
625 549 866 592 hominum.
927 549 1078 592 Nichil
1104 549 1222 591 enim
1245 549 1533 606 perniciosius
1552 551 1620 592 est
1638 549 1791 606 iniquo
1811 558 1831 592 5

329 618 484 661 diuitis
510 618 770 662 consiliario.
829 618 974 669 Omni,
997 618 1156 675 inquit,
1172 618 1371 662 custodia
1397 633 1527 662 serua
1551 633 1626 662 cor
1651 621 1791 670 tuum,

329 688 537 744 quoniam
569 702 626 730 ex
654 688 750 744 ipso
779 687 876 730 uita
905 688 1117 744 procedit.
1178 688 1260 731 Est
1287 688 1439 745 itaque
1467 687 1791 746 prouidendum

328 757 539 814 potestati
564 772 620 800 ne
639 756 877 800 consiliarii
905 757 998 800 eius
1025 757 1266 815 indigeant,
1286 772 1342 801 ne
1361 757 1506 801 aliena
1531 757 1791 800 immodera-

327 827 419 869 tius
438 826 759 883 concupiscant.
820 826 948 879 Quod
979 826 1113 869 etiam
1143 827 1200 869 ad
1230 841 1303 870 eos
1330 841 1471 884 usque
1498 826 1791 884 protenditur,

327 896 405 952 qui
444 895 492 938 in
530 910 710 952 corpore
750 896 814 938 rei
853 896 1055 953 publicae
1094 896 1356 939 interiorum
1394 897 1598 940 obtinent
1635 896 1790 950 uicem,
1810 912 1852 938 10

328 980 437 1022 quos
467 968 720 1022 quaestores
749 967 794 1007 et
823 966 1234 1008 commentarienses
1264 969 1309 1009 et
1336 981 1483 1009 rerum
1513 966 1791 1023 priuatarum

325 1035 508 1078 comites
527 1049 620 1079 esse
638 1035 951 1091 praediximus.
1012 1035 1134 1078 Haec
1153 1035 1271 1078 enim
1290 1035 1439 1078 omnia
1458 1035 1515 1079 ad
1539 1036 1790 1079 satietatem

326 1103 560 1146 reficienda
599 1106 716 1154 sunt,
756 1106 802 1146 et
849 1104 963 1147 hanc
1013 1118 1069 1147 ex
1107 1104 1369 1148 necessitate
1409 1107 1454 1148 et
1502 1119 1598 1156 usu,
1636 1105 1791 1148 habita

325 1172 497 1215 ratione
525 1187 824 1230 personarum,
855 1176 1030 1231 oportet
1058 1173 1356 1231 interpretari.
1424 1174 1474 1217 Si
1504 1174 1621 1217 enim
1650 1175 1788 1219 refici-

326 1244 461 1285 antur
499 1243 675 1286 auidius
715 1246 760 1286 et
798 1244 946 1286 minus
988 1243 1205 1300 digerant,
1243 1247 1459 1301 generant
1496 1243 1671 1288 morbos
1710 1248 1790 1288 aut
1812 1257 1850 1294 ξε

326 1310 590 1355 incurabiles
618 1315 697 1355 aut
726 1313 932 1356 difficiles.
992 1313 1269 1370 Impossibile
1298 1313 1514 1369 siquidem
1544 1315 1612 1356 est
1640 1328 1789 1370 quem-

328 1395 461 1437 quam
490 1381 709 1424 iustitiam
740 1385 785 1425 et
811 1382 1042 1438 pecuniam
1062 1381 1212 1438 sequi;
1246 1384 1327 1425 aut
1352 1382 1469 1425 enim
1496 1382 1575 1424 uni
1601 1382 1789 1425 istorum

279 1449 310 1490 d
330 1450 516 1506 quilibet
542 1450 772 1493 adherebit
798 1453 843 1494 et
871 1451 1061 1493 alterum
1087 1453 1379 1507 contempnet,
1404 1453 1484 1494 aut
1509 1451 1790 1508 torquebitur

328 1518 468 1561 altero
487 1519 680 1562 melioris
695 1533 862 1575 expers.
902 1519 1053 1561 Auaro
1073 1533 1263 1575 namque
1277 1521 1390 1562 teste
1406 1518 1636 1576 Sapientia
1650 1520 1787 1563 nichil

327 1587 552 1630 scelestius
586 1590 653 1630 est
685 1590 730 1631 et
764 1587 900 1631 nichil
939 1588 1135 1644 iniquius
1174 1602 1307 1644 quam
1346 1602 1494 1631 amare
1527 1589 1784 1645 pecuniam
1807 1601 1850 1626 20

329 1655 412 1698 hac
443 1655 561 1698 enim
599 1656 794 1699 animam
834 1670 960 1699 suam
997 1656 1199 1698 uenalem
1233 1656 1368 1698 habet
1399 1659 1445 1699 et
1483 1656 1531 1698 in
1570 1657 1667 1700 uita
1705 1672 1787 1701 sua

325 1724 511 1780 proiecit
539 1724 698 1767 intima
727 1739 817 1767 sua.
877 1724 936 1767 Et
970 1723 1086 1767 forte
1119 1724 1218 1767 ideo
1251 1727 1394 1768 crates
1427 1725 1617 1781 pectoris
1647 1730 1786 1770 costa-

326 1808 511 1850 rumque
546 1794 815 1837 soliditatem
855 1797 900 1836 et
933 1796 1157 1837 extremae
1199 1794 1314 1837 cutis
1347 1794 1590 1838 claustrum
1623 1798 1786 1839 natura

324 1861 663 1919 diligentissima
688 1877 848 1919 parens
867 1862 1181 1919 circumposuit
1207 1862 1442 1913 intestinis,
1461 1877 1548 1919 quo
1575 1863 1787 1908 aduersus

324 1945 498 1974 omnem
528 1932 791 1975 exteriorem
820 1931 1079 1974 uiolentiam
1107 1931 1265 1974 fierent
1293 1931 1472 1982 tutiora,
1499 1934 1545 1975 et
1574 1933 1636 1976 eis
1668 1933 1785 1990 quod
1805 1944 1846 1980 ²⁵

323 2014 497 2043 necesse
528 2004 595 2044 est
634 2001 871 2051 ministrat,
900 2015 980 2043 nec
1009 2015 1220 2058 umquam
1249 2001 1343 2044 sine
1373 2001 1530 2044 salutis
1558 2016 1663 2045 suae
1697 2002 1785 2045 dis-

323 2069 485 2126 pendio
524 2070 817 2113 exterioribus
856 2073 1150 2127 exponuntur.
1229 2070 1418 2127 Oportet
1462 2073 1612 2113 autem
1651 2071 1700 2113 in
1738 2085 1786 2114 re

324 2139 501 2196 publica
549 2140 662 2182 hanc
705 2142 892 2182 naturae
931 2139 1099 2195 opificis
1138 2139 1306 2182 seruari
1346 2139 1583 2196 imaginem
1623 2142 1669 2183 et
1716 2140 1786 2184 his

322 2208 667 2251 necessariorum
696 2207 865 2265 copiam
896 2207 950 2250 de
979 2207 1154 2263 publico
1182 2207 1438 2251 ministrari.

326 2320 370 2346 10
395 2309 575 2356 optinent
591 2310 694 2346 ASM
835 2310 880 2346 28
905 2308 1125 2356 ymaginem
1142 2308 1183 2344 M

374 2412 389 2438 1
420 2404 509 2446 Quis
529 2403 748 2447 yloriabitur
770 2403 864 2437 etc.:
891 2401 997 2437 Prov.
1013 2412 1075 2436 xx.
1093 2411 1125 2447 9,
1150 2400 1310 2438 citatum
1326 2413 1397 2438 sec.
1414 2401 1567 2440 Hieron.
1586 2403 1687 2439 Dial.
1703 2405 1783 2440 adv.

322 2449 537 2494 Pelaqianos
560 2448 600 2485 ii.
618 2460 641 2494 4
668 2447 814 2495 (Migne
841 2450 882 2484 P.
902 2450 945 2484 L.
962 2447 1067 2484 xxiii.
1095 2450 1202 2494 539),
1193 2462 1201 2470 ·
1232 2461 1263 2484 V.
1282 2448 1454 2485 Sabatier
1477 2450 1526 2486 ad
1549 2449 1618 2487 loc.
1761 2461 1783 2487 2
1869 2478 1873 2485 .

322 2501 424 2531 astra
439 2498 577 2531 munda
593 2498 687 2532 etc.:
712 2508 744 2531 v.
764 2495 831 2531 Iob
849 2507 930 2531 xxv.
951 2504 992 2541 53
1019 2500 1120 2531 astra
1144 2507 1212 2541 pro
1225 2495 1339 2550 Vulg.
1355 2498 1475 2532 stellae
1491 2495 1587 2551 citat
1611 2495 1785 2535 Sabatia
1854 2488 1875 2544 ‘³ss

323 2554 370 2578 ex
387 2542 539 2580 Hieron.
560 2545 702 2588 Dialoy.
719 2544 796 2579 adv.
813 2542 1054 2588 Pelaqianos
1043 2542 1083 2578 11.
1101 2552 1147 2586 ²4
1144 2507 1288 2590 p(Mign
1290 2554 1310 2579 e
1326 2545 1367 2580 P.
1384 2545 1427 2579 L.
1443 2542 1549 2580 xxiii.
1568 2543 1670 2597 563).
1760 2554 1782 2590 3
1855 2542 1873 2562 ‘¹‘

322 2591 365 2625 in
380 2591 519 2635 anqelis
535 2592 627 2626 etc.-
654 2590 748 2626 Iob·
737 2602 783 2625 1v.
804 2591 858 2626 18.
1062 2591 1086 2626 6
1112 2591 1218 2626 Omm'
1233 2592 1395 2626 custodia
1412 2592 1509 2626 etc.:
1537 2590 1641 2627 Prov.
1658 2589 1704 2627 iv.
1726 2601 1781 2638 23.

326 2647 368 2672 12
388 2639 665 2681 praediximus:
691 2649 723 2672 v.
740 2648 853 2683 supra
869 2648 899 2672 c.
918 2646 940 2672 2
958 2636 1044 2682 (540
1055 2637 1106 2682 c).
1309 2646 1349 2681 17
1375 2639 1443 2673 uni
1458 2639 1608 2674 istorum
1625 2639 1695 2674 etc.
1714 2650 1722 2674 ε
1748 2649 1781 2674 v.
1866 2639 1871 2646 ”

324 2683 412 2720 Luc.
428 2682 502 2718 xvi.
524 2694 576 2729 13.
725 2694 768 2729 19
791 2685 918 2720 Auaro
936 2685 1029 2721 etc.:
1055 2695 1086 2720 v.
1107 2682 1316 2737 Ecclix.9,
1337 2694 1389 2721 10.
1543 2694 1584 2720 21
1611 2685 1699 2722 hac:
1724 2685 1783 2721 hic

322 2729 432 2776 Vulg.
601 2741 645 2766 22
671 2736 785 2767 crates
793 2732 970 2778 pectoris:
1000 2730 1110 2778 Verg.
1129 2732 1218 2767 Aen.
1236 2729 1301 2767 xii.
1322 2732 1400 2778 508.
1557 2732 1603 2768 28
1628 2737 1783 2769 naturae

322 2778 489 2823 opificis.
515 2788 547 2813 v.
567 2777 665 2815 Plin.
684 2779 778 2814 Hist.
797 2779 882 2814 Nat.
900 2777 1000 2814 xxxi.
1022 2788 1051 2815 1.
1075 2788 1090 2814 1
1112 2776 1130 2823 §
1154 2787 1183 2814 1.

430 2857 495 2889 322
