1878 3172
176 91 258 142 584
275 100 304 133 ,ο
645 89 904 133 IOANNIS
943 88 1457 133 SARESBERIENSIS
1621 86 1732 148 [ΜΒ.
1746 98 1779 131 v
1851 99 1853 104 ·

277 218 302 248 c
319 210 408 252 iam
439 211 562 251 metu
595 209 838 252 exanimati
871 209 1026 266 lingua
1063 209 1223 251 leniter
1260 208 1480 259 demulsit,
1509 222 1610 252 cum
1648 208 1779 251 homo

319 279 438 321 inter
470 278 597 321 illata
635 278 796 321 atrocis
834 278 954 321 ferae
993 278 1297 321 blandimenta
1333 277 1544 320 amissum
1581 277 1780 319 animum

319 362 576 404 recuperare
605 351 752 404 posset
786 350 831 390 et
866 348 946 389 uix
975 348 1191 404 paulatim
1220 347 1367 391 oculos
1397 347 1454 390 ad
1482 346 1780 390 contuendum

318 417 489 460 leonem
532 417 712 474 aperire.
794 417 891 460 Hoc
930 431 976 459 se
1019 417 1166 473 Apion
1214 417 1262 459 in
1301 416 1484 459 urbanis
1521 415 1780 474 spectaculis

319 486 484 529 Romae
515 486 680 529 uidisse
714 486 863 537 refert,
898 486 1091 529 adiciens
1127 486 1232 542 quia
1263 488 1371 529 tunc
1401 485 1522 529 facta
1553 485 1679 542 quasi
1713 500 1779 528 re·
1799 501 1818 536 5

318 556 568 612 cognitione
607 558 764 598 mutua
801 555 923 607 letos,
954 555 1114 612 inquit,
1145 555 1318 598 uideres
1349 557 1395 598 et
1432 554 1781 612 gratulabundos

320 624 490 667 leonem
518 627 563 667 et
589 624 824 668 hominem.
886 624 944 667 Et
970 625 1027 667 ob
1055 625 1169 667 hanc
1196 639 1289 667 rem
1316 627 1362 667 et
1390 623 1600 667 clamores
1628 623 1781 680 populi

320 694 537 736 maximos
568 693 804 736 accersitus
836 697 903 736 est
934 694 1064 736 homo
1098 709 1126 736 a
1160 693 1332 745 Cesare,
1358 696 1404 736 et
1437 707 1573 750 quare
1606 693 1673 735 illi
1701 693 1780 735 uni

320 763 618 806 atrocissimus
645 763 713 805 leo
739 763 992 819 pepercerit,
1013 763 1250 820 diligenter
1276 763 1524 820 quaesitum
1550 765 1628 806 est.
1698 762 1781 805 Ille

319 833 474 889 utique
489 847 582 874 rem
597 832 826 875 mirificam
842 847 1028 875 narrans
1043 833 1130 875 ait:
1155 831 1268 876 Cum
1283 832 1556 889 prouinciam
1571 831 1781 874 Affricam
1801 846 1843 875 10.
1868 850 1878 874 1

319 902 620 959 proconsulari
640 902 824 958 imperio
840 917 963 944 meus
978 902 1183 944 dominus
1196 902 1428 959 optineret,
1441 917 1521 960 ego
1535 901 1598 944 ibi
1617 901 1782 958 iniquis

321 973 416 1015 eius
436 974 482 1015 et
500 972 733 1015 cotidianis
751 972 1009 1014 uerberibus
1029 972 1086 1014 ad
1113 971 1267 1029 fugam
1293 974 1469 1015 coactus
1495 986 1604 1022 sum,
1624 974 1670 1014 et
1696 985 1783 1028 quo

275 1044 304 1083 d
322 1041 455 1084 michi
472 1041 667 1083 latebrae
682 1043 827 1083 terrae
846 1040 965 1083 illius
986 1040 1134 1083 forent
1152 1055 1180 1083 a
1199 1040 1376 1084 domino
1390 1041 1589 1092 tutiores,
1600 1041 1648 1083 in
1667 1055 1781 1084 cam-

323 1126 480 1168 porum
513 1115 558 1154 et
589 1125 823 1153 arenarum
855 1110 1116 1153 solitudines
1150 1111 1352 1155 concessi.
1411 1110 1470 1154 Et
1501 1111 1627 1168 quasi
1661 1111 1781 1154 aliud

322 1180 548 1231 defuisset,
573 1179 803 1223 consilium
835 1179 925 1222 fuit
951 1194 1225 1236 quocumque
1251 1180 1381 1223 modo
1405 1184 1594 1224 mortem
1624 1184 1781 1238 petere.
1803 1194 1842 1228 15

323 1250 437 1295 Cum
466 1250 617 1306 itaque
646 1249 736 1292 sole
764 1249 908 1291 medio
947 1249 1102 1305 rapido
1132 1252 1177 1292 et
1214 1249 1423 1307 flagranti
1452 1251 1675 1307 quandam
1703 1266 1783 1308 pro
1831 1291 1837 1296 .

321 1323 518 1376 tempore
545 1333 724 1362 caueam
750 1322 907 1361 nactus
934 1333 1071 1360 essem
1104 1318 1380 1370 latebrosam,
1406 1319 1454 1361 in
1477 1334 1574 1362 eam
1600 1324 1783 1377 penetro

322 1403 478 1445 meque
498 1388 697 1431 recondo.
755 1387 848 1430 Nec
868 1388 1009 1430 multo
1034 1391 1135 1443 post
1159 1388 1215 1430 ad
1243 1387 1429 1431 eundem
1455 1403 1632 1445 specum
1658 1390 1784 1433 uenit

323 1458 395 1500 hic
414 1458 494 1508 leo,
514 1457 649 1499 debili
678 1459 722 1499 et
749 1460 931 1499 cruento
951 1457 1072 1512 pede,
1091 1457 1283 1513 gemitus
1310 1457 1442 1500 edens
1469 1460 1515 1500 et
1542 1472 1782 1509 murmura,

322 1527 516 1569 dolorem
531 1526 860 1582 cruciatumque
874 1525 1071 1567 uulneris
1090 1525 1389 1582 ingemiscens,
1403 1541 1503 1569 cum
1526 1528 1784 1572 miserantia
1802 1541 1845 1566 πο

322 1595 550 1645 auditoris,
570 1595 607 1637 si
638 1595 736 1651 quis
766 1595 948 1637 adesset.
1007 1595 1156 1650 Atque
1185 1595 1275 1638 illic
1303 1596 1447 1652 primo
1475 1596 1653 1652 quidem
1682 1612 1782 1641 con-

323 1666 476 1720 spectu
500 1663 778 1706 aduenientis
804 1663 942 1705 leonis
969 1663 1152 1705 territus
1172 1678 1270 1705 sum
1298 1667 1343 1706 et
1369 1664 1494 1720 quasi
1514 1667 1610 1708 toto
1636 1666 1784 1709 animo

323 1735 641 1776 consternatus.
700 1732 788 1774 Sed
818 1735 1051 1788 postquam
1078 1732 1373 1789 introgressus
1398 1733 1477 1784 leo,
1497 1734 1566 1776 uti
1592 1749 1662 1777 res
1687 1735 1785 1792 ipsa

324 1801 544 1858 apparuit,
571 1801 618 1843 in
650 1801 952 1844 habitaculum
985 1801 1096 1843 illud
1128 1815 1257 1843 suum
1286 1816 1356 1844 me
1385 1802 1510 1845 uidet
1537 1803 1784 1861 ingressum

324 1870 476 1927 procul
516 1873 561 1912 et
599 1869 938 1920 delitescentem,
971 1870 1093 1912 mitis
1132 1873 1178 1913 et
1214 1874 1472 1914 mansuetus
1509 1873 1701 1925 accessit,
1740 1876 1785 1916 et
1804 1883 1843 1917 25

181 1941 260 1990 585
278 1951 308 1980 a
325 1939 550 1982 sublatum
579 1939 735 1996 pedem
764 1939 993 1981 ostendere
1022 1939 1156 1981 michi
1186 1942 1232 1981 et
1260 1940 1483 1997 porrigere
1511 1941 1606 1998 opis
1639 1942 1786 1999 gratia

325 2009 449 2051 uisus
489 2010 566 2050 est.
645 2008 727 2058 Ibi,
766 2007 924 2064 inquit,
964 2023 1045 2065 ego
1087 2008 1284 2065 stipitem
1333 2009 1558 2066 ingentem
1596 2012 1786 2069 uestigio

326 2076 450 2132 pedis
478 2076 572 2118 eius
599 2076 825 2118 herentem
852 2077 1018 2119 reuulsi
1044 2080 1384 2134 conceptamque
1410 2079 1576 2121 saniem
1602 2080 1784 2123 uulnere

325 2145 484 2188 intimo
513 2146 714 2202 expressi
738 2145 1071 2201 accuratiusque
1100 2145 1190 2188 iam
1224 2146 1318 2189 sine
1348 2135 1512 2204 magna
1549 2147 1785 2192 formidine

326 2214 487 2257 siccaui
507 2214 684 2270 penitus
703 2228 963 2270 omnemque
987 2214 1149 2257 detersi
1177 2229 1387 2259 cruorem.
1444 2215 1528 2258 Ille
1555 2219 1661 2260 tunc
1687 2232 1785 2261 mea
1803 2230 1846 2264 30

326 2298 460 2339 opera
499 2286 544 2325 et
583 2282 753 2325 medela
791 2283 977 2333 leuatus,
1015 2283 1126 2339 pede
1164 2283 1213 2325 in
1251 2283 1455 2326 manibus
1494 2285 1603 2328 meis
1642 2287 1785 2342 posito

324 2352 527 2395 recubuit
561 2354 606 2394 et
641 2352 813 2408 quieuit
837 2355 970 2408 atque
1005 2367 1061 2395 ex
1086 2367 1137 2395 eo
1167 2352 1237 2395 die
1265 2356 1410 2396 totum
1436 2353 1677 2396 triennium
1704 2370 1785 2412 ego

329 2482 372 2517 19
392 2476 476 2516 post
492 2473 648 2507 cruento
664 2473 747 2507 add.
765 2473 804 2508 et
817 2471 964 2508 crudeli
981 2471 1021 2507 M

381 2589 433 2635 14,
455 2588 494 2625 15
521 2581 624 2661 qim-§i
640 2581 743 2614 aliud
757 2581 948 2624 defuisset:
974 2582 1007 2616 si
1022 2581 1193 2626 defuisset
1211 2582 1308 2616 cibus
1325 2579 1420 2637 Gell.
1566 2582 1610 2618 16
1633 2583 1763 2638 rupida
1777 2595 1787 2618 ε

328 2626 541 2709 2ζέἶὲφῖῗέ
558 2654 670 2709 eeu.
712 2629 1787 2723 ²313²3533e3⁶55224Jssssfflmffssmrzzifflgfissz

329 2721 493 2757 Ioannes
509 2722 550 2757 et
567 2721 684 2756 uerba.
699 2732 794 2766 quae
811 2724 1019 2767 sequuntur
1033 2721 1140 2767 quasi
1156 2721 1450 2768 explicationem
1467 2721 1666 2767 addidisse.

439 2790 505 2837 362
