1878 3172
84 141 183 175 car.
197 129 331 191 xxlx]
604 129 1040 176 POLICRATICVS
1549 141 1630 183 475
1649 143 1675 172 c

82 249 302 307 cognouit,
330 251 411 293 aut
448 248 487 292 si
525 249 783 306 qualitatem
822 250 1032 307 temporis
1062 250 1333 294 imminentis
1363 250 1533 308 experi-

82 322 331 362 mentorum
359 318 533 362 indiciis
561 318 739 376 colligit.
797 318 916 361 Dum
945 322 1094 362 tamen
1122 319 1192 362 his
1220 320 1535 377 posterioribus

83 401 359 444 nequaquam
405 387 503 444 quis
551 388 617 430 ita
659 402 811 430 aurem
859 388 1165 438 accommodet,
1204 393 1256 431 ut
1302 389 1406 432 fidei
1455 391 1536 431 aut

77 455 284 512 ‚religioni
321 455 591 512 praeiudicet
603 470 614 509 ;
653 455 730 499 sed
768 470 848 500 nec
885 456 1016 514 primi
1054 457 1262 500 audiendi
1296 460 1413 508 sunt,
1446 458 1534 501 nisi

45 542 67 576 5
81 523 130 566 in
149 537 200 566 eo
219 523 337 580 quod
355 523 599 580 loquuntur
616 538 644 566 a
662 523 862 575 Domino,
882 524 999 581 quod
1018 539 1258 582 numquam
1278 525 1533 582 religionem

82 592 327 649 impugnat,
357 592 462 649 quia
495 606 649 635 uerum
683 607 789 636 uero
826 593 982 650 nequit
1014 607 1107 636 esse
1145 594 1415 636 contrarium
1454 608 1534 638 nec

81 660 245 704 bonum
265 661 389 704 bono.
448 661 511 704 At
530 661 698 718 phisici,
718 661 823 704 dum
843 665 1029 704 naturae
1049 662 1235 705 nimium
1255 663 1533 706 auctoritatis
1550 663 1580 704 d

81 729 346 782 attribuunt,
357 730 404 772 in
425 733 647 773 auctorem
662 733 847 773 naturae
866 730 1140 774 aduersando
1154 731 1256 774 fidei
1277 731 1534 788 plerumque

81 797 346 856 impingunt.
405 799 508 842 Non
527 799 644 841 enim
667 813 817 842 omnes
840 799 999 842 erroris
1024 814 1174 857 arguo,
1193 799 1296 843 licet
1321 800 1533 857 plurimos

25 881 68 907 10
83 866 297 910 audierim
322 867 378 910 de
396 868 554 918 anima,
574 867 628 910 de
657 867 900 910 uirtutibus
920 872 965 911 et
991 869 1196 925 operibus
1216 869 1322 919 eius,
1348 869 1402 912 de
1426 883 1534 927 aug-

82 938 232 978 mento
262 937 454 994 eorporis
485 939 531 979 et
561 936 864 986 diminutione,
893 937 948 979 de
980 937 1297 981 resurrectione
1328 938 1533 988 eiusdem,

82 1003 138 1047 de
166 1005 384 1048 creatione
413 1019 560 1047 rerum
589 1005 719 1048 aliter
746 1020 878 1062 quam
907 1006 1015 1049 fides
1049 1006 1211 1049 habeat
1244 1007 1532 1064 disputantes.

82 1071 150 1116 De
168 1073 264 1131 ipso
283 1088 455 1131 quoque
474 1073 568 1117 Deo
587 1074 810 1117 interdum
828 1074 895 1117 ita
913 1074 1166 1131 loquuntur,
1185 1078 1238 1118 ut

309 1181 348 1225 si
376 1181 623 1240 terrigenae
651 1185 922 1239 temptarent
949 1186 1070 1226 astra
1092 1183 1307 1241 gigantes,

7 1307 66 1348 ἐ15
83 1290 130 1332 et
175 1288 299 1332 inani
340 1292 501 1333 conatu
548 1299 666 1333 cum·
697 1289 946 1332 Enchelado
993 1293 1046 1332 ut
1094 1290 1156 1333 eis
1206 1290 1378 1333 Ethnae
1423 1305 1534 1334 onus

7 1356 24 1381 '‘
82 1357 314 1414 ignifluum
340 1357 595 1415 imponatur
612 1359 794 1415 cupiant
820 1359 1068 1415 promereri.
1127 1359 1215 1402 Sed
1241 1359 1288 1402 in
1312 1360 1382 1402 his
1405 1359 1535 1403 facile

81 1425 172 1468 labi
209 1429 404 1483 possunt,
433 1427 537 1483 quia
575 1427 916 1483 quanticumque
954 1427 1121 1485 ingenii
1149 1428 1267 1471 uires
1295 1429 1408 1471 citra
1435 1443 1535 1485 pro-

82 1492 351 1538 funditatem
389 1495 660 1538 difficultatis
698 1510 811 1552 quae
849 1496 897 1538 in
935 1495 1005 1538 his
1043 1496 1237 1539 uertitur
1274 1497 1533 1541 subsistunt.
1550 1501 1634 1551 476
1654 1511 1685 1540 a

6 1594 9 1599 -
82 1562 171 1605 Vbi
209 1577 316 1606 uero
353 1563 502 1607 deficit
539 1564 799 1614 intellectus,
832 1564 935 1607 fidei
974 1565 1144 1608 ratione
1183 1565 1382 1616 deducta,
1421 1581 1533 1623 quae

6 1646 70 1674 ,ιο
83 1631 228 1674 media
258 1634 336 1683 est,
369 1635 508 1675 restat
539 1633 632 1676 sola
665 1633 823 1690 opinio.
883 1632 996 1677 Cum
1029 1648 1135 1676 uero
1165 1634 1220 1677 de
1250 1634 1534 1680 inferioribus

7 1742 9 1745 .
83 1701 322 1757 quaeritur,
346 1705 457 1758 puta
482 1702 537 1744 de
562 1702 860 1758 complexione
886 1702 1090 1746 animalis
1116 1703 1171 1746 de
1198 1717 1330 1746 causa
1358 1707 1404 1747 et
1427 1719 1535 1748 cura

14 1815 17 1816 ⁷
82 1769 345 1826 egritudinis
363 1770 426 1812 eis
446 1771 624 1813 omnino
642 1771 779 1813 nichil
802 1771 925 1814 deest
950 1775 1126 1828 praeter
1148 1773 1351 1815 effectum
1377 1774 1533 1830 operis,

0 1818 2 1875 l
81 1837 121 1879 si
149 1837 188 1880 is
216 1837 500 1882 desideratur.
551 1839 617 1883 ,Et
646 1839 822 1895 quidem
851 1840 1035 1883 theorici
1065 1841 1272 1897 quiequid
1303 1856 1432 1884 suum
1466 1846 1534 1885 est

0 1896 1 1951 ἰ
82 1905 265 1957 faciunt,
284 1909 330 1949 et
358 1906 474 1950 forte
502 1921 582 1964 pro
610 1921 757 1950 amore
786 1910 865 1950 tuo
893 1908 1082 1964 amplius
1111 1910 1357 1967 erogabunt
1385 1911 1442 1952 ab
1470 1910 1534 1953 eis

0 1963 1 2016 J
25 1989 67 2025 ³5
82 1974 355 2032 singularum
388 1989 535 2018 rerum
568 1989 720 2018 causas
758 1978 804 2017 et
841 1979 1024 2019 naturas
1052 1978 1247 2034 accipies.
1318 1979 1534 2022 Sanitatis

0 2062 1 2066 ¹
82 2043 346 2101 egritudinis
365 2047 411 2086 et
429 2043 728 2086 neutralitatis
752 2058 950 2086 censores
974 2049 1090 2088 sunt.
1148 2046 1272 2089 Dant
1297 2048 1533 2090 sanitatem

82 2112 219 2155 uerbo
261 2115 391 2155 tenus
433 2116 478 2155 et
516 2115 801 2164 conseruant3
849 2114 1179 2156 neutralitatem
1224 2116 1380 2158 iubent
1418 2117 1533 2160 istuc

82 2180 302 2223 diuertere
314 2195 325 2233 3
371 2180 634 2237 egritudinis
672 2181 933 2236 praeuident
978 2186 1023 2224 et
1068 2182 1227 2226 docent
1264 2198 1428 2235 causas,
1466 2185 1534 2228 in·

83 2248 237 2292 dicunt
275 2249 316 2291 ei
354 2249 533 2292 initium
572 2252 858 2305 augmentum
897 2253 1063 2292 statum
1102 2254 1148 2293 et
1186 2251 1534 2297 declinationem.

25 2329 70 2364 ao
85 2316 203 2370 Quid
221 2318 362 2360 multa
378 2319 395 2361 ’ἒ
453 2317 566 2362 Cum
586 2333 659 2360 eos
679 2318 824 2369 audio,
835 2318 1045 2361 uidentur
1063 2320 1173 2362 mihi
1193 2335 1319 2377 posse
1337 2325 1534 2365 mortuos

83 2386 307 2437 suscitare,
339 2401 419 2430 nec
454 2387 685 2443 Eseulapio
720 2387 992 2430 Mercurioue
1023 2388 1263 2431 creduntur
1291 2389 1533 2434 inferiores.
1549 2393 1580 2432 b

83 2453 397 2498 Verumtamen
426 2456 473 2497 in
503 2470 554 2498 eo
587 2470 748 2513 magna
776 2456 937 2498 mentis
970 2457 1274 2501 ammiratione
1311 2459 1535 2503 distrahor

134 2609 177 2643 14
200 2601 241 2635 Si
255 2602 451 2645 teni-uenae
466 2602 563 2637 etc.:
587 2600 674 2636 Luc.
693 2601 819 2637 Phar-s.
836 2599 889 2636 iii.
909 2602 988 2646 316.
1160 2612 1213 2649 15,
1237 2605 1280 2641 16
1303 2605 1533 2642 Enchelado:

85 2643 267 2682 Enceladi
289 2647 520 2684 mentionem
544 2659 655 2693 saepe
679 2648 824 2683 faciunt
847 2652 1018 2685 auctores
1043 2661 1135 2694 quos
1158 2649 1255 2698 legit
1278 2651 1422 2694 Noster,
1448 2665 1481 2689 e.
1494 2666 1532 2700 g.

86 2691 222 2730 Lucan.
238 2695 366 2730 Pham.
381 2694 430 2729 vi·
448 2705 537 2740 294;
570 2694 763 2730 Claudian.
781 2698 822 2730 in
845 2696 924 2731 III.
947 2707 1041 2732 cons.
1057 2698 1195 2735 Honor.
1217 2700 1276 2734 161
1294 2712 1303 2744 ;
1337 2702 1534 2745 ignifluum

87 2749 148 2786 ap.
164 2739 358 2778 claudian.
375 2743 460 2777 ibid.
481 2743 546 2787 196
562 2741 603 2777 in
618 2744 800 2778 contextu
815 2742 917 2778 haud
934 2742 1109 2780 dissimili
1124 2745 1320 2792 reperitur.

1361 2816 1422 2860 167
