1878 3172
205 180 283 220 552
303 181 334 210 a
374 151 376 154 ,
676 167 937 212 IOANNIS
977 167 1488 213 SARESBERIENSIS
1653 166 1765 228 [Lm.
1779 179 1811 212 v
1874 177 1878 235 ξ

347 303 471 333 secus
501 303 639 346 aquas
670 289 1007 346 (scripturarum
1037 290 1192 346 utique
1221 292 1268 333 et
1301 290 1536 341 uirtutum,
1560 290 1616 333 de
1649 290 1810 347 quibus

347 359 499 415 supra)
521 361 567 402 et
581 362 583 365 “
597 373 669 402 ros
690 359 872 412 <scilicet
901 359 1090 416 gratiae)
1111 359 1360 402 morabitur
1389 359 1437 401 in
1466 359 1681 402 messione
1700 374 1808 402 mea.

347 427 555 485 Intellige
566 428 782 471 bonorum
796 443 988 485 operum,
1002 443 1189 487 quorum
1204 428 1451 486 manipulos
1465 429 1614 472 electis
1628 432 1810 488 reponet

300 503 329 542 b
349 498 468 554 apud
495 512 541 540 se
573 497 622 539 in
653 497 730 540 illa
760 498 831 540 die
861 498 1006 541 iustus
1035 498 1181 541 iudex,
1241 498 1368 541 Vnde
1398 499 1623 555 sequitur:
1659 498 1811 541 Gloria

347 581 446 609 mea
465 581 637 623 semper
655 567 945 609 innouabitur
963 570 1010 610 et
1038 582 1165 611 arcus
1185 582 1309 610 meus
1329 567 1654 610 instaurabitur
1665 582 1675 621 ;
1705 568 1810 625 quia
1830 584 1848 617 5

463 645 531 686 est
560 642 728 699 aliquid
758 656 846 699 quo
874 643 1021 686 tendit
1049 646 1095 686 et
1123 643 1171 685 in
1201 657 1288 700 quo
1317 632 1474 700 dirigit
1502 657 1653 687 arcum

346 717 503 768 iustus,

504 808 584 836 nec
613 793 777 850 passim
806 793 1007 850 sequitur
1034 806 1189 836 coruos
1217 795 1419 849 testaque
1447 792 1639 849 lutoque.

346 866 434 920 Qui
454 882 524 911 me
544 868 795 918 audiebant,
808 868 1102 925 expectabant
1121 867 1399 918 sententiam,
1412 870 1457 910 et
1471 870 1627 911 cetera.
1668 867 1808 926 Saepe

345 936 514 980 dictum
549 940 617 980 est
649 938 915 980 sententiam
949 938 997 979 in
1031 938 1146 980 bono
1176 952 1348 995 semper
1376 938 1674 996 accipiendam
1704 952 1808 988 esse,
1830 955 1870 978 10

345 1005 475 1049 iuxta
512 1007 650 1050 illud:
700 1007 954 1064 Sapientior
992 1007 1172 1050 uidetur
1205 1007 1290 1049 sibi
1328 1007 1454 1065 piger
1491 1011 1659 1065 septem
1699 1008 1809 1051 uiris

343 1075 627 1132 loquentibus
653 1076 907 1119 sententias.
965 1076 1108 1118 Audis
1135 1076 1183 1118 in
1209 1076 1408 1133 sapiente
1433 1077 1523 1119 tria
1541 1091 1808 1120 concurrere.

343 1144 528 1198 Intenti,
557 1145 715 1202 inquit,
745 1146 953 1189 tacebant
981 1146 1039 1188 ad
1068 1145 1300 1189 consilium
1329 1160 1487 1197 meum,
1517 1146 1665 1189 uerbis
1698 1146 1807 1190 meis

343 1215 480 1258 nichil
501 1215 662 1258 addere
682 1215 917 1266 audebant,
937 1215 1135 1258 stillabat
1155 1230 1287 1272 super
1306 1230 1379 1258 eos
1398 1216 1621 1272 eloquium
1647 1230 1806 1259 meum.

303 1291 328 1321 c
346 1283 432 1327 Res
465 1284 605 1327 ardua
638 1284 860 1327 desiderat
890 1285 1182 1327 attentionem
1217 1287 1263 1327 et
1291 1284 1439 1327 uirum
1468 1299 1652 1342 grauem
1681 1285 1806 1328 decet
1827 1299 1867 1333 15

343 1352 526 1396 consilia
554 1353 772 1403 meditari,
801 1355 854 1395 ut
883 1353 1092 1410 quicquid
1134 1354 1240 1411 agit,
1270 1353 1479 1410 quicquid
1509 1353 1718 1410 loquitur,
1747 1353 1807 1396 sit
1836 1368 1842 1372 ’

343 1436 424 1479 pro
444 1423 624 1465 consilio
645 1422 813 1465 homini
840 1423 1103 1479 sapientiam
1134 1423 1370 1467 affectanti.
1429 1424 1509 1467 Est
1538 1427 1688 1466 autem
1718 1424 1807 1467 oris

342 1491 585 1534 circumcisi
605 1491 683 1534 illa
701 1491 910 1548 proferre,
924 1492 1084 1548 quibus
1104 1492 1240 1535 nichil
1260 1492 1390 1535 liceat
1406 1493 1522 1535 demi
1539 1493 1611 1535 uel
1631 1493 1807 1550 apponi.

342 1560 424 1601 Est
455 1563 604 1602 autem
639 1560 737 1602 uiro
770 1560 899 1616 graui
930 1561 1247 1617 turpissimum,
1280 1561 1318 1603 si
1357 1561 1523 1618 iugiter
1557 1576 1602 1604 se
1638 1561 1803 1604 fabulis

342 1629 388 1670 et
407 1628 537 1684 nugis
564 1628 807 1671 immisceat
827 1631 872 1671 et
898 1629 1016 1671 inter
1034 1629 1361 1686 congarrientes
1387 1632 1636 1687 perstrepat
1661 1631 1803 1673 ueluti
1825 1647 1867 1670 20

341 1696 524 1739 rabulus
543 1711 672 1739 anser
690 1697 917 1740 admixtus
931 1697 1124 1740 oloribus
1144 1699 1190 1740 et
1208 1712 1382 1740 omnem
1402 1698 1633 1741 materiam
1653 1699 1805 1742 credat

343 1768 496 1822 aptam
516 1780 609 1809 esse
629 1766 798 1823 litigiis.

428 1846 686 1903 Ambigitur
705 1847 812 1903 quid
833 1847 981 1890 enim?
1041 1846 1200 1890 Castor
1219 1847 1330 1890 sciat
1350 1861 1408 1889 an
1428 1846 1594 1891 Docilis
1613 1847 1727 1904 plus,

427 1904 730 1947 Brundusium
750 1905 929 1948 Numici
951 1905 1107 1947 melius
1127 1905 1203 1947 uia
1222 1905 1356 1947 ducat
1375 1919 1434 1947 an
1453 1905 1570 1962 Apii.

342 1983 574 2027 Praeterea
600 1999 712 2041 quae
737 1985 978 2035 abundant,
998 1985 1067 2027 sui
1094 1985 1352 2041 copiositate
1380 1985 1609 2035 uilescunt‚
1631 1987 1676 2028 et
1701 2000 1801 2029 cum
1823 1992 1878 2034 25'

340 2054 621 2110 multiloquio
647 2057 874 2111 peccatum
895 2068 983 2096 non
1004 2054 1129 2104 desit,
1149 2068 1290 2110 pauca
1315 2055 1557 2111 prudenter
1582 2055 1802 2112 loquentis

280 2135 287 2139 ⁵
340 2137 483 2165 sermo
513 2125 581 2165 est
609 2123 837 2179 pretiosus.
897 2123 1025 2165 Vnde
1061 2123 1263 2165 Socrates
1298 2124 1527 2179 quaerenti
1555 2138 1642 2180 quo
1673 2124 1803 2167 modo

340 2217 382 2252 18
407 2215 511 2252 demi
527 2215 643 2252 liceat
661 2215 730 2251 C¹S
841 2225 896 2260 21,
926 2226 970 2252 22
994 2216 1124 2262 aptam
1142 2215 1272 2252 credat
1288 2215 1321 2251 A
1438 2225 1484 2260 24
1508 2215 1598 2262 appi
1615 2215 1646 2251 Β
1758 2224 1802 2262 25

337 2263 564 2299 habundant
581 2262 697 2298 A¹SM

387 2355 407 2389 3
434 2347 660 2390 manipulos:
687 2357 718 2379 v.
741 2344 798 2379 Ps.
816 2355 921 2381 cxxv.
935 2345 971 2380 6.
1063 2348 1207 2388 reponet
1224 2345 1319 2379 etc.:
1344 2354 1376 2378 v.
1397 2353 1418 2379 2
1435 2341 1529 2378 Tim.
1546 2341 1594 2378 iv.
1614 2344 1644 2379 8.
1778 2353 1802 2388 4

344 2392 470 2427 Gloria
488 2394 579 2428 etc.:
607 2392 672 2428 Iob
689 2391 789 2426 xxix.
809 2401 865 2426 20.
1020 2391 1042 2426 6
1068 2396 1118 2426 est
1133 2391 1273 2437 aliquid
1289 2391 1382 2426 etc.:
1408 2401 1440 2425 v.
1459 2389 1558 2426 Pers.
1578 2391 1653 2426 Sat.
1673 2388 1728 2426 iii.
1744 2391 1801 2433 60,

339 2439 397 2474 61.
543 2449 566 2484 9
593 2441 662 2483 Qui
679 2451 733 2474 me
754 2440 826 2474 etc.
843 2449 852 2473 ε
880 2437 946 2473 Iob
963 2437 1064 2473 xxix.
1082 2448 1136 2473 21.
1285 2448 1323 2473 11
1351 2438 1559 2483 Sapientior
1573 2439 1668 2473 etc.:
1696 2437 1801 2473 Prov.
1873 2452 1876 2454 ·

340 2485 437 2521 xxvi.
462 2487 514 2522 16.
663 2497 704 2530 13
730 2487 868 2520 Intenti
884 2487 979 2521 etc.:
1007 2485 1073 2521 Iob
1091 2484 1190 2519 xxix.
1210 2494 1265 2526 21,
1286 2494 1344 2520 22.
1506 2492 1559 2527 17,
1582 2485 1622 2519 18
1647 2486 1721 2519 oris
1736 2486 1802 2520 cir-

340 2534 509 2568 cumcisi:
537 2533 583 2568 cf.
602 2531 718 2569 Exod.
730 2532 777 2568 vi.
794 2543 845 2568 12.
966 2534 1010 2567 21'
1037 2534 1206 2567 rabulus:
1232 2533 1322 2566 Item
1339 2543 1362 2566 a
1378 2529 1482 2566 rabie
1499 2532 1635 2566 dicitur
1648 2531 1801 2567 rabulus

341 2606 349 2615 .
370 2607 378 2614 .
398 2606 406 2614 .
423 2585 456 2614 et
480 2580 631 2615 rabidus
649 2607 657 2616 .
677 2607 686 2616 .
706 2606 715 2614 .
735 2583 758 2615 i.
773 2592 800 2615 e.
817 2580 917 2615 rabie
937 2581 1078 2625 plenus,
1101 2580 1217 2614 rabiei
1232 2581 1361 2623 datu-35
1376 2580 1509 2622 furore
1528 2579 1660 2622 plenus
1683 2580 1802 2614 iratus
1876 2579 1878 2614 j

339 2628 495 2661 insanus
520 2626 648 2662 Ioann.
671 2627 716 2664 de
742 2627 862 2662 Ianua
891 2627 1061 2662 Catholic.
1089 2638 1115 2661 s.
1125 2638 1156 2661 v.
1175 2627 1309 2667 rabies;
1342 2637 1374 2661 v.
1400 2624 1459 2660 Du
1484 2623 1609 2671 Gange
1635 2624 1691 2660 ed.
1713 2626 1801 2661 1886
1876 2627 1878 2653 ἶ

339 2685 366 2708 s.
380 2685 413 2707 v.
431 2675 589 2709 rabulus.
704 2684 748 2719 23
773 2674 983 2718 Ambiqitur
997 2675 1092 2709 etc.:
1127 2673 1216 2708 Hor.
1234 2674 1304 2718 Ep.
1321 2671 1345 2708 i.
1367 2673 1419 2708 18.
1441 2681 1491 2716 19,
1511 2682 1566 2706 20.
1641 2673 1800 2707 Docilis:

338 2721 505 2755 Dolichos
521 2721 609 2756 Hor.
722 2731 767 2764 24
790 2722 957 2756 Numici:
987 2722 1131 2755 Minuci
1147 2720 1237 2755 Hor.
1344 2728 1387 2763 27
1418 2720 1516 2753 Vnde
1532 2719 1690 2754 Socrates
1706 2721 1798 2754 etc.:

339 2767 385 2803 cf.
403 2778 497 2812 quae
514 2767 609 2803 citat
627 2767 860 2804 Woelfflinus
879 2768 976 2803 caeo.
990 2769 1141 2812 Balb.p.
1156 2778 1199 2812 33
1214 2778 1259 2802 ex
1276 2767 1356 2802 cod.
1375 2765 1593 2801 Monacensi
1610 2767 1801 2810 Ayesilaus

339 2816 589 2859 interroyatus,
613 2817 909 2860 quemadmodum
933 2816 1013 2861 quis
1040 2816 1245 2851 hominibus
1265 2815 1409 2860 placere
1427 2818 1554 2859 posset,
1581 2814 1623 2848 Si
1643 2814 1796 2858 gesserit,

449 2878 515 2912 304
