1878 3172
144 178 237 226 469
257 187 288 217 a
631 173 894 219 IOANNIS
935 173 1450 218 SARESBERIENSIS
1602 171 1712 233 [ΜΒ.
1729 183 1771 217 11
1852 160 1854 167 ι

303 296 504 340 centibus
519 310 592 339 eos
611 295 931 352 obtemperant,
947 294 1084 338 donec
1099 309 1172 338 eos
1191 309 1338 337 secum
1353 293 1535 337 erimine
1555 293 1773 351 sacrilegii

305 367 351 407 et
379 378 494 421 pena
523 364 853 422 dampnationis
887 363 1135 407 inuoluant.
1194 363 1532 420 Transfigurant
1561 363 1695 406 etiam
1725 377 1772 406 se
1824 415 1826 418 y
1856 390 1857 393 =

304 433 530 477 interdum
555 433 603 476 in
632 433 811 491 angelos
837 432 959 484 lucis,
980 433 1166 476 honesta
1191 431 1284 475 sola
1310 432 1599 489 praecipiunt,
1617 431 1774 475 illicita

305 503 555 560 prohibent,
582 503 849 545 munditiam
879 505 1200 553 consectantur,
1226 501 1499 544 utilitatibus
1526 500 1775 559 pmuident,

305 560 358 615 ut
379 572 504 628 quasi
524 571 629 615 boni
650 575 695 614 et
714 571 897 629 propitii
918 571 1183 613 familiarius
1207 570 1515 620 admittantur,
1535 570 1775 612 audiantur
1793 587 1815 622 5

305 641 553 698 benignius,
573 644 779 684 amentur
806 641 959 695 artius,
988 640 1163 683 facilius
1189 640 1494 683 exaudiantur.
1557 639 1775 683 Habitum

307 724 481 767 quoque
520 710 714 752 induunt
750 709 1071 752 uenerabilium
1111 723 1409 766 personarum,
1443 711 1496 751 ut
1535 709 1598 752 eis
1635 708 1777 750 maior

308 782 354 822 et
373 779 620 836 promptior
639 779 889 821 reuerentia
909 778 1204 835 impendatur.
1261 778 1320 821 Et
1340 778 1405 821 ait
1421 777 1555 821 Saul:
1591 776 1778 822 Coartor

261 853 291 891 b
309 848 453 899 nimis,
473 848 690 904 siquidem
718 847 957 890 Philistiim
984 850 1188 905 pugnant
1217 847 1453 890 aduersum
1479 862 1561 897 me,
1585 849 1630 889 et
1656 845 1778 888 Deus

309 917 487 960 recessit
503 932 530 959 a
549 931 619 959 me
641 920 686 959 et
706 917 917 959 exaudire
937 931 1007 974 me
1023 916 1167 959 noluit
1186 931 1328 973 neque
1348 916 1395 958 in
1415 931 1551 958 manu
1570 915 1777 973 prophet·
1796 930 1840 956 10

309 1001 436 1029 arum
471 1000 613 1042 neque
644 1000 724 1042 per
757 986 937 1028 somnia.
997 985 1164 1028 Vocaui
1200 1000 1304 1043 ergo
1343 988 1400 1036 te,
1434 988 1488 1028 ut
1527 984 1779 1028 ostenderes
1860 994 1863 995 ’

309 1055 444 1099 michi
473 1055 579 1112 quid
609 1054 781 1097 faciam.
841 1054 906 1097 Ac
933 1055 970 1097 si
1001 1057 1152 1111 aperte
1183 1054 1327 1097 dicat:
1377 1054 1432 1096 In
1462 1053 1780 1111 desperationis
1856 1055 1861 1061 ‘

309 1125 520 1181 abyssum
560 1123 877 1180 praecipitatus
916 1138 1039 1176 sum;
1077 1124 1344 1180 impugnant
1375 1123 1585 1173 homines,
1617 1122 1782 1165 deserit
1860 1159 1861 1162 ,

310 1193 443 1244 Deus,
475 1195 520 1236 et
559 1207 640 1250 ego
680 1193 737 1235 ad
777 1195 834 1243 te,
870 1193 947 1249 qui
986 1193 1034 1234 in
1075 1193 1266 1235 ueritate
1300 1193 1500 1249 utrisque
1539 1191 1780 1234 inimicaris

310 1261 531 1319 confugio,
566 1265 618 1304 ut
651 1261 777 1318 quasi
810 1261 964 1304 doctor
995 1261 1261 1318 discipulum
1293 1261 1459 1311 doceas,
1492 1261 1599 1318 quid
1633 1275 1703 1303 me
1733 1259 1781 1302 in
1802 1271 1871 1315 15ss

310 1334 440 1374 tanta
460 1331 668 1388 angustia
688 1333 891 1387 oporteat
911 1329 1066 1374 facere.
1126 1331 1250 1373 Licet
1274 1330 1391 1373 enim
1412 1345 1512 1373 eum
1537 1330 1612 1387 qui
1633 1329 1780 1386 loque·

311 1400 446 1444 batur
475 1400 672 1443 crederet
702 1399 964 1450 Samuelem,
995 1403 1145 1442 tamen
1174 1400 1222 1441 in
1253 1400 1444 1442 ueritate
1474 1402 1570 1442 erat
1599 1399 1783 1456 angelus
1827 1437 1833 1441 .
1865 1395 1870 1444 Ξ

313 1469 548 1512 Sathanae.
609 1468 704 1511 Nec
724 1469 872 1525 potuit
892 1468 1207 1525 eiignorantia
1226 1468 1471 1525 suffragari,
1491 1483 1591 1511 cum
1614 1467 1782 1510 nemini

310 1538 442 1581 liceat
462 1538 666 1595 ignorare
686 1541 946 1589 creaturam,
963 1552 1075 1593 quae
1096 1552 1142 1580 se
1162 1537 1334 1594 appetit
1353 1536 1539 1587 adorari,
1559 1537 1782 1580 infidelem

312 1609 358 1649 et
388 1620 620 1662 peruersae
649 1605 896 1648 uoluntatis
927 1620 1029 1648 esse.
1090 1605 1267 1648 Sciebat
1297 1606 1432 1648 etiam
1459 1605 1664 1649 illicitum
1689 1620 1781 1649 esse
1802 1622 1846 1647 πο

313 1675 473 1718 ariolos
488 1677 533 1717 et
554 1689 706 1731 magos
726 1674 949 1730 inquirere
970 1677 1015 1716 et
1035 1674 1089 1717 de
1106 1674 1272 1717 futuris
1287 1674 1522 1717 sollicitare
1542 1675 1783 1731 phitonem.

272 1753 297 1783 c
315 1743 444 1796 Quod
478 1743 515 1786 si
552 1757 651 1785 eum
687 1743 942 1800 ignorantia
975 1758 1188 1800 personae
1227 1746 1421 1796 excusat,
1455 1744 1648 1787 melioris
1682 1758 1784 1788 con-

314 1812 497 1854 ditionis
532 1815 664 1855 erunt
699 1812 828 1854 stulti
864 1827 995 1868 quam
1029 1812 1162 1868 periti
1193 1815 1238 1855 et
1267 1812 1464 1869 peruersi
1497 1827 1630 1870 quam
1663 1813 1785 1856 recti.
1871 1805 1878 1863 ἒ

316 1881 376 1924 Et
419 1881 484 1923 ait
531 1880 709 1923 Samuel
750 1881 858 1938 (non
903 1881 1106 1937 equidem
1149 1896 1282 1924 uerus
1328 1882 1405 1924 sed
1448 1882 1701 1925 umbratilis
1740 1884 1787 1925 et

314 1949 510 2000 fictitius,
532 1952 578 1992 et
599 1964 685 2005 quo
706 1949 868 2006 dignus
892 1952 959 1992 est
979 1950 1142 2006 impius
1167 1954 1212 1993 et
1239 1951 1451 2007 reprobus
1470 1949 1759 2008 consultator)
1776 1966 1786 1993 z
1805 1964 1846 1999 25
1871 1933 1878 2007 1

318 2018 436 2071 Quid
484 2033 555 2061 me
601 2018 862 2075 interrogas,
897 2033 998 2061 cum
1044 2019 1263 2062 Dominus
1307 2020 1534 2062 recesserit
1580 2035 1608 2062 a
1652 2022 1698 2063 te
1741 2022 1787 2062 et
1869 2010 1878 2072 ξ

317 2087 546 2131 transierit
581 2086 638 2130 ad
674 2087 869 2129 emulum
900 2089 1060 2132 tuum'ss
1119 2088 1430 2145 Responsionis
1464 2089 1644 2131 initium
1683 2088 1787 2131 fidei
1873 2073 1878 2093 ⁶

318 2159 662 2200 consentaneum
703 2158 770 2199 est
810 2159 856 2199 et
895 2157 1222 2199 accommodum
1263 2157 1438 2200 rationi.
1513 2157 1631 2210 Quid
1671 2157 1788 2200 enim

319 2225 518 2269 conferet
552 2228 756 2268 creatura
794 2225 872 2275 illi,
912 2240 1043 2282 quem
1083 2226 1246 2268 deserit
1281 2226 1402 2269 Deus
1441 2229 1486 2269 et
1525 2226 1595 2269 cui
1634 2225 1789 2282 diripit
1872 2254 1878 2277 s

321 2294 491 2352 spolia‘ss
551 2294 639 2336 Sed
670 2294 832 2336 sensim
862 2294 919 2336 ad
949 2294 995 2337 id
1026 2295 1143 2351 quod
1173 2309 1302 2337 suum
1334 2298 1411 2346 est,
1440 2295 1581 2338 hostis
1611 2298 1657 2338 et
1685 2294 1788 2338 fidei
1807 2287 1878 2341 30³}

322 2363 527 2406 inimicus
556 2362 747 2405 -diuertit
779 2363 1027 2405 immiscens
1062 2363 1177 2405 falsa
1210 2363 1328 2406 ueris
1362 2366 1408 2406 et
1441 2363 1669 2406 mendacia
1701 2364 1789 2407 fide

323 2431 528 2474 ueritatis
547 2431 822 2474 obnubilans.
882 2431 1094 2488 Sequitur
1114 2432 1254 2475 enim:
1295 2432 1446 2495 Faciet
1468 2432 1551 2474 tibi
1572 2432 1790 2475 Dominus
1849 2436 1852 2440 ’

327 2537 348 2563 2
374 2527 633 2563 damnationis
650 2527 674 2564 S
841 2538 863 2574 9
887 2528 1060 2565 dominus
1075 2528 1110 2565 A
1276 2539 1321 2567 10
1343 2540 1403 2566 me
1421 2540 1488 2565 om.
1506 2528 1572 2565 SM
1746 2537 1787 2567 11

327 2573 503 2620 sompnia
518 2574 592 2609 AM
739 2585 780 2621 13
806 2575 972 2612 abissum
988 2576 1022 2611 A

375 2670 396 2696 2
419 2661 705 2713 Transfiyurant
722 2663 794 2697 etc.
810 2673 819 2697 :
845 2673 878 2697 ν.
896 2672 917 2697 2
936 2661 1016 2698 Cor.
1034 2661 1083 2699 xi.
1104 2672 1157 2706 14.
1253 2663 1274 2698 8
1297 2663 1349 2698 Et
1364 2663 1418 2698 ait
1433 2663 1523 2697 Saul
1539 2663 1633 2698 etc.:
1659 2672 1679 2698 2
1697 2661 1790 2754 Reg4.
1870 2635 1878 2715 1

328 2706 455 2743 xxviii.
477 2717 529 2753 15.
684 2718 730 2743 20
754 2710 941 2744 illicitum:
970 2721 1002 2744 v.
1021 2709 1104 2746 Lev.
1122 2708 1196 2745 xix.
1213 2709 1258 2755 63
1283 2708 1397 2745 Deut.
1415 2708 1518 2744 xviii.
1538 2719 1591 2745 11.

328 2756 379 2790 Et
394 2756 448 2789 ait
464 2756 609 2790 Samuel
626 2756 724 2793 etc..
716 2767 724 2775 ·
751 2766 773 2792 2
792 2756 883 2802 Reg.
901 2755 1029 2794 xxviii.
1051 2758 1104 2794 16.
1327 2766 1372 2802 32
1397 2757 1521 2793 Faciet
1537 2757 1631 2794 eta:
1658 2766 1680 2792 2
1697 2719 1790 2804 Re2g4.
1861 2718 1878 2810 1

329 2801 457 2839 xxviii.
480 2812 494 2838 1
501 2811 581 2847 7-9.
1872 2815 1878 2855 g

443 2881 458 2906 1
465 2870 509 2916 56
1873 2863 1878 2870 '¹
