1878 3172
206 176 282 218 555
301 177 327 207 c
667 166 928 210 IOANNIS
968 166 1480 213 SARESBERIENSIS
1642 167 1755 229 [ΜΒ.
1768 180 1801 214 v
1875 200 1878 202 -

341 286 398 329 ad
428 300 638 343 sponsum
667 286 862 339 remissa,
889 287 1122 330 uniuersae
1151 287 1297 345 gentis
1325 302 1405 345 per
1432 289 1514 332 hoc
1542 288 1800 333 beneficium

342 355 427 398 sibi
451 358 621 398 mentes
651 356 961 399 reconciliauit.
1032 356 1106 399 Sic
1131 356 1410 400 humanitate
1435 371 1615 401 suorum
1639 358 1801 402 alieno-

342 439 443 467 rum
466 425 636 468 animos
662 426 747 468 sibi
773 426 946 469 iustitia
965 426 1182 470 deuinxit.
1239 426 1393 470 Simile
1418 430 1486 470 est
1511 427 1629 484 quod
1655 427 1803 484 Scipio

343 494 593 538 Affricanus
632 495 680 537 in
720 495 939 552 Hispania
976 496 1160 553 gessisse
1205 495 1380 553 legitur,
1418 496 1489 539 cui
1537 510 1637 539 cum
1675 497 1804 554 uirgo
1874 519 1878 524 ·

343 565 514 616 nobilis,
526 565 723 608 omnium
743 565 791 607 in
811 580 857 608 se
877 565 1044 608 decoris
1058 565 1351 608 admiratione
1364 567 1625 609 conuertens
1644 566 1802 617 0011108,
1821 584 1840 618 5
1873 579 1878 606 1

343 634 535 677 adducta
558 637 683 685 esset,
707 649 803 677 eam
830 649 989 691 sponso
1016 634 1193 677 nomine
1219 633 1361 677 Alicio
1387 634 1591 685 reddidit,
1611 634 1803 678 adiciens
1872 626 1878 670 ἶ

344 706 390 746 01
420 718 579 746 aurum
615 704 732 760 quod
761 707 966 782 parentes
1001 704 1048 746 in
1077 703 1422 761 redemptionem
1453 703 1656 761 captiuae
1684 706 1803 747 attu-

334 772 501 825 lerant,
531 775 584 816 ut
623 775 737 816 esset
774 773 940 831 uirgini
979 773 1027 815 in
1058 773 1206 816 dotem
1239 775 1319 816 aut
1357 773 1518 816 marito
1555 773 1604 815 in
1642 787 1804 816 munus

344 841 556 898 nuptiale.
634 841 793 898 Itaque
822 841 1056 898 multiplici
1093 841 1422 899 magnificentia
1460 841 1668 885 uniuersa
1695 856 1804 899 gens

301 916 330 956 d
346 911 477 962 uicta,
496 925 609 967 quae
635 910 752 953 forte
778 911 888 954 alias
914 925 1089 954 cessura
1114 925 1204 954 non
1230 910 1390 963 fuerat,
1417 910 1604 954 Romani
1628 911 1803 968 imperii
1823 929 1864 953 10

343 980 507 1037 populo
533 980 726 1024 accessit.
796 979 984 1024 Camillo
1011 980 1202 1023 Faliscos
1227 979 1446 1023 obsidenti
1472 980 1684 1038 magister
1709 980 1803 1023 ludi

342 1050 502 1093 liberos
523 1049 793 1093 Faliscorum
811 1053 1039 1106 tamquam
1060 1049 1316 1092 ambulandi
1335 1064 1466 1093 causa
1480 1052 1609 1093 extra
1627 1064 1805 1092 murum

343 1119 522 1162 eductos
549 1119 746 1170 tradidit,
766 1119 914 1162 dicens
940 1119 1125 1162 retentis
1153 1119 1379 1162 obsidibus
1406 1119 1634 1162 ciuitatem
1659 1133 1805 1162 neces-

343 1189 460 1232 sario
479 1188 699 1232 facturam
719 1188 947 1246 imperata.
1007 1187 1221 1232 Camillus
1240 1203 1346 1231 uero
1365 1201 1454 1231 non
1474 1188 1615 1231 solum
1635 1187 1806 1245 spreuit

343 1258 574 1315 perfidiam
613 1258 689 1301 sed
730 1258 945 1301 restrictis
988 1258 1194 1300 manibus
1238 1260 1339 1315 post
1382 1260 1509 1314 terga
1542 1257 1804 1315 magistrum
1825 1273 1878 1311 15·

344 1328 485 1385 uirgis
512 1328 731 1385 agendum
752 1327 809 1370 ad
833 1330 1038 1385 parentes
1064 1327 1212 1384 pueris
1241 1327 1439 1378 tradidit,
1459 1327 1646 1384 adeptus
1675 1326 1804 1369 bene-
1824 1359 1829 1363 .

343 1397 443 1440 ficio
463 1397 694 1440 uictoriam
723 1412 855 1454 quam
882 1396 1039 1440 fraude
1063 1411 1153 1439 non
1181 1396 1485 1453 concupierat;
1516 1411 1620 1438 nam
1645 1395 1805 1438 Falisci

344 1467 402 1509 ob
441 1466 555 1509 hanc
593 1465 811 1508 iustitiam
848 1468 1003 1522 sponte
1034 1480 1081 1508 se
1114 1465 1389 1508 dediderunt.
1460 1465 1600 1508 Extat
1632 1479 1806 1521 quoque

346 1535 541 1578 eiusdem
573 1533 750 1578 Camilli
779 1549 869 1577 non
905 1534 1141 1591 ignobilior
1174 1534 1344 1577 titulus.
1414 1533 1528 1578 Cum
1558 1534 1675 1576 enim
1704 1536 1806 1591 post

346 1604 551 1647 subactas
580 1603 784 1646 ciuitates
818 1606 864 1646 et
897 1603 1146 1660 triumphos
1176 1602 1383 1660 insignes,
1412 1603 1618 1646 militaris
1647 1617 1805 1645 manus
1824 1619 1872 1652 aq

347 1672 518 1715 inuidia
543 1672 773 1722 concitata,
799 1671 1065 1728 dampnatus
1087 1674 1132 1714 et
1152 1671 1361 1728 expulsus
1381 1674 1448 1714 est
1467 1671 1660 1722 ciuitate,
1679 1671 1805 1728 quasi

201 1750 280 1798 556
302 1758 332 1787 a
348 1742 511 1799 praeda
537 1741 757 1784 communi
778 1741 974 1797 iniquius
995 1741 1246 1790 distributa,
1266 1740 1538 1783 irruentibus
1559 1740 1806 1783 Senonibus

348 1811 487 1854 Gallis
510 1811 558 1852 in
578 1810 732 1853 urbem
758 1813 803 1853 et
830 1810 1040 1853 Romanis
1063 1810 1294 1853 undecimo
1318 1809 1508 1852 miliario
1533 1810 1665 1853 uictis
1687 1809 1807 1866 apud

346 1881 511 1924 flumen
536 1880 700 1922 Alliam
725 1894 804 1922 1100
831 1880 879 1921 111
905 1880 1003 1936 ipsa
1029 1879 1137 1922 urbe
1165 1879 1399 1936 quicquam
1425 1882 1602 1936 praeter
1628 1878 1806 1936 Capito-

346 1950 457 1992 lium
487 1949 654 1992 seruari
683 1951 831 2006 posset
862 1951 907 1991 et
941 1949 1022 1992 hoc
1051 1963 1160 1991 auro
1190 1948 1295 1991 dato
1320 1951 1373 1991 ut
1402 1948 1518 1991 Galli
1542 1948 1807 1999 recederent,
1825 1969 1865 2002 ²5

349 2018 575 2069 Camillus,
587 2018 721 2061 etiam
741 2019 943 2075 ingratae
963 2018 1232 2075 compatiens
1251 2018 1434 2075 patriae,
1446 2017 1619 2061 eosdem
1638 2017 1807 2067 cecidit,

350 2103 509 2132 aurum
537 2088 735 2138 abstulit,
759 2087 1057 2130 Romanorum
1086 2087 1257 2143 aquilas
1284 2086 1541 2144 reportauit.
1605 2087 1732 2129 Vnde
1761 2086 1808 2128 in

351 2162 478 2202 sexto
498 2157 676 2215 Virgilii
697 2156 815 2200 inter
834 2159 1001 2200 ceteros
1023 2156 1223 2199 Eneadas
1243 2155 1478 2213 praediscit
1499 2155 1642 2199 Eneas

724 2242 989 2285 referentem
1018 2242 1146 2300 signa
1175 2241 1422 2286 Camillum.

352 2332 522 2388 Itaque,
551 2330 608 2372 ab
638 2329 770 2372 exilio
804 2331 1046 2379 reuocatus,
1076 2328 1209 2371 tertio
1240 2327 1520 2384 triumphans
1554 2326 1708 2369 urbem
1741 2326 1808 2368 in·
1827 2346 1868 2382 30

352 2414 528 2458 gressus
559 2402 627 2442 est
666 2401 712 2442 et
742 2398 989 2455 appellatus
1025 2397 1242 2441 secundus
1281 2395 1505 2447 Romulus,
1537 2395 1663 2452 quasi
1696 2395 1811 2438 alter
1863 2443 1866 2445 ,

351 2468 522 2525 patriae
551 2468 761 2511 conditor.

353 2592 376 2625 4
401 2579 570 2627 gessisse]
588 2579 708 2626 egisse
724 2579 764 2615 M
854 2587 872 2626 5
899 2578 1048 2616 occulos
1064 2579 1097 2614 A
1193 2586 1232 2624 15
1259 2579 1434 2623 posterga
1451 2575 1475 2612 S
1568 2576 1613 2612 28
1635 2575 1810 2623 uix-gilius

352 2627 393 2663 M
522 2637 564 2672 31
592 2627 779 2673 apellatus
800 2627 824 2663 S

400 2735 423 2770 4
449 2736 530 2760 cum
552 2726 656 2770 uiryo
671 2726 765 2762 ete.:
792 2737 824 2761 v.
842 2723 1011 2761 Frontin.
1027 2724 1138 2760 strat.
1154 2722 1194 2758 ii.
1215 2720 1293 2768 11§
1313 2728 1516 2767 5.11
1536 2721 1726 2803 1ξαννιίῑῑυ
1712 2722 1809 2756 etc.-

353 2771 523 2902 {gont}
538 2773 646 2807 δέκα
639 2771 711 2863 ἐξ
730 2769 1530 2874 111310ιο103Ηοηὲξ19ς11ι81111ἕ1711ἰτοξέ1111111110
1548 2766 1726 2867 ἧξὲᾟίἱ
1715 2776 1811 2850 Indi:

382 2866 467 2903 abet
484 2864 699 2911 Eutropius.
787 2875 833 2912 29
849 2868 1057 2911 referentem
1067 2866 1172 2910 siqua
1186 2865 1400 2900 Camillum:
1427 2861 1538 2909 Verg.
1553 2863 1643 2897 Aen.
1662 2859 1710 2898 vi.
1725 2862 1806 2907 825.

462 2946 528 2979 3¹0
