1878 3172
175 178 268 226 496
286 176 316 215 d
661 172 922 217 IOANNIS
953 171 1464 216 SARESBERIENSIS
1607 173 1717 230 [Lm.
1731 185 1792 216 111

331 294 496 351 cipitur
524 294 704 337 simulat
733 293 936 344 uoluisse,
966 292 1172 349 facitque,
1196 292 1330 336 immo
1358 293 1538 336 uidetur
1567 293 1711 337 facere
1739 293 1794 336 de

331 364 591 407 necessitate
621 363 847 413 uirtutem,
872 355 978 405 dum
1008 362 1259 405 necessitati
1279 362 1427 419 iungit
1455 375 1724 413 consensum,
1749 365 1795 405 et

332 433 450 489 quod
483 433 700 476 incumbit
732 435 964 490 gratanter
1001 431 1293 488 amplectitur.
1354 432 1440 475 Hic
1478 447 1609 489 porro
1647 433 1795 476 nullae
1872 449 1874 451 ·

332 494 439 544 sunt
467 504 615 558 partes
646 516 778 544 uerae
807 504 886 544 aut
915 501 1133 558 ingenuae
1163 501 1393 552 libertatis,
1422 501 1500 543 ubi
1533 503 1679 544 totum
1710 501 1795 544 sibi

333 571 532 613 adulatio
562 571 780 621 uendicat,
809 571 986 613 uanitas
1015 573 1172 620 totum,
1202 569 1424 626 nichilque
1453 570 1635 613 ueritati
1663 570 1794 613 relin-
1813 589 1832 622 5

334 640 488 696 quitur
517 642 596 682 aut
626 640 796 682 uirtuti.
855 639 1169 681 Adulationem
1198 653 1304 681 uero
1333 639 1428 682 sine
1458 639 1558 682 dolo
1589 654 1680 682 esse
1706 654 1796 682 non

334 709 522 761 dubites,
562 723 661 752 cum
708 709 756 750 in
800 708 1080 750 adulatorum
1122 722 1308 764 persona
1350 707 1404 750 de
1451 722 1498 750 se
1535 709 1797 751 confiteatur

182 791 271 833 497
290 793 320 822 a
338 778 488 820 Gnato
516 778 644 834 quia:
678 776 791 821 Cum
817 777 1010 819 maxime
1039 777 1219 833 decipio,
1239 779 1346 820 tunc
1373 777 1610 833 triumpho.
1670 777 1796 820 Sicut

334 848 452 891 enim
481 848 583 890 finis
605 847 792 890 oratoris
821 848 888 888 est
914 846 1179 902 persuasisse
1210 846 1412 897 dictione,
1435 846 1592 890 medici
1621 860 1795 889 curasse

332 917 562 969 medicina,
601 917 663 960 sic
706 916 947 958 adulatoris
993 915 1094 958 finis
1141 918 1208 958 est
1250 915 1526 972 suauiloquio
1565 915 1856 972 decepissem

333 986 453 1028 Nam
485 989 531 1028 et

431 1075 582 1117 fistula
611 1074 737 1116 dulce
766 1073 898 1125 canit,
927 1073 1151 1116 uolucrem
1181 1074 1287 1116 dum
1317 1073 1481 1130 decipit
1509 1086 1694 1130 auceps3

334 1166 380 1206 et
401 1178 572 1206 uenena
591 1162 886 1219 propinantur
903 1162 1032 1204 melle
1052 1161 1310 1212 circumlita,
1331 1176 1418 1218 quo
1444 1161 1576 1205 citius
1595 1164 1793 1205 noceant.

333 1233 499 1275 Verum

497 1322 587 1350 non
617 1310 684 1350 est
712 1307 760 1348 in
789 1306 956 1349 medico
986 1321 1157 1363 semper
1185 1306 1406 1348 releuetur
1435 1308 1488 1348 ut
1517 1320 1630 1362 eger,
1813 1323 1853 1358 15
1876 1334 1878 1358 3

334 1395 381 1435 et
406 1393 539 1435 finem
569 1407 711 1444 suum,
736 1391 812 1447 qui
842 1391 889 1432 in
918 1391 1057 1433 altero
1087 1393 1164 1440 est,
1185 1393 1334 1433 orator
1362 1405 1452 1433 non
1481 1405 1652 1447 semper
1679 1405 1794 1433 asse-

334 1462 498 1518 quitur.
559 1461 632 1503 Sic
661 1460 866 1503 adulator
894 1459 1071 1515 quidem
1105 1474 1194 1501 non
1225 1474 1396 1515 semper
1429 1459 1603 1516 decipit,
1633 1463 1712 1502 aut
1741 1460 1796 1503 de

335 1531 474 1573 amico
503 1530 764 1586 triumphat.
825 1529 934 1571 Fine
964 1532 1113 1571 tamen
1144 1543 1223 1571 suo
1252 1543 1341 1571 non
1371 1528 1641 1581 destituitur,
1671 1529 1709 1572 si
1740 1544 1796 1572 ex

334 1598 692 1655 contingentibus
718 1597 855 1640 nichil
881 1597 1087 1640 omiserit.
1147 1597 1192 1638 N
1194 1611 1241 1639 ec
1268 1597 1385 1639 enim
1411 1597 1564 1639 Vlixes
1589 1597 1794 1640 Sirenum

333 1682 462 1710 uoces
482 1666 635 1718 euasit,
656 1666 773 1722 quod
800 1666 843 1715 ei„
863 1666 1032 1722 aliquid
1055 1666 1290 1708 suauitatis
1317 1665 1486 1708 deesset
1508 1666 1565 1709 ad
1590 1667 1794 1723 gratiam,
1813 1684 1858 1709 20

287 1747 318 1786 b
337 1736 413 1779 sed
448 1736 551 1792 quia
586 1735 776 1777 stimulis
810 1734 1054 1791 uoluptatis
1086 1737 1131 1776 et
1164 1734 1547 1777 meretricantibus
1580 1735 1796 1778 illecebris

336 1804 551 1848 uanitatis
590 1804 754 1846 solidae
793 1804 976 1846 uirtutis
1015 1806 1278 1860 opposuerat
1318 1804 1464 1847 robur.
1540 1804 1797 1861 Temptator

335 1888 508 1930 quoque
539 1873 800 1915 Pharisaeus
829 1874 874 1914 et
911 1872 1192 1915 Herodianus
1228 1872 1461 1915 insidiator
1486 1887 1595 1929 quas
1625 1873 1797 1917 fraudis

335 1957 441 1985 suae
460 1957 549 1985 non
570 1942 773 1985 adhibuit
799 1945 928 1992 artes,
948 1944 1000 1984 ut
1029 1956 1130 1984 eum
1154 1944 1330 1998 caperet
1354 1942 1402 1983 in
1426 1956 1624 1985 sermone
1643 1943 1797 2000 lingua

335 2012 496 2062 dolosa,
531 2011 579 2053 in
613 2011 737 2054 cuius
777 2026 851 2053 ore
886 2026 975 2053 non
1007 2014 1074 2053 est
1107 2011 1317 2053 inuentus
1356 2011 1511 2055 dolus?
1570 2011 1795 2069 Magister,
1815 2033 1878 2067 25-

334 2081 493 2138 inquit,
513 2081 673 2123 scimus
694 2081 798 2136 quia
816 2095 955 2123 uerax
982 2095 1038 2130 es,
1059 2083 1104 2123 et
1126 2080 1246 2123 uiam
1267 2080 1350 2123 Dei
1375 2081 1423 2123 in
1448 2081 1638 2124 ueritate
1657 2081 1796 2131 doces,

335 2152 381 2192 et
400 2165 490 2192 non
508 2151 575 2192 est
593 2149 677 2191 tibi
706 2164 811 2193 cura
839 2149 893 2192 de
919 2149 1078 2207 aliquo,
1098 2164 1240 2206 neque
1267 2149 1384 2192 enim
1410 2149 1570 2206 accipis
1588 2164 1797 2207 personas

334 2219 575 2262 hominum.
636 2218 754 2272 Quid
774 2233 934 2275 quaeso
954 2218 1191 2262 blandius?
1250 2217 1338 2261 Sed
1365 2218 1491 2261 dolus
1518 2233 1604 2277 quo
1630 2219 1796 2271 tendat,

340 2318 382 2353 18
407 2317 453 2362 si]
472 2317 537 2353 sed
553 2317 593 2353 M
737 2326 784 2352 20
807 2315 1008 2352 suauitatis
1025 2314 1169 2361 aliquid
1185 2315 1219 2351 A

387 2408 416 2439 1,
434 2408 454 2432 2
473 2400 598 2443 facere
623 2399 666 2433 de
693 2398 896 2433 necessitate
924 2398 1116 2432 uirtutem:
1151 2396 1307 2433 Hieron.
1333 2397 1439 2442 Apol.
1468 2399 1547 2433 adv.
1575 2397 1663 2442 Rus.
1691 2396 1746 2432 iii.
1773 2407 1795 2433 2

339 2444 484 2491 (Migne
509 2447 551 2480 P.
576 2446 619 2480 L.
644 2444 752 2481 xxiii.
779 2445 876 2490 458).
1029 2445 1050 2479 8
1079 2444 1168 2479 Cum
1195 2446 1350 2478 maxime
1374 2445 1468 2480 etc.:
1493 2443 1586 2480 haec
1611 2455 1796 2489 nusquam

336 2503 361 2527 a
387 2491 588 2528 Gnathone
614 2491 656 2526 in
680 2491 850 2528 Terentii
873 2492 1051 2526 Eunucho
1076 2491 1181 2526 dicta
1207 2490 1390 2536 reperies;
1423 2490 1470 2526 cf.
1491 2492 1621 2526 tamen
1646 2493 1797 2527 Hauton

341 2540 432 2574 Tim.
451 2539 498 2573 iv.
516 2549 548 2575 2.
574 2547 591 2584 5
619 2540 801 2584 triumpho
824 2540 857 2574 si
881 2540 961 2573 licet
977 2550 1030 2572 me
1053 2540 1161 2573 latere
1184 2543 1269 2574 tecto
1294 2539 1485 2573 abscedere.
1606 2548 1646 2574 12
1662 2540 1796 2583 fistula

338 2587 434 2622 etc.:
461 2585 555 2621 Cato
572 2587 665 2621 Dist.
681 2586 705 2622 i.
718 2595 761 2630 27
777 2585 983 2631 (Baehrens
999 2587 1095 2638 Poet.
1111 2587 1193 2620 Lat.
1211 2587 1303 2620 Min.
1321 2584 1375 2620 iii.
1395 2584 1491 2638 220)
1590 2595 1631 2630 13
1656 2597 1798 2621 uenena
1873 2582 1875 2587 '

338 2633 439 2668 melle
456 2634 673 2667 circumlita:
699 2631 855 2668 Hieron.
872 2634 942 2677 Ep.
961 2631 1043 2668 cvii.
1062 2633 1085 2667 6
1103 2631 1248 2678 (Migne
1264 2634 1306 2667 Ρ.
1321 2634 1363 2668 L.
1377 2631 1467 2667 xxii.
1484 2630 1594 2677 873);
1620 2631 1667 2668 cf.
1685 2643 1797 2678 supra.
1872 2632 1878 2687 J

337 2678 571 2724 c.6(486c).
715 2688 755 2724 15
782 2691 857 2715 non
876 2685 926 2716 est
943 2681 1034 2715 etc.:
1058 2679 1122 2715 Ov.
1140 2681 1243 2715 Pont.
1261 2680 1286 2714 i.
1302 2687 1402 2731 3.17.
1547 2689 1589 2724 19
1612 2680 1685 2715 Nec
1701 2682 1798 2715 enim
1829 2686 1878 2737 j

342 2728 464 2763 Vlixes
488 2731 579 2762 etc.:
606 2725 653 2762 cf.
669 2725 837 2762 Ambros.
853 2728 989 2772 Expos.
1004 2728 1142 2772 Evany.
1163 2738 1227 2762 sec.
1246 2728 1332 2761 Duc.
1354 2725 1402 2760 iv.
1419 2735 1451 2768 2,
1478 2736 1499 2771 3
1526 2724 1670 2771 (Migne
1694 2728 1735 2763 P.
1751 2729 1796 2764 L.
1873 2742 1878 2746 ·

258 2800 260 2802 -
335 2774 511 2816 xv.1612,
529 2774 645 2818 1613).
781 2784 826 2808 22
855 2775 1061 2819 Temptator
1073 2775 1168 2810 etc.:
1193 2786 1225 2810 V.
1243 2773 1351 2810 Matt.
1368 2771 1457 2810 xxii.
1478 2774 1520 2810 16
1531 2783 1630 2820 seqq
1748 2782 1791 2820 25

336 2822 381 2856 in
397 2822 500 2857 cuius
515 2831 574 2856 ore
590 2822 685 2857 etc.:
709 2832 741 2857 v.
762 2830 778 2857 1
797 2819 881 2857 Pet.
896 2820 937 2858 ii.
955 2830 1010 2857 22.

448 2883 514 2918 204
