1878 3172
121 159 212 207 {26
230 162 257 197 c
599 152 858 197 IOANNIS
898 151 1408 196 SARESBERIENSIS
1559 147 1677 210 [ΜΒ.
1693 157 1733 194 11

273 273 537 330 temptauit3
566 287 645 316 nec
672 271 818 315 defuit
844 273 1040 314 euentus.
1100 270 1342 327 Imperium
1370 285 1542 328 quoque
1569 270 1663 313 eius
1689 271 1735 313 et

271 343 479 385 interitus
504 341 675 384 Vitellii
705 343 750 383 et
780 340 970 390 Ottom's‚
991 339 1067 395 qui
1097 338 1199 381 fedo
1230 339 1397 382 Neroni
1427 341 1734 389 successerant,

272 412 474 468 pluribus
503 411 728 454 celestium
759 410 897 467 signis
926 408 1289 466 praenuntiatum
1320 411 1388 452 est
1419 410 1464 451 et
1494 423 1575 466 pro
1607 410 1735 466 parte

272 481 513 538 stupendis.

396 587 503 645 Cap.
530 601 594 632 11.
623 587 771 645 Siqua
801 602 882 630 esse
911 601 1024 643 quae
1051 590 1209 629 contra
1237 590 1461 631 naturam
1477 586 1619 642 fiunt.
1752 601 1771 635 5

333 691 456 744 Quae
485 705 592 734 uero
621 689 873 733 huiusmodi
905 691 1084 746 stupore
1114 689 1250 746 digna
1283 688 1332 731 in
1366 688 1436 732 his
1470 689 1737 746 contingunt

274 761 532 817 plerumque
567 760 693 817 signa
733 774 825 801 esse
865 773 955 801 non
993 758 1182 815 ambigit
1221 758 1419 815 quisquis
1458 758 1737 815 euangelicae

231 836 260 877 d
276 829 575 886 promissionis
609 829 799 871 fideliter
832 827 1046 878 meminit,
1080 842 1180 870 cum
1215 827 1429 884 scriptum
1463 827 1547 870 sit:
1593 827 1738 869 Erunt

274 899 401 955 signa
425 899 473 940 in
499 898 588 941 sole
613 900 658 940 et
689 898 794 939 luna
819 899 864 939 et
891 897 1041 947 stellis,
1061 898 1107 939 et
1135 898 1290 939 cetera.
1351 897 1417 939 Ea
1444 898 1595 939 tamen
1624 910 1738 953 quae

274 968 345 1010 hic
383 967 767 1024 praenuntiantur,
807 966 901 1008 sine
945 966 1214 1022 praeiudicio
1259 966 1504 1008 sententiae
1543 965 1737 1008 melioris
1757 982 1797 1006 10

274 1052 325 1079 ea
344 1036 631 1093 intelligenda
657 1036 860 1086 arbitror,
881 1050 994 1092 quae
1013 1035 1062 1077 in
1088 1035 1158 1077 his
1184 1037 1338 1078 eontra
1363 1037 1570 1077 naturam
1596 1035 1738 1087 fiunt3

274 1106 403 1162 quale
442 1108 509 1148 est
548 1105 666 1162 quod
711 1105 759 1147 in
798 1105 998 1161 passione
1038 1104 1218 1147 Domini
1258 1104 1323 1147 sol
1362 1104 1621 1147 obscuratus
1660 1106 1738 1154 est,

273 1175 422 1217 uelum
449 1175 642 1224 scissum,
662 1177 814 1231 petrae
844 1176 1013 1231 ruptae,
1039 1176 1194 1230 aperta
1220 1175 1516 1224 monumenta,
1543 1175 1588 1216 et
1614 1187 1738 1216 sanc-

273 1246 420 1286 torum
459 1258 641 1300 corpora
681 1244 756 1300 qui
806 1243 1078 1286 dormierant
1127 1245 1426 1285 surrexerunt.
1505 1242 1736 1285 Naturalis

274 1314 436 1356 etenim
452 1313 624 1369 eclipsis
645 1327 736 1355 esse
755 1327 845 1355 non
865 1312 1023 1369 potuit,
1035 1327 1147 1368 quae
1166 1312 1335 1354 lunaris
1353 1312 1547 1368 corporis
1562 1312 1736 1355 obiectu
1756 1324 1797 1360 15

272 1383 502 1438 contingit,
541 1397 641 1425 cum
679 1384 851 1425 constet
898 1382 1040 1438 pridie
1089 1382 1241 1424 lunam
1280 1383 1484 1437 quartam
1523 1381 1737 1424 decimam

275 1452 486 1501 extitisse,
516 1451 602 1493 nisi
632 1451 749 1494 forte
779 1451 877 1507 quis
907 1451 960 1493 de
991 1451 1173 1494 Iudaica
1201 1451 1386 1507 perfidia
1414 1451 1738 1494 incredulitatis

277 1536 381 1563 suae
416 1521 623 1563 solatium
657 1523 898 1570 mutuetur,
927 1535 1125 1563 asserens
1160 1535 1259 1563 cum
1291 1521 1353 1563 eis
1382 1521 1598 1563 Venerem
1627 1522 1736 1563 tunc

275 1591 322 1632 in
343 1590 542 1646 ecliptica
562 1590 679 1632 linea
703 1590 784 1632 soli
811 1589 947 1632 fuisse
967 1590 1225 1646 oppositam,
1246 1604 1357 1646 quae
1378 1590 1556 1646 quidem
1575 1604 1738 1647 magna

276 1661 342 1701 est
369 1661 414 1701 et
445 1657 516 1716 (ut
544 1658 754 1714 astrologi
780 1657 981 1716 tradunt)
1008 1658 1100 1701 sola
1127 1658 1182 1700 de
1210 1658 1403 1715 quinque
1435 1658 1653 1701 sideribus
1682 1658 1736 1701 de
1756 1675 1799 1698 20

130 1743 210 1785 427
231 1746 261 1775 a
276 1730 403 1770 nocte
441 1727 644 1770 umbram
683 1728 737 1770 de
777 1742 823 1770 se
862 1728 1029 1770 emittit
1062 1730 1116 1770 ut
1157 1728 1275 1771 luna.
1347 1727 1475 1780 Quod
1515 1728 1620 1784 quia
1658 1742 1738 1771 nec

276 1797 391 1839 ratio
418 1797 577 1853 probat
603 1811 683 1839 nec
710 1797 950 1839 auctoritas
978 1799 1057 1839 aut
1086 1798 1195 1840 fides
1222 1798 1450 1855 approbat,
1478 1798 1739 1854 repudiatur

276 1868 328 1908 ut
362 1865 504 1908 futile.
566 1865 614 1908 Si
650 1866 767 1909 enim
801 1865 911 1908 adeo
946 1866 1215 1909 luminosum
1249 1869 1316 1909 est
1351 1867 1535 1910 Veneris
1569 1882 1738 1924 corpus,

276 1935 492 1991 quomodo
521 1937 671 1977 tantas
700 1935 819 1991 parit
848 1936 1085 1978 tenebras?
1143 1935 1370 1979 Dionisius
1400 1936 1662 1994 Ariopagita
1690 1937 1739 1979 in

277 2004 463 2061 epistola
490 2004 548 2046 ad
578 2004 854 2061 Policarpum
884 2005 1037 2048 scribit
1072 2019 1118 2047 se
1153 2007 1198 2048 et
1226 2006 1374 2062 plures
1403 2005 1512 2048 alios
1546 2005 1736 2062 philoso-
1757 2017 1797 2052 ²5

276 2074 464 2131 phantes
502 2076 610 2117 tunc
647 2074 811 2116 uidisse
851 2074 1003 2117 lunam
1042 2074 1123 2117 soli
1162 2075 1440 2125 incidentem,
1480 2077 1526 2117 et
1560 2075 1737 2131 quidem

276 2145 430 2186 contra
458 2145 688 2195 naturam3
728 2158 818 2186 non
848 2144 966 2186 enim
996 2146 1092 2187 erat
1121 2144 1262 2187 coitus
1294 2146 1481 2200 tempus.
1540 2143 1668 2196 Quod
1698 2143 1739 2187 ei

276 2212 556 2269 postmodum
606 2212 742 2255 Paulo
788 2213 1070 2269 praedicante
1114 2213 1411 2256 conuersionis
1455 2212 1579 2255 dedit
1619 2227 1740 2256 ocea-

278 2282 454 2324 sionem.
534 2281 634 2324 Scio
682 2284 833 2324 tamen
879 2282 1028 2338 plures
1076 2282 1207 2324 aliter
1254 2282 1357 2324 hinc
1404 2281 1573 2324 locutos
1594 2295 1604 2334 ;
1663 2281 1738 2324 sed

278 2350 528 2392 Dionisium
558 2349 772 2406 praefero,
794 2350 898 2407 quia
928 2339 1045 2407 quod
1075 2351 1191 2392 uidit
1220 2350 1406 2407 scripsit,
1433 2350 1510 2392 alii
1539 2350 1740 2406 proprias
1758 2367 1801 2400 30

278 2469 299 2494 2
325 2458 523 2494 interitum
539 2458 573 2492 A
699 2458 826 2495 otonis
843 2459 882 2494 M
1052 2469 1092 2504 13
1119 2457 1254 2495 oissum
1272 2457 1296 2494 S
1465 2459 1508 2494 16
1533 2457 1697 2493 xiiiimm
1715 2458 1740 2496 S

278 2516 326 2541 20
346 2517 367 2540 v
384 2505 408 2540 S
504 2505 697 2551 syderibus
714 2505 742 2541 C

329 2600 346 2637 5
372 2591 465 2626 Cum
485 2603 593 2638 capp.
616 2602 668 2634 11,
694 2602 745 2634 12,
765 2591 811 2628 cf.
828 2591 922 2638 Aug.
940 2593 982 2627 de
1008 2592 1079 2627 Civ.
1099 2592 1180 2635 Dei,
1196 2589 1271 2627 xxi.
1290 2599 1323 2637 7,
1337 2592 1358 2627 8
1383 2590 1540 2638 (Migne,
1557 2593 1597 2627 P.
1611 2593 1655 2627 L.
1672 2591 1739 2628 xli.

279 2640 346 2682 718
363 2639 492 2683 seqq..)
590 2640 611 2674 8
635 2640 758 2674 Erunt
773 2641 879 2683 sigma
896 2641 989 2675 etc.:
1017 2638 1105 2675 Luc.
1123 2637 1198 2674 xxi.
1219 2648 1240 2674 2
1246 2647 1277 2684 5
1397 2648 1439 2674 12
1464 2640 1517 2674 sol
1531 2640 1740 2675 obscuratus

279 2687 372 2721 etc.:
397 2697 428 2719 v.
446 2685 533 2720 Luc.
552 2685 656 2721 xxiii.
673 2695 741 2731 45;
768 2686 879 2722 Matt.
897 2685 1011 2721 xxvii.
1033 2694 1089 2731 51,
1107 2694 1163 2731 52.
1261 2695 1309 2720 20
1324 2686 1400 2721 sola
1416 2686 1459 2721 de
1473 2687 1629 2732 quinque
1645 2688 1738 2723 etc.:

279 2712 489 2785 Martianus
513 2732 668 2777 Capella
691 2732 767 2768 viii.
796 2734 875 2778 883.
974 2743 1019 2777 24
1042 2733 1234 2768 Dionisius
1255 2734 1348 2769 etc.:
1376 2731 1487 2768 Dion.
1511 2733 1645 2779 Areop.
1663 2735 1735 2780 Ep.

277 2778 339 2815 vii.
359 2790 428 2815 sec.
449 2779 659 2816 versionem
684 2779 836 2816 Ioannis
862 2778 966 2816 Scoti
985 2779 1142 2827 (Migne,
1159 2781 1200 2816 P.
1217 2780 1260 2816 L.
1277 2778 1388 2816 cxxii.
1396 2781 1477 2823 0180
1490 2779 1536 2827 c).

387 2852 430 2893 84
