1878 3172
22 183 33 217 ε
86 188 186 241 m.
200 175 303 236 m]
587 176 1019 221 PomonArIcvs
1551 177 1636 225 506
1655 185 1680 214 c

86 310 175 340 non
197 296 370 354 proficit
396 296 518 347 scire,
543 296 621 339 ubi
649 297 799 339 Venus
828 299 1029 339 mutatur
1054 296 1102 338 in
1125 295 1308 339 alteram
1332 295 1535 348 formam,

85 364 164 408 ubi
194 379 317 408 amor
346 365 574 421 quaeritur
607 367 653 408 et
681 379 771 407 non
804 365 1042 416 inuenitur,
1075 364 1276 407 iubemus
1308 365 1535 421 insurgere

86 433 216 490 leges,
253 433 414 476 armari
452 434 562 486 iura,
600 436 653 476 ut
690 433 838 491 gladio
875 433 1018 476 ultore
1057 436 1103 476 et
1141 434 1372 489 exquisitis
1410 433 1536 490 penis

65 492 333 544 ‘subdantur
350 501 548 552 infames,
564 502 640 559 qui
659 505 765 545 sunt
782 501 855 544 uel
875 501 1018 544 futuri
1038 505 1144 544 sunt
1162 502 1238 545 rei.
1287 502 1374 545 Sed
1394 516 1535 558 neque

49 583 70 619 5
85 570 457 614 consentientibus
490 570 643 627 parcit,
674 570 782 627 quin
816 571 878 613 eis
907 585 1064 627 penam
1098 571 1264 628 irroget
1292 571 1535 628 capitalem,

18 630 25 637 '
85 652 186 682 cum
220 642 266 682 et
295 639 391 696 lege
424 639 578 682 diuina
611 639 822 683 facientes
855 642 901 682 et
933 639 1253 683 consentientes
1287 640 1383 696 pari
1422 654 1537 696 pena

85 706 348 764 plectantur.
407 708 627 765 Ipsosque,
641 723 802 766 magno
821 709 1021 765 episcopo
1040 711 1217 752 auctore
1236 708 1535 765 (Ambrosium

86 775 455 820 Mediolanensem
493 777 701 832 attende),
736 777 1055 820 consentientes
1084 792 1176 820 esse
1209 777 1431 829 diffiniuit,
1458 778 1535 834 qui

87 846 243 887 notum
265 859 454 888 errorem
474 846 670 896 reticent,
689 848 768 888 aut
791 845 1006 902 corrigere
1025 860 1124 888 cum
1143 845 1312 902 possint
1331 845 1535 888 dissimu-

9 919 74 969 κζιο
88 912 197 957 lant.
256 913 344 956 Sed
373 914 480 970 quid
502 914 557 957 de
583 914 646 957 eis
671 915 966 957 uerecundum
991 914 1275 971 odiosumque
1294 929 1538 958 sermonem

87 981 422 1037 protendimus?
485 983 547 1025 Vt
594 986 755 1026 sortem
804 998 954 1026 eorum
1001 983 1218 1040 condigna
1265 983 1538 1026 conclusione

88 1049 353 1103 claudamus,
381 1051 666 1107 proculdubio
694 1052 818 1109 pluet
846 1067 977 1109 super
1006 1067 1078 1095 eos
1111 1052 1327 1095 Dominus
1359 1052 1537 1108 laqueos

89 1120 143 1160 ut
175 1133 264 1161 non
294 1119 519 1176 effug-iant,
550 1120 678 1177 ignis,
708 1120 864 1172 sulfur,
895 1121 1077 1178 spiritus
1106 1121 1406 1177 procellarum,
1434 1135 1536 1178 pars
1554 1120 1585 1161 d

91 1186 238 1229 calicis
257 1202 433 1240 eorum3
462 1191 508 1231 et
536 1203 636 1232 cum
662 1189 914 1232 auctoribus
943 1189 1045 1240 suis,
1069 1204 1177 1246 quos
1198 1189 1387 1232 Sodoma
1406 1190 1537 1232 deuo-

34 1268 72 1302 15
91 1255 222 1306 rauit,
241 1259 372 1299 erunt
390 1257 545 1300 seculis
571 1258 619 1299 in
638 1257 824 1300 fetorem
844 1261 889 1300 et
907 1258 1189 1315 obprobrium
1209 1259 1536 1315 sempiternum.

92 1323 210 1376 Quid
237 1325 434 1382 proderit
462 1340 622 1382 quaeso
651 1327 714 1370 eis
742 1330 849 1370 tunc
878 1327 1069 1370 diuitum
1098 1327 1259 1370 fauor?
1316 1327 1410 1370 Aut
1441 1327 1540 1384 quis

90 1395 237 1449 potest
269 1408 361 1437 esse
393 1396 700 1452 temporalium
732 1411 837 1439 usus
868 1399 947 1439 aut
978 1397 1193 1453 uoluptas,
1222 1410 1353 1453 quem
1386 1399 1540 1439 tantus

93 1460 216 1504 dolor
235 1465 280 1505 et
298 1465 426 1506 tanta
445 1464 744 1507 erubescentia
762 1479 852 1508 non
872 1465 1133 1508 absorbeat?

15 1551 31 1580 τέ

6 1615 46 1642 θ’
95 1609 202 1669 Cap.
219 1625 286 1665 14.
319 1612 586 1657 Adulatores
612 1614 873 1671 puniendos
901 1629 995 1667 esee,
1021 1619 1256 1672 tamquam
1283 1616 1418 1659 hostes
1445 1615 1541 1658 deo-

2 1694 16 1738 .'
35 1693 82 1725 ‘no
209 1694 319 1724 mvm
331 1686 370 1724 et
379 1681 630 1735 hominum,
637 1687 677 1725 et
688 1683 926 1726 ueritatem
937 1687 1168 1740 yrata‘nter
1178 1684 1542 1740 amplectendam,

208 1752 248 1792 et
283 1750 558 1806 patientiam
595 1751 945 1803 custodiendam,
979 1756 1076 1796 tam
1114 1752 1370 1797 rationibus
1403 1767 1544 1810 quam

209 1818 418 1874 amplis
444 1819 690 1864 maiorum.

154 1918 255 1972 Sed,
277 1923 330 1963 ut
354 1920 529 1977 uulgari
554 1922 786 1979 prouerbio
813 1923 985 1973 dicitur,
1010 1923 1130 1965 Deus
1156 1923 1230 1966 ille
1259 1938 1364 1980 prae
1390 1923 1546 1966 ceteris

97 1988 303 2032 colendus
325 1989 529 2040 creditur,
548 1990 625 2046 qui
648 1990 855 2033 subuenit
880 1991 927 2032 in
950 1993 1182 2048 praesenti.
1242 1992 1433 2048 Ideoque
1455 2007 1546 2034 non

101 2189 123 2225 8
146 2186 326 2223 diffiniuit
343 2198 421 2223 esse
438 2186 485 2224 S:
511 2187 703 2225 diffiniunt
720 2200 799 2226 esse
818 2189 859 2225 M
1002 2199 1044 2235 13
1068 2189 1224 2236 sulphur
1239 2189 1349 2225 ΒΑΜ
1503 2199 1544 2236 15

99 2233 342 2281 opprobrium
358 2233 392 2269 A

6 2319 43 2402 ,ἐξ
146 2357 170 2393 6
194 2357 265 2402 leffe
291 2357 448 2392 diuina:
484 2368 515 2391 v.
535 2355 619 2392 Lev.
643 2366 704 2392 xx.
731 2366 798 2401 133
833 2355 940 2394 Rom.
962 2356 986 2392 i.
1012 2367 1069 2402 32.
1176 2359 1355 2403 facientes
1379 2360 1476 2395 etc:
1513 2373 1546 2397 v.

101 2402 138 2440 S.
158 2403 315 2439 Lucium
338 2414 477 2449 papam
501 2414 562 2448 ap.
587 2402 689 2438 Ivon.
715 2402 867 2439 Carnot.
892 2405 994 2439 Deer.
1011 2403 1066 2440 iii.
1086 2414 1152 2448 140
1176 2404 1323 2451 (Migne
1346 2407 1387 2441 P.
1399 2407 1444 2441 L.
1461 2405 1548 2443 clxi.

0 2448 43 2488 ἓ
102 2451 200 2496 230),
218 2450 323 2486 Grat.
339 2451 442 2486 Decr.
461 2449 509 2484 ΙΙ.
531 2459 570 2493 17
588 2461 650 2495 qu.
666 2460 698 2493 4.
722 2461 752 2486 c.
774 2459 792 2496 5
821 2449 893 2493 (ed.
911 2450 1057 2486 Friedb.
1074 2450 1098 2487 i.
1115 2463 1152 2496 p.
1170 2452 1265 2496 816).
1418 2461 1438 2496 7
1464 2455 1549 2489 Am-

0 2500 1 2503 ’
102 2498 275 2532 bmnium:
300 2509 332 2532 v.
348 2496 621 2532 Ambrosiaster
648 2497 778 2532 Comm.
803 2498 844 2532 in
867 2499 966 2533 Rom.
985 2497 1011 2532 i.
1029 2508 1074 2543 32
1096 2497 1241 2544 (Migne
1265 2500 1305 2534 P.
1320 2500 1363 2533 L.
1381 2499 1467 2536 xvii.
1483 2502 1546 2546 63)

101 2545 274 2580 assentire
290 2549 339 2579 est
354 2546 396 2586 ei,
415 2556 494 2579 cum
504 2545 618 2589 possit
632 2545 895 2588 reprehendere,
912 2549 1034 2581 taceat.
1216 2547 1237 2582 8
1261 2548 1437 2591 dffniuit
1452 2550 1523 2583 etc.
1539 2561 1548 2583 z

104 2590 154 2627 cf.
169 2590 279 2637 Greg.
296 2590 424 2636 Magn.
442 2592 515 2636 Ep.
533 2589 632 2626 cxiii.
649 2592 699 2625 ad
721 2592 910 2635 Syaqrium
929 2591 1072 2637 (Migne
1095 2593 1136 2626 P.
1153 2593 1195 2628 L.
1214 2592 1341 2629 lxxvii.
1362 2595 1467 2638 1044)
1485 2607 1545 2640 ap.

105 2635 209 2672 Grat.
222 2638 323 2672 Deer.
337 2637 366 2672 1.
381 2639 437 2682 83.
451 2649 482 2673 c.
497 2646 515 2683 5
534 2637 609 2678 (ed.
624 2636 835 2683 Friedberg.
851 2637 874 2672 i.
890 2649 926 2683 p.
942 2639 1047 2683 294);
1077 2638 1206 2674 Ioann.
1217 2639 1318 2675 VIII.
1332 2651 1469 2685 papam
1486 2653 1547 2688 ap.

105 2682 206 2719 Ivon.
230 2682 380 2720 Camot.
405 2686 509 2720 Decr.
534 2683 580 2720 vi.
611 2692 672 2730 115
702 2683 847 2730 (Migne
865 2686 906 2719 P.
924 2686 966 2720 L.
983 2684 1068 2721 clxi.
1086 2688 1182 2733 473),
1201 2685 1302 2723 Grat.
1321 2689 1425 2723 Deer.
1444 2688 1461 2722 I
1490 2691 1548 2724 86.

106 2740 137 2766 c.
148 2740 167 2775 3
186 2729 256 2774 (ed.
269 2730 416 2766 Friedb.
425 2731 450 2766 i.
464 2742 501 2776 p.
513 2731 608 2776 298).
731 2741 772 2766 12
794 2733 914 2776 pluet:
938 2743 968 2767 v.
980 2732 1036 2768 Ps.
1047 2743 1081 2768 x.
1095 2741 1127 2777 7.
1255 2743 1295 2780 15
1322 2735 1548 2779 obprobrium

106 2779 378 2823 sempiternum:
405 2777 535 2814 Ierem.
552 2775 655 2813 xxiii.
671 2787 729 2821 40.

1379 2862 1439 2885 221
