1820 3138
791 111 1246 156 PROLEGOMENA.

286 230 357 286 (ea
395 244 453 275 sc.
494 244 607 287 quae
646 228 875 287 palmaris
911 232 1098 274 uocatur
1135 233 1182 274 et
1225 229 1544 288 Symmachum
1588 245 1758 288 papam·

286 299 495 354 absoluit)
526 300 668 343 citant
695 299 821 343 uelut
849 314 906 343 ex
935 299 1202 357 Symmacho
1231 300 1327 358 ipso
1356 300 1440 344 Iuo
1466 298 1757 346 Carnotensis,

287 372 334 413 et
353 369 605 413 Gratianus.

344 439 602 483 BENEDIOTI
621 438 846 495 Regulam
870 439 1136 496 aliquotiens
1155 439 1322 482 laudat.

298 572 299 577 1
345 508 556 552 Ivmmvs
576 508 623 550 in
643 508 676 551 Ι
673 508 883 552 nstitutis
907 508 1215 565 Reyularibus
1234 507 1443 552 Diuinae
1468 507 1600 565 Leyis
1618 522 1778 565 quae---

288 578 391 621 dam
411 578 465 621 de
485 578 719 635 prophetia
734 577 882 630 habet,
900 592 1014 635 quae
1034 577 1173 621 refert
1192 577 1240 620 in
1252 577 1420 622 Polior.
1438 577 1468 621 i.
1492 590 1545 623 12
1565 577 1759 621 Ioannes.

288 650 449 691 noster.

345 716 548 760 Ionnm
585 715 632 758 in
667 715 787 759 Flori
817 715 940 772 Epa.
975 716 1005 759 i.
1043 729 1067 760 α
1104 716 1128 772 ᾳ
1159 727 1184 760 2
1216 715 1479 772 Ianumque
1517 714 1755 772 bifrontem
1792 691 1795 695 ’

288 786 453 844 legenti
482 785 702 829 consentit
731 785 942 837 Ioannes,
933 799 942 808 ·
971 785 1086 828 uide·
1103 785 1467 830 commentarium
1496 785 1555 828 ad
1583 784 1752 829 Polior.

289 870 332 900 v.
355 868 380 911 3
411 855 495 911 (ed.
522 857 699 897 nostrae
725 857 759 897 t.
785 854 814 907 i,
837 868 879 911 p.
912 856 1009 911 285.
1043 856 1126 912 26),
1154 854 1265 897 ubi‘
1278 855 1338 906 vi,
1365 869 1408 912 p.
1433 854 1511 897 11’
1530 868 1612 911 pro
1635 858 1752 906 ‘,t.v
1818 866 1820 868 ·

289 924 390 982 ptis.
412 924 441 976 i,
460 938 502 981 p.
528 924 603 966 11'
622 938 702 980 per
722 938 913 966 errorem
937 924 1104 981 scripsi.

348 994 601 1037 vamn
622 992 946 1049 Mytholoyicon
966 993 1156 1036 Ioanni
1143 1009 1191 1036 m
1210 993 1415 1036 manibus
1434 992 1630 1036 adfuisse
1651 993 1753 1037 11010
1815 1025 1820 1056 3

291 1077 493 1113 asserere,
524 1062 641 1118 quod
664 1065 813 1105 tamen
834 1077 890 1104 ex
910 1061 1074 1105 Polic‘r.
1098 1078 1141 1106 v.
1171 1073 1194 1118 7
1224 1061 1447 1117 (editionis
1465 1064 1643 1105 nostrae
1662 1065 1695 1105 t.
1721 1062 1761 1114 i‚-

290 1146 331 1189 p.
354 1142 451 1188 307.
477 1133 546 1188 23)
569 1131 789 1187 suspicor:
818 1130 922 1174 uide
941 1131 1304 1174 commentarium
1325 1131 1382 1173 ad
1402 1130 1480 1174 loc.

351 1201 617 1244 GREGORIVS
637 1199 927 1243 TVRONENSIS
947 1215 1060 1256 quae
1086 1200 1134 1244 in
1154 1200 1364 1244 Historia
1391 1199 1680 1244 Francorum
1698 1199 1754 1243 de
1815 1190 1820 1197 ’Δ

291 1269 335 1313 S.
356 1269 526 1313 Briccio
545 1271 712 1321 narrat,
728 1283 785 1311 ex
802 1268 964 1313 Polic‘r.
981 1269 1055 1312 vii.
1076 1283 1127 1324 19
1141 1272 1329 1326 apparet
1348 1268 1560 1312 Ioannem
1574 1268 1754 1326 legisse3

291 1341 444 1382 utrum
464 1342 613 1381 tamen
632 1338 680 1379 in
698 1337 795 1394 ipso
816 1337 1018 1395 Gregorii
1044 1337 1158 1380 libro
1184 1353 1242 1380 an
1261 1339 1439 1380 tantum
1458 1337 1506 1380 in
1526 1337 1764 1382 Breuiario„

293 1408 351 1462 (v.
374 1406 509 1450 Brea.
530 1407 633 1451 Sar.
654 1406 720 1449 ed.
742 1406 920 1449 Procter
940 1409 985 1449 et
1004 1405 1321 1460 Wordsworth,
1336 1405 1398 1449 iii.
1419 1405 1547 1465 1032)
1558 1405 1753 1449 dubitari

348 1479 448 1520 test.

290 1491 582 1588 POGREGORH
612 1544 783 1594 MAGNI,
802 1543 994 1588 doctoris
1018 1543 1297 1587 sanctissimi
1323 1543 1469 1595 illius,
1489 1544 1573 1601 qui
1601 1543 1756 1590 melleo.

285 1613 646 1671 praedicationis
663 1612 814 1669 ymbre
831 1617 974 1656 totam
995 1613 1174 1669 ‘riyauit
1198 1617 1239 1657 et
1258 1612 1487 1656 debriauit
1516 1613 1754 1663 ecclesiam,

291 1685 347 1726 ut
381 1683 446 1726 ait
475 1682 522 1724 in
550 1681 716 1727 Policr.
746 1682 790 1724 ii.
823 1683 891 1733 26,
919 1682 1142 1739 Dialoyos,
1166 1681 1408 1738 Epistolas,
1438 1682 1670 1725 Homilias
1698 1681 1753 1725 in
1818 1730 1820 1733 ¹

295 1750 559 1807 Eua‘nyelia
598 1753 644 1793 et
681 1750 739 1793 in
776 1750 1060 1803 Ezechielem,
1100 1750 1302 1794 Meo-alia
1345 1750 1404 1793 in
1442 1749 1620 1794 librum
1658 1749 1762 1802 Iob,v

292 1820 518 1877 Reyidam
541 1819 825 1862 Pastoralem
853 1819 963 1862 citat
989 1819 1187 1862 Ioannes.
1246 1819 1460 1862 Fabulam
1481 1819 1536 1862 de
1563 1819 1752 1862 Traiano
1816 1843 1820 1919 ἕ

294 1889 497 1947 Gregorii
522 1888 725 1945 precibus
748 1888 805 1931 ad
828 1888 970 1931 uitam
997 1891 1203 1931 reuocato
1229 1887 1368 1931 refert
1386 1888 1434 1930 in
1453 1887 1619 1932 Polior.
1638 1902 1679 1932 v.
1705 1889 1754 1943 85
1761 1931 1764 1934 .
1817 1891 1820 1893 ’

294 1958 397 2001 uide
433 1972 587 2001 comm.
621 1959 823 2000 nostrum
857 1957 915 1999 ad
948 1957 1028 2000 loc.
1088 1957 1261 2000 Primus
1294 1957 1412 2000 inter
1444 1959 1645 2000 auctores
1676 1970 1754 1999 ex-

294 2029 463 2070 stantes
487 2028 641 2069 narrat
667 2026 714 2068 in
734 2024 899 2070 Polior.
931 2026 976 2068 ii.
1007 2026 1073 2076 26,
1098 2025 1191 2069 viii.
1226 2039 1278 2082 19
1308 2025 1571 2082 Gregorium
1599 2025 1754 2068 biblio-

294 2097 468 2139 thecam
489 2094 737 2137 Palatinam
757 2095 945 2137 flammis
957 2094 1205 2138 tradidisse.
1266 2094 1389 2147 Quae
1401 2094 1456 2137 de
1470 2094 1565 2137 eius
1578 2107 1754 2137 summo
1806 2143 1808 2145 ,

295 2165 517 2218 lanquore
544 2163 680 2206 habet
708 2164 871 2207 Policr.
893 2163 968 2206 vii.
995 2176 1046 2217 19
1069 2163 1181 2206 etin
1208 2162 1315 2206 Vita
1341 2178 1369 2205 a
1396 2162 1532 2205 Paulo
1560 2162 1755 2206 Diacono

296 2234 461 2290 scripta
482 2233 585 2275 licet
604 2232 759 2289 legere,
779 2247 836 2275 ex
856 2232 1094 2282 Breuiario,
1115 2232 1162 2274 ni
1182 2231 1325 2283 fallor,
1344 2231 1600 2287 desumpsit.

355 2302 583 2344 DARETEM
608 2301 856 2344 PHRYGIVM
877 2301 954 2357 qui
977 2315 1023 2343 se
1043 2301 1197 2343 haberi
1216 2300 1371 2352 uoluit,
1390 2299 1506 2342 sexti
1525 2301 1626 2356 post
1645 2298 1755 2345 Chr.

298 2370 459 2412 saeculi
494 2368 564 2426 (ut
598 2369 794 2425 uidetur)
828 2371 1064 2419 auctorem,
1098 2383 1187 2411 non
1218 2369 1328 2411 citat
1361 2368 1575 2420 Ioannes,
1565 2381 1574 2390 ·
1615 2367 1752 2410 uerba

298 2438 416 2481 enim
448 2452 559 2494 quae
594 2438 641 2480 in
674 2437 839 2481 Polior.
864 2437 896 2485 i.
922 2451 951 2489 4
982 2437 1195 2486 exhibent
1225 2436 1439 2479 editiones
1477 2436 1754 2487 uetustiores,
1809 2431 1820 2449 ⁵

300 2506 434 2550 Audi
465 2510 696 2562 quantum
734 2506 898 2550 attollit
937 2506 1113 2549 Vlioee‘m
1147 2506 1300 2556 Dares,
1334 2504 1554 2548 codicibus
1589 2504 1767 2548 nostris.

300 2574 480 2619 omnino
500 2574 672 2617 desunt.

358 2643 540 2686 ISIDORI
559 2642 854 2699 Etymoloyiis
876 2643 985 2699 (siue
1007 2641 1305 2698 Oriyinibus),
1325 2655 1512 2698 quorum
1531 2640 1774 2697 exemplar
1754 2670 1795 2701 ,3

301 2711 504 2756 ecclesiae
537 2710 799 2755 Carnotensi
831 2713 1097 2757 testamento
1129 2710 1308 2768 legauit,
1340 2710 1504 2767 passim
1542 2724 1650 2754 usus
1687 2712 1773 2764 est

415 2780 465 2823 xl

1810 2068 1820 2407 ξ

1799 2490 1820 2612 3

1762 2651 1820 2815 ἓ
