1878 3172
59 160 158 195 oAr.
173 146 296 207 xxn]
566 146 1003 192 POLICRATICVS
1529 155 1608 196 454
1627 156 1655 186 c

59 268 247 312 tentiam
275 270 322 311 et
350 268 494 325 prima
522 282 655 325 opera
683 267 827 311 facere
855 282 911 310 ne
944 269 1177 310 moueatur
1205 266 1516 309 candelabrum
1533 280 1559 309 c

59 351 222 388 eorum,
241 351 359 380 nunc
387 339 537 380 tenere
560 337 703 380 locum
727 351 856 380 suum
886 350 942 378 ne
971 336 1157 379 eundem
1188 335 1317 379 alteri
1346 335 1519 379 cedant.

60 405 153 450 Cur
178 407 256 458 ita,
275 407 313 449 si
336 420 448 462 quae
472 405 626 449 futura
645 408 772 449 erant
796 405 961 448 mutari
988 419 1077 447 non
1103 405 1336 461 poterant?
1395 404 1518 447 Haec

60 487 234 530 quoque
271 474 492 517 sententia
536 488 616 517 nec
660 474 893 531 gentilium
932 473 1216 531 philosophos
1255 472 1401 523 latuit,
1441 472 1518 528 qui

21 542 256 595 5‘fatorum
290 543 446 586 seriem
481 542 635 585 dicunt
668 541 948 594 immobilem,
978 556 1068 584 non
1097 541 1202 597 quia
1230 540 1399 583 moueri
1428 554 1518 583 non

59 612 211 669 possit,
239 611 317 655 sed
348 611 453 668 quia
483 610 651 654 moueri
685 610 863 654 omnino
894 625 984 653 non
1012 610 1242 668 contingit.
1302 609 1420 652 Hinc
1451 613 1518 652 est

60 679 195 722 lund.
309 736 443 780 Exire
472 751 500 779 a
528 736 684 780 mediis
712 737 860 793 potuit
890 736 1116 780 Pharsalia
1147 735 1266 779 fatis.

61 839 263 895 Itemque
305 838 537 895 poeticum,
576 852 663 895 quo
705 852 839 881 senex
883 837 1166 883 Carnotensis
1210 837 1258 880 in
1300 837 1519 896 angustiis

3 925 45 950 10
63 907 269 951 fortunae
298 906 574 963 frequentius
604 907 836 950 utebatur:

383 998 495 1042 Fata
523 998 644 1041 uiam
673 998 926 1042 inuenient:
970 1001 1015 1041 et
1044 1001 1201 1042 cetera.

61 1100 185 1154 Quae
222 1114 330 1144 uero
369 1100 517 1157 elapsa
555 1103 671 1152 sunt,
710 1103 756 1143 et
794 1100 984 1144 secundo
1022 1100 1322 1157 dispositionis
1362 1100 1520 1143 effectu

60 1169 287 1226 completa,
306 1169 572 1212 naturaliter
592 1169 768 1226 quidem
788 1184 877 1212 non
898 1173 1083 1226 possunt
1108 1184 1197 1212 non
1217 1169 1377 1222 fuisse3
1415 1170 1518 1212 licet

59 1237 197 1280 nichil
216 1251 408 1280 asserere
428 1237 476 1279 in
495 1237 710 1280 alterutro
730 1237 916 1280 audeam
936 1238 983 1279 in
1003 1237 1212 1280 iniuriam
1232 1238 1516 1294 disponentis.
1533 1239 1562 1279 d

2 1317 42 1352 15
60 1305 141 1348 Ait
166 1307 315 1348 tamen
334 1305 562 1348 doctorum
582 1305 859 1349 doctissimus
886 1305 1174 1362 (Ieronimum
1198 1306 1394 1362 loquor):
1425 1306 1518 1349 Au-

61 1374 217 1417 denter
253 1373 422 1431 loquar,
449 1374 552 1417 licet
591 1374 712 1417 Deus
754 1374 902 1417 omnia
935 1374 1086 1431 possit,
1115 1375 1335 1431 uirginem
1369 1378 1519 1418 tamen

59 1445 160 1500 post
189 1442 364 1486 ruinam
392 1442 604 1486 suscitare
633 1458 722 1485 non
751 1445 921 1500 potest;
955 1446 1102 1499 potest
1131 1446 1282 1486 tamen
1311 1457 1519 1486 coronare

61 1513 326 1569 corruptam.
383 1510 442 1553 Et
466 1511 642 1567 quidem
662 1511 968 1554 diffinitionem
989 1512 1178 1570 uirginis
1205 1512 1355 1555 eodem
1382 1512 1518 1555 inter-

61 1583 264 1638 pretante
303 1579 541 1637 Apostolus
582 1580 720 1639 ponit,
750 1583 803 1623 ut
841 1580 901 1623 sit
939 1581 1067 1638 uirgo
1107 1596 1218 1637 quae
1257 1584 1410 1624 sancta
1453 1583 1520 1623 est

2 1666 46 1690 20
62 1663 240 1705 corpore
278 1650 324 1691 et
361 1647 532 1704 spiritu.
592 1648 679 1691 Sed
708 1649 994 1705 proculdubio
1023 1650 1144 1692 Deus
1173 1653 1218 1692 et
1247 1649 1520 1692 sanctificare

62 1718 255 1761 animam
301 1717 544 1759 uirtutibus
584 1720 629 1759 et
676 1732 852 1760 carnem
895 1721 1041 1774 potest
1087 1718 1388 1776 redintegrare
1427 1733 1518 1761 cor-

61 1789 252 1844 ruptam,
270 1789 323 1829 ut
342 1789 438 1828 tota
456 1785 707 1828 substantia
731 1787 800 1829 sui
826 1787 969 1829 uideri
988 1787 1139 1844 possit,
1160 1802 1271 1843 quae
1291 1787 1519 1839 ceciderat,

61 1855 284 1898 suscitata.
348 1854 476 1906 Quod
515 1854 552 1896 si
598 1855 790 1897 oratorio
833 1858 962 1911 tropo
1000 1870 1106 1898 usus
1144 1855 1368 1898 intellexit
1406 1870 1518 1911 quae

62 1921 246 1964 fuerunt
264 1936 354 1964 non
373 1936 499 1978 posse
517 1936 607 1964 non
627 1921 775 1973 fuisse,
795 1937 883 1965 non
903 1937 1076 1966 necesse
1096 1922 1186 1966 fuit
1212 1923 1269 1965 ad
1299 1923 1519 1980 uirginem

2 2008 43 2041 25
62 1992 330 2046 prostratam
368 2003 600 2039 recurrere,
631 2004 731 2032 cum
770 1990 818 2031 in
856 1990 1107 2046 praeteritis
1146 1991 1349 2033 omnibus
1384 1991 1519 2033 simili

61 2058 282 2101 sententia
310 2057 383 2100 uel
414 2072 559 2100 errore
591 2058 673 2100 hoc
702 2058 818 2100 idem
846 2059 1041 2114 potuerit
1070 2059 1273 2101 inueniri.
1333 2059 1517 2101 Senten-

60 2126 171 2170 tiam
209 2140 315 2169 uero
355 2125 411 2168 ab
450 2140 595 2168 errore
634 2126 821 2168 scienter
859 2126 1022 2176 diuido,
1051 2141 1102 2169 eo
1142 2127 1257 2182 quod
1294 2129 1517 2187 ⁵sententia
1532 2139 1607 2179 455
1626 2141 1655 2168 a

60 2209 232 2251 semper
251 2193 412 2236 habere
432 2193 563 2236 debet
580 2194 783 2236 ueritatis
807 2194 1184 2250 significationem.
1244 2194 1370 2237 Sicut
1398 2196 1517 2252 apud

62 2265 264 2307 sanctum
295 2263 376 2306 Iob
410 2262 607 2304 inuenis:
652 2262 762 2314 Quis
794 2266 861 2304 est
894 2263 978 2305 iste
1012 2263 1244 2306 inuoluens
1276 2265 1517 2307 sententias

0 2348 45 2382 30
63 2330 335 2374 sermonibus
355 2330 601 2386 imperitis‘ss
669 2330 757 2373 Sed
777 2330 893 2373 forte
912 2331 1148 2388 uirginitas
1168 2332 1327 2388 aliquis
1353 2333 1517 2390 gradus

60 2443 84 2478 4
108 2432 360 2480 phylosophos
376 2431 437 2468 CB
577 2443 623 2468 22
649 2432 881 2470 cecicederat
896 2433 930 2468 A

108 2527 130 2562 8
153 2527 270 2562 Exire
290 2527 387 2562 etc.:
412 2525 500 2562 Luc.
523 2526 652 2561 Phars.
672 2524 719 2560 vi.
744 2535 824 2570 313.
990 2535 1013 2570 9
1039 2537 1146 2561 senex
1173 2527 1420 2565 Camotensis:
1447 2529 1470 2564 i.
1482 2540 1513 2566 e.

62 2573 274 2610 Bernartius
292 2572 541 2609 Carnotensis.
675 2581 715 2607 11
741 2573 836 2607 Fata
852 2573 921 2607 etc.
938 2584 946 2607 :
970 2571 1082 2618 Verg.
1102 2575 1192 2608 Aen.
1210 2573 1266 2611 iii.
1283 2584 1363 2620 395,
1380 2587 1414 2611 x.
1438 2586 1514 2621 113.

65 2629 106 2665 15
133 2621 320 2655 Audenter
334 2622 405 2656 etc.
420 2632 429 2656 ε
455 2619 608 2656 Hieron.
622 2620 691 2664 Ep.
706 2618 825 2664 xxii.§
843 2627 860 2664 5
875 2618 1021 2665 (Migne
1034 2621 1074 2655 P.
1087 2620 1232 2656 L.xxii.
1247 2630 1342 2667 397).
1473 2625 1515 2659 18

63 2668 180 2702 eodem
203 2668 480 2712 interpretante:
512 2678 543 2702 v.
562 2665 714 2701 Hieron.
733 2668 775 2700 de
796 2667 902 2710 Perp.
927 2668 1022 2711 Viry.
1040 2667 1084 2701 B.
1102 2669 1244 2703 Mariae
1260 2680 1290 2705 c.
1308 2679 1354 2705 20
1373 2669 1515 2716 (Migne

62 2714 107 2748 P.
122 2715 164 2748 L.
181 2713 286 2748 xxiii.
306 2724 383 2758 303,
403 2714 499 2758 304).
648 2723 689 2758 19
713 2718 754 2748 ut
768 2715 814 2748 sit
830 2715 899 2749 etc.
918 2726 926 2749 :
954 2724 972 2749 1
990 2713 1072 2750 Cor.
1091 2714 1151 2749 vii.
1171 2725 1227 2761 34.
1357 2727 1403 2762 29
1429 2719 1517 2761 Quis

64 2765 114 2795 est
129 2762 199 2796 etc.
215 2772 224 2796 :
248 2760 320 2796 Job
337 2759 486 2796 xxxviii.
504 2770 539 2798 2.

1343 2843 1404 2875 131
