1878 3172
94 152 196 187 uu.
210 139 333 202 xxn]
606 139 1006 186 POLIORATICV
1009 139 1041 184 S
1561 148 1638 191 4⁵2
1657 150 1687 180 a

92 261 339 312 arbitrium,
367 261 473 304 dum
502 267 512 284 ‘
525 261 562 304 si
593 260 822 304 uolueritis
835 261 845 277 ’
874 263 920 303 et
948 261 1009 303 ‘si
1037 258 1291 303 nolueritis'
1321 259 1469 303 dicens
1498 259 1546 302 in

92 333 327 387 utramque
352 333 524 387 partem
551 344 640 372 non
669 344 726 372 ex
754 329 916 372 iudicio
939 329 1251 371 irretractabili
1278 328 1430 371 fatone
1461 327 1546 371 Dei

92 399 170 442 sed
199 414 255 442 ex
282 399 440 442 merito
468 399 742 456 singulorum
775 398 978 441 omnibus
1009 412 1168 455 penam
1199 398 1271 440 uel
1299 398 1545 454 praemium

92 468 372 526 repromittit.
431 467 558 511 Esset
590 468 744 524 utique
774 467 822 508 in
855 467 1131 510 uoluntatem
1164 467 1324 510 collata
1353 466 1547 510 conditio

47 548 74 587 ‘5
92 536 368 594 promerendi
391 536 574 587 inutilis,
593 536 631 579 si
657 535 847 579 faciendi
875 535 948 578 uel
977 550 1066 578 non
1094 534 1285 578 faciendi
1311 535 1547 578 necessitas

93 609 208 650 esset
244 605 547 663 prouidentiae
584 605 657 648 uel
696 603 891 647 fatorum
929 604 1116 647 nexibus
1156 605 1339 662 illigata.
1418 603 1546 657 Quod

92 675 131 717 si
169 674 290 717 istud
327 688 416 717 non
454 673 615 716 sufficit
652 673 946 723 contentiosis,
981 687 1039 715 an
1081 688 1170 716 non
1201 685 1258 716 ex
1292 672 1545 730 euangelico

91 743 344 786 testimonio
368 745 542 799 poterat
572 742 620 784 in
645 742 846 798 passione
870 742 1009 785 Filius
1034 757 1190 800 rogare
1217 742 1392 785 Patrem
1415 755 1545 784 suum

91 814 144 854 ut
183 810 411 854 exhiberet
444 811 484 853 ei
518 810 750 867 plusquam
789 810 1018 853 duodecim
1050 810 1244 868 legiones
1277 810 1545 867 angelorum,

32 899 76 929 ιο
92 893 192 923 cum
221 882 370 923 tamen
398 879 566 935 liqueat
594 893 650 921 ex
678 881 779 935 post
806 878 926 921 facto
954 893 1044 921 non
1073 879 1166 930 hoc,
1190 879 1266 922 sed
1296 879 1546 935 oppositum

91 949 198 1001 eius,
232 948 348 1005 quod
381 947 580 1004 contigit,
610 946 746 990 fuisse
777 947 1015 1003 prouisum.
1085 947 1180 990 Nec
1218 947 1546 1004 perspicacioris

90 1016 256 1074 ingenii
289 1018 467 1058 moueat
498 1029 686 1065 sensum,
716 1015 755 1058 si
788 1015 836 1057 in
869 1018 1022 1059 tantae
1055 1016 1299 1059 maiestatis
1332 1016 1544 1062 scrutinio
1560 1020 1590 1058 b

89 1084 302 1142 exemplis
329 1083 566 1134 deficimus,
599 1098 678 1127 nec
706 1084 952 1126 rationibus
981 1083 1299 1134 habundamus‚
1333 1099 1433 1128 cum
1467 1085 1543 1128 ad·

89 1153 367 1196 mirationem
393 1153 508 1195 ratio
536 1152 665 1195 tollat
691 1155 736 1194 et
762 1152 1062 1209 exemplorum
1086 1153 1284 1196 inductio
1309 1153 1544 1210 singulari-

29 1237 73 1272 15
90 1225 229 1266 tatem
255 1221 473 1265 excludat.
523 1221 627 1278 Ipsa
645 1234 752 1264 uero
770 1221 982 1264 ineffabili
1002 1222 1310 1279 singularitate
1330 1223 1545 1266 mirabilis

90 1294 138 1334 et
155 1290 346 1333 mirabili
366 1289 661 1332 immensitate
681 1290 917 1346 singularis
941 1305 1114 1333 omnem
1135 1306 1310 1334 sensum
1331 1294 1546 1348 exuperat

0 1391 2 1395 ⁷
89 1374 179 1402 non
207 1358 336 1402 modo
369 1358 596 1401 hominum
630 1358 706 1401 sed
740 1358 1007 1415 angelorum.
1072 1359 1173 1403 Scio
1207 1360 1408 1417 equidem
1440 1360 1546 1416 quia

89 1430 309 1472 scrutator
349 1426 593 1469 maiestatis
630 1427 904 1484 opprimetur
941 1443 969 1470 a
1014 1427 1167 1484 gloria,
1205 1433 1251 1472 et
1300 1444 1357 1472 ex
1401 1429 1546 1472 edicto

91 1496 308 1540 Altissimi
341 1495 540 1546 bestiam,
569 1495 606 1538 si
640 1499 834 1539 montem
866 1497 1076 1554 tetigerit,
1105 1498 1326 1555 lapidibus
1357 1499 1545 1542 obruen-

27 1581 76 1606 πο
92 1565 206 1608 dam.
262 1565 389 1608 Vnde
412 1578 524 1621 quae
543 1565 590 1606 in
613 1565 778 1608 talibus
801 1570 1144 1623 praeponuntur,
1163 1568 1258 1611 sine
1278 1567 1545 1625 praeiudicio

90 1635 320 1678 meliorum
363 1633 675 1690 inuestigantis
718 1634 866 1677 animo
912 1636 1060 1691 potius
1105 1636 1224 1679 dicta
1267 1640 1373 1680 sunt
1411 1651 1544 1693 quam

89 1702 323 1746 temeraria
371 1702 649 1745 contentione
696 1702 753 1744 ad
802 1703 1182 1760 impugnationem
1230 1706 1326 1748 ueri
1375 1705 1544 1762 aliquid

89 1771 337 1819 statuentis.
409 1770 497 1813 Sed
539 1785 618 1813 nec
663 1770 773 1812 illud
821 1786 891 1814 me
937 1773 1046 1815 scire
1084 1774 1304 1823 confiteor,
1342 1788 1421 1817 cur
1463 1774 1545 1816 hoc

90 1839 323 1895 reprobato
342 1838 478 1881 alium
497 1839 795 1896 praeelegerit,
814 1840 900 1882 nisi
921 1841 1038 1896 quod
1057 1856 1156 1884 cum
1180 1842 1382 1898 patribus
1402 1843 1544 1884 sentio
1563 1857 1587 1886 c

0 1912 4 1919 ‘
33 1923 74 1956 25
92 1907 141 1948 in
173 1907 250 1949 illo
283 1907 496 1949 occultam
530 1907 613 1949 Dei
633 1907 850 1949 iustitiam
880 1910 1188 1960 uenerandam,
1217 1910 1264 1952 in
1293 1911 1375 1953 hoc
1404 1910 1541 1952 mani-

91 1974 252 2018 festam
271 1974 440 2031 gratiae
466 1974 805 2017 misericordiam
832 1976 1189 2032 amplectendam.
1248 1978 1366 2020 Nam
1391 1981 1435 2020 et
1459 1978 1544 2027 ille,

91 2043 168 2100 qui
197 2047 352 2100 raptus
380 2043 437 2085 ad
460 2044 643 2085 tertium
672 2044 812 2087 celum
839 2045 1013 2087 audiuit
1042 2046 1234 2088 archana
1258 2047 1406 2097 uerba,
1432 2061 1543 2102 quae

90 2126 179 2154 non
213 2112 315 2154 lieet
348 2111 515 2154 homini
549 2111 680 2167 loqui,
713 2112 846 2154 huius
879 2112 1150 2156 difficultatis
1184 2114 1419 2156 articulum
1454 2129 1543 2157 non

90 2183 184 2223 tam
232 2180 469 2223 discutiens
515 2195 646 2236 quam
693 2181 916 2222 admirans
959 2181 1240 2224 altitudinem
1283 2182 1543 2225 diuitiarum

32 2263 75 2296 30
91 2248 332 2306 sapientiae
370 2250 416 2290 et
449 2247 655 2290 scientiae
694 2248 776 2290 Dei
812 2248 1082 2292 confessione
1115 2250 1273 2291 humili
1307 2254 1543 2294 ueneratus

90 2317 254 2360 iudicia
286 2317 380 2359 eius
418 2317 873 2373 incomprehensibilia
910 2321 956 2360 et
989 2318 1086 2361 uias
1120 2319 1544 2376 imperuestigabiles

92 2399 184 2428 esse
216 2386 487 2442 pronuntiat.
559 2386 734 2429 Incerta
768 2390 813 2429 et
846 2387 1016 2430 occulta
1057 2388 1299 2445 sapientiae
1338 2389 1432 2441 Dei,
1466 2390 1542 2446 qui

93 2506 137 2544 13
161 2499 393 2535 abundamus
409 2499 440 2535 B

139 2602 161 2637 8
183 2613 308 2646 myare
323 2603 418 2638 etc.:
443 2601 553 2638 Matt.
570 2601 667 2637 xxvi.
690 2609 741 2647 53.
878 2603 921 2638 18
945 2607 1126 2656 scrutator
1138 2605 1210 2641 etc.
1226 2617 1235 2639 ε
1260 2603 1365 2641 Prov‚
1383 2617 1464 2642 xxv.
1482 2615 1539 2651 27.

94 2657 141 2730 ’ἓ
159 2647 823 2742 Υιζὲἒίῗεζιέξῌξῖ·ἱ“εξὲῑζοξ
842 2647 1096 2741 ῗᾞῗέζέ3ὶ>
1119 2699 1153 2733 1:
1184 2655 1541 2743 ssssxffimfflmgfflffs

93 2705 151 2783 36,
162 2750 205 2786 27
222 2743 283 2778 ille
294 2723 436 2788 quiete.
452 2755 460 2780 :
478 2723 511 2778 v..
526 2753 547 2778 2
562 2723 643 2778 Coi.
656 2741 720 2777 xii.
736 2723 773 2786 2,·
782 2753 817 2788 4.
891 2753 937 2790 29
953 2709 1179 2781 ‹525than
1190 2748 1260 2782 etc.
1275 2759 1284 2782 ε
1302 2710 1540 2793 ᾗοέἓκὶῗῃῖ

1373 2827 1434 2861 1²7
