1878 3172
107 195 204 229 car.
218 182 289 244 xl]
621 183 1052 229 POLICRATICVS
1573 186 1655 235 536
1675 195 1699 224 c

106 301 395 346 Teutonicum
423 302 601 345 aliudue
629 301 852 359 flagellum
881 301 1052 344 inducit
1078 300 1295 344 Dominus
1319 314 1451 357 super
1473 314 1558 350 eos,

107 375 154 415 et
178 374 407 428 permanet
434 385 591 413 manus
620 371 714 413 eius
743 372 935 422 extenta,
959 370 1095 412 donec
1124 370 1208 426 ipsi
1237 369 1295 412 ab
1322 369 1558 425 iniquitate

72 488 77 493 ,
106 452 187 496 per
213 439 503 496 penitentiam
532 441 835 490 reuertantur3
864 452 951 494 quo
979 438 1071 480 solo
1100 438 1291 497 remedio
1319 437 1437 493 apud
1460 437 1558 480 illos

106 508 249 550 omnis
286 510 427 550 cessat
465 510 715 564 tempestas.
782 506 1014 549 Adiciebat
1061 506 1195 548 etiam
1241 505 1358 562 quod
1400 506 1559 548 merita

70 595 90 628 5
106 576 259 633 populi
277 590 451 618 omnem
478 578 694 618 euacuant
716 575 1012 632 principatum
1036 578 1116 617 aut
1142 589 1242 616 eum
1268 573 1440 616 faciunt
1466 588 1558 616 esse

107 644 400 694 mitissimum,
440 658 540 687 cum
579 658 603 687 e
645 644 864 687 contrario
909 646 1078 686 certum
1121 643 1180 685 sit
1219 642 1335 698 quod
1378 645 1560 698 propter

107 714 286 768 peccata
311 711 462 769 populi
491 712 712 768 permittit
738 711 859 754 Deus
886 725 1068 768 regnare
1093 710 1382 767 hypocritam,
1403 713 1448 752 et
1476 710 1557 752 im-

107 781 312 837 possibile
333 795 425 824 esse
444 783 496 823 ut
516 781 594 823 diu
613 795 748 837 regno
767 780 960 837 gaudeat
979 780 1054 836 qui
1074 779 1226 836 populi
1250 779 1557 821 humiliatione

108 852 153 891 et
166 849 344 905 proprio
359 848 540 905 fastigio
555 849 740 905 superbe
755 848 887 890 nimis
902 848 1085 890 exultat.
1146 847 1235 890 Sed
1249 847 1368 889 illius
1383 847 1556 889 dicebat
1572 846 1601 886 d

50 935 92 959 ιο
107 917 311 974 protendi
329 917 637 974 principatum,
652 917 728 974 qui
743 917 862 973 apud
877 931 922 959 se
937 916 991 959 de
1006 915 1271 959 conscientia
1290 915 1556 957 humilitatis

107 999 278 1042 semper
305 985 353 1027 in
382 1000 428 1028 se
457 985 638 1042 angitur
667 985 793 1041 quasi
822 988 977 1042 regnet
1010 984 1193 1029 inuitus,
1262 984 1384 1026 Haec
1424 983 1557 1026 michi

107 1053 387 1096 Placentinus
405 1053 585 1110 hospes;
615 1056 672 1103 et,
690 1056 743 1096 ut
762 1053 902 1103 credo,
921 1053 1024 1095 fidei
1044 1054 1383 1095 consentaneum
1404 1054 1480 1094 est.

164 1121 269 1164 Tale
301 1122 469 1178 aliquid
496 1122 724 1164 inuenitur
746 1122 794 1163 in
819 1121 994 1178 scriptis
1017 1121 1243 1163 maiorum.
1304 1119 1417 1163 Cum
1442 1120 1559 1163 enim

108 1190 265 1234 Helius
296 1191 461 1234 Romae
493 1190 816 1248 praefecturam
852 1190 1124 1246 splendidius
1157 1192 1318 1246 ageret,
1348 1203 1404 1231 ex
1434 1203 1557 1231 sena-

14 1317 18 1320 *
47 1275 89 1310 15
107 1262 203 1302 tore
228 1259 469 1316 imperator
494 1263 668 1303 creatus
693 1261 786 1311 est3
816 1259 904 1315 qui,
924 1273 1023 1301 eum
1050 1259 1303 1300 obsecrante
1325 1260 1483 1300 senatu
1507 1261 1560 1300 ut

107 1328 248 1371 filium
297 1327 515 1379 cesarem,
564 1342 693 1384 quem
741 1328 943 1378 habebat,
991 1327 1245 1384 Augustum
1294 1326 1558 1382 appellaret:

106 1395 325 1446 Sufficere,
363 1396 522 1453 inquit,
566 1396 708 1446 debet,
751 1396 869 1453 quod
917 1410 998 1452 ego
1046 1396 1139 1451 ipse
1189 1395 1359 1437 inuitus
1401 1410 1558 1452 regna-

105 1464 247 1507 uerim
275 1478 375 1507 cum
403 1479 492 1507 non
521 1478 720 1507 mererer.
780 1464 1058 1520 Principatus
1087 1463 1204 1505 enim
1231 1477 1321 1505 non
1354 1463 1560 1519 sanguini

107 1531 303 1583 debetur,
329 1532 406 1576 sed
435 1533 628 1585 meritis;
662 1535 708 1575 et
731 1532 952 1575 inutiliter
974 1534 1132 1588 regnat
1155 1532 1231 1587 qui
1258 1546 1338 1574 rex
1363 1532 1561 1574 nascitur

49 1618 92 1641 ιο
106 1615 197 1644 non
214 1603 418 1644 moretm.
477 1601 536 1644 Et
564 1601 851 1657 proculdubio
880 1600 1075 1657 parentis
1102 1601 1306 1643 affectum
1333 1600 1458 1643 exuit
1482 1600 1558 1656 qui

106 1669 315 1726 paruulos
340 1683 442 1712 suos
470 1669 741 1726 importabili
766 1668 879 1712 mole
903 1669 1147 1725 superiecta
1166 1669 1400 1726 extinguit.
1460 1668 1557 1711 Hoc

106 1737 283 1794 quidem
303 1741 371 1781 est
389 1738 599 1781 suffocare
627 1738 798 1788 liberos,
817 1752 907 1780 non
929 1752 1196 1794 promouere.
1254 1738 1414 1780 Alendi
1434 1738 1556 1793 prius
1572 1748 1650 1789 537
1667 1752 1697 1779 a

105 1809 212 1849 sunt
237 1809 283 1849 et
308 1806 356 1848 in
378 1806 623 1849 uirtutibus
642 1806 898 1858 exercendi3
927 1809 982 1856 et,
1006 1820 1106 1852 cum
1135 1806 1183 1847 in
1210 1820 1260 1848 eo
1279 1805 1556 1862 profecerint,

106 1877 160 1917 ut
207 1875 449 1931 probentur
497 1874 596 1917 illos
645 1875 888 1917 uirtutibus
936 1874 1202 1923 antecedere,
1242 1888 1350 1930 quos
1397 1874 1558 1916 debent

0 1921 7 1978 l
47 1959 89 1993 ²5
108 1943 348 1986 honoribus
375 1943 555 1993 anteire,
574 1943 756 1985 inuitati
781 1942 1019 1986 ascendant
1048 1945 1093 1984 et
1122 1957 1167 1985 se
1190 1943 1355 1985 ciuium
1378 1957 1557 1985 suorum

107 2026 384 2068 nequaquam
429 2012 696 2054 subtrahant
732 2011 860 2054 uotis.
930 2011 1040 2063 Quis
1078 2011 1195 2053 enim
1234 2011 1332 2054 illos
1370 2012 1560 2068 ambigit

109 2149 125 2175 1
153 2137 419 2175 teuthonicum
446 2136 493 2173 S:
529 2136 794 2173 theutonicum
822 2135 863 2171 M
1022 2145 1042 2180 7
1066 2135 1325 2182 hipochritam
1351 2135 1436 2172 CB:
1468 2148 1556 2183 ypo-

105 2184 267 2222 chritam
283 2185 323 2220 M
483 2185 527 2220 16
550 2183 736 2230 apellaret
753 2182 778 2219 S
943 2193 1000 2225 22,
1018 2193 1062 2229 23
1087 2185 1176 2219 sunt
1192 2183 1296 2229 prius
1313 2182 1346 2217 A
1509 2193 1553 2229 25

104 2232 246 2268 honore
262 2230 303 2266 M

154 2342 188 2385 6,
204 2349 226 2386 7
245 2345 400 2386 propter
411 2344 557 2385 peccata
573 2340 666 2376 etc.:
691 2350 724 2374 v.
749 2337 816 2374 Iob
841 2337 962 2373 xxxiv.
987 2347 1042 2382 30.
1233 2346 1275 2379 ¹4
1298 2337 1449 2373 Helius:
1475 2337 1553 2381 Quo

106 2390 261 2425 auctore
285 2387 356 2423 hoc
387 2385 596 2423 narraverit
628 2385 774 2430 Noster,
806 2385 952 2426 nescim
991 2395 1110 2429 neque
1142 2383 1187 2419 de
1220 2395 1293 2429 quo
1325 2383 1553 2429 imperatore

106 2434 272 2482 intelligi
290 2434 436 2470 debeat.
485 2432 526 2468 Si
542 2433 587 2468 de
605 2432 716 2468 Helio
731 2431 756 2467 i.
768 2443 799 2468 e.
817 2431 925 2467 Aelio
950 2431 1155 2474 Hadriano,
1172 2432 1319 2466 constat
1339 2430 1448 2466 illum
1474 2431 1553 2468 sine

133 2481 212 2518 role
237 2483 397 2517 mortem
426 2479 567 2516 obiise:
597 2479 628 2515 si
656 2479 702 2514 de
730 2478 919 2514 Antonino
945 2477 1013 2513 Pio
1043 2477 1119 2522 (cui
1144 2479 1186 2513 ut
1212 2477 1260 2512 ab
1288 2477 1482 2514 Hadriano
1511 2478 1552 2513 in

106 2493 229 2564 {lium
244 2529 424 2574 adoptato
444 2537 581 2562 nomen
598 2527 680 2562 erat
695 2525 847 2570 Aelius),
865 2537 961 2568 eum,
978 2536 1205 2569 quamquam
1226 2535 1249 2559 a
1267 2523 1438 2561 Gibbono
1458 2524 1496 2570 (i.
1514 2526 1552 2571 3)

107 2574 157 2611 ob
171 2574 310 2611 liberos
329 2586 353 2610 a
367 2573 555 2627 dignitate
575 2571 762 2618 imperiali
784 2571 951 2608 exclusos
972 2571 1179 2614 laudatum,
1197 2570 1285 2606 filiis
1305 2571 1381 2606 iam
1398 2571 1554 2608 mortuis

106 2623 191 2658 tum
248 2621 385 2657 timum
412 2633 453 2656 in
483 2619 634 2666 imperii
665 2618 885 2655 societatem
924 2620 1155 2663 assumptum
1194 2628 1272 2653 esse
1313 2618 1554 2655 crediderunt

106 2667 227 2704 Wenc
258 2668 313 2704 'us
348 2668 397 2703 ad
425 2666 591 2704 Gibboni
622 2666 706 2708 loc„
736 2666 796 2702 W.
828 2666 988 2711 Ramsay
1018 2664 1059 2699 in
1086 2666 1178 2700 Dict.
1211 2666 1321 2700 class.
1349 2667 1448 2711 Bioq.
1477 2678 1503 2701 s.
1519 2678 1551 2700 v.

0 2697 6 2733 l
108 2714 321 2751 Antoninus
337 2714 438 2750 Pius.
475 2714 529 2750 cf.
546 2715 677 2749 tamen
690 2713 785 2748 Hist.
797 2713 891 2757 Any.
905 2724 935 2747 v.
950 2722 971 2756 3
987 2711 1004 2757 ξ
1022 2721 1039 2757 5
1058 2711 1103 2746 de
1121 2710 1235 2748 Lucio
1250 2711 1358 2756 Vero,
1367 2711 1554 2748 Antonini

108 2761 168 2797 Pii
182 2761 261 2798 filio
279 2762 469 2807 adoptato,
488 2759 549 2797 cui
574 2772 637 2795 nec
653 2761 757 2795 aliud
771 2760 1063 2803 honorificentiae
1085 2760 1260 2795 adnomen
1281 2761 1489 2795 adiunctum
1507 2765 1557 2795 est

106 2820 215 2855 quam
230 2810 323 2855 quod
337 2810 494 2854 Auyusti
501 2809 610 2853 filiu-3
625 2807 827 2853 appellatus
842 2811 902 2842 est.

1366 2883 1429 2920 ²75
