1878 3172
103 175 202 208 car.
217 161 298 224 xv]
606 163 1041 212 POLIGRATICVS
1572 180 1659 220 430
1678 172 1707 211 b

101 282 324 326 interdum
342 283 634 336 manifestius,
653 285 876 327 interdum
895 285 1121 328 obscurius
1146 286 1356 343 aperitur,
1375 290 1421 330 et
1440 301 1558 331 nunc

101 365 148 394 se
166 352 307 408 ipsam
327 353 475 396 animo
493 353 668 410 ingerit,
687 367 804 396 nunc
823 354 1058 397 intimante
1078 355 1166 397 alio
1185 355 1446 399 declaratur.

158 419 271 463 Cum
286 435 392 464 uero
410 421 506 464 luce
520 422 774 465 immediata
788 422 975 478 seipsam
988 422 1198 474 infundit,
1209 424 1323 467 uisio
1344 428 1421 475 est,
1434 440 1490 468 ex
1506 440 1556 468 eo

100 489 217 545 quod
236 489 367 547 plena
386 494 432 533 et
454 505 561 533 uera
584 491 725 547 specie
744 490 813 533 sui
834 490 970 534 oculis
988 491 1195 534 uideatur
1221 507 1314 535 esse
1336 494 1556 546 subiecta3
1574 503 1599 532 c

37 550 81 610 ⁵5
100 558 228 614 quale
267 562 345 610 est,
379 559 497 617 quod
535 559 831 604 Cassandrum
870 561 1048 603 omnino
1086 576 1175 604 non
1214 563 1371 613 uisum,
1401 578 1429 606 a
1468 579 1556 621 quo

98 627 351 670 Alexander
382 629 542 671 hausto
574 643 745 671 ueneno
777 629 1056 685 perimendus
1090 633 1196 681 erat,
1225 632 1421 687 agnouit,
1451 634 1555 689 quia

98 710 199 738 eum
219 697 342 752 quies
362 697 402 739 ei
422 700 840 754 repraesentauerat.
909 698 1045 741 Porro
1063 699 1284 742 uisionum
1304 700 1393 743 alia
1413 702 1553 744 mani-

97 763 253 807 festior
281 768 359 816 est,
388 768 440 807 ut
469 780 581 822 quae
610 766 728 808 clara
757 766 820 808 rei
850 767 1039 810 occurrit
1068 767 1288 825 imagine3
1336 770 1424 812 alia
1452 785 1552 827 pro-

98 831 346 876 fundiorem
385 834 606 876 desiderat
643 834 926 885 intellectum,
969 839 1022 878 ut
1066 850 1166 879 cum
1215 852 1308 880 rem
1353 839 1553 882 admixta

39 921 81 944 10
96 902 260 959 speeies
293 903 536 959 figurarum
567 904 823 956 obnubilat;
862 905 976 947 sicut
1006 908 1083 955 est,
1109 906 1225 961 quod
1255 906 1367 950 Gaio
1393 907 1552 951 Cesare

96 971 285 1014 transito
314 972 537 1014 Rubicone
571 972 734 1015 bellum
765 974 935 1029 patriae
966 973 1195 1025 inferente,
1228 975 1287 1017 ad
1320 976 1550 1034 designan—

96 1039 202 1082 dum
243 1041 455 1082 terrorem
494 1040 670 1091 ciuium,
713 1041 790 1097 qui
829 1044 956 1084 erant
994 1057 1074 1099 per
1111 1044 1302 1087 conciuis
1341 1045 1551 1089 iniuriam

94 1109 380 1166 opprimendi,

278 1211 434 1268 ingens
462 1212 560 1254 uisa
589 1212 689 1255 duci
719 1213 890 1269 patriae
918 1214 1184 1270 trepidantis
1214 1215 1371 1272 imago,

36 1327 77 1362 15
96 1312 197 1356 duci
215 1327 295 1356 suo
314 1313 580 1356 denuntians
600 1328 655 1356 ne
670 1314 869 1357 conciues
889 1315 1023 1357 armis
1038 1316 1243 1359 ciuilibus
1257 1317 1550 1375 impugnaret.

95 1381 264 1425 Publici
291 1397 481 1438 namque
510 1382 657 1438 imago
688 1383 861 1439 imperii
896 1384 1061 1439 publici
1098 1388 1242 1428 metus
1280 1390 1327 1429 et
1362 1386 1548 1430 Cesareo

93 1450 269 1493 nomine
306 1453 552 1507 prostratae
590 1451 713 1494 urbis
753 1454 849 1494 erat
887 1452 1061 1496 indicio.
1130 1453 1258 1506 Quod
1297 1455 1335 1497 si
1374 1455 1547 1512 imperii
1562 1456 1593 1497 d

93 1519 261 1561 nullam
280 1519 328 1561 in
353 1520 554 1571 ueritate,
574 1535 686 1577 quae
712 1520 773 1563 sic
802 1524 1045 1577 appareret,
1066 1522 1253 1565 credidit
1283 1524 1380 1579 quis
1410 1524 1547 1568 fuisse

93 1587 341 1644 imaginem,
360 1589 645 1632 historiarum
664 1589 750 1632 fide
768 1590 1087 1633 certiorabitur.
1144 1590 1258 1635 Cum
1278 1593 1395 1635 enim
1414 1594 1547 1637 maie-

35 1676 79 1700 20
93 1659 255 1699 statem
278 1657 401 1700 urbis
423 1658 643 1715 principes
671 1658 838 1700 uisibili
866 1659 1008 1715 specie
1036 1664 1302 1703 censuerunt
1330 1662 1547 1705 honoran-

93 1725 207 1778 dam,
238 1726 457 1782 exquisito
491 1727 678 1770 artificio
716 1727 974 1770 muliebrem
1013 1728 1215 1779 formam,
1247 1744 1359 1786 quae
1397 1732 1546 1774 orbem

90 1793 250 1836 dextra
286 1795 542 1845 contineret,
574 1795 623 1837 in
661 1796 748 1837 eris
786 1796 972 1838 materia
1010 1797 1106 1839 fieri
1146 1798 1422 1842 studuerunt.
1482 1801 1548 1843 Ea

90 1877 196 1905 uero
229 1862 426 1919 perfecta
459 1864 507 1905 in
540 1863 685 1906 forma
713 1865 901 1920 egregia,
930 1868 1120 1908 uenusta
1150 1868 1412 1922 quantitate,
1442 1872 1548 1925 apta

90 1931 286 1986 partium
328 1931 624 1987 dispositione,
661 1933 869 1975 membris
912 1947 1084 1989 quoque
1124 1935 1461 1979 condecentibus
1502 1941 1547 1980 et

90 2064 114 2097 4
138 2053 306 2090 subiecta
338 2053 548 2090 substantia
565 2054 614 2089 M.
627 2054 710 2100 Cyr.
724 2054 749 2090 S
914 2057 936 2091 8
959 2055 1136 2102 ymagine
1153 2057 1194 2091 M
1355 2069 1399 2094 10
1423 2058 1544 2096 Gneio

91 2099 207 2136 CBA:
235 2099 278 2136 G.
326 2101 365 2135 M
487 2112 529 2145 14
551 2113 689 2147 ymago
707 2102 747 2136 M
861 2103 903 2137 16
927 2113 1063 2148 ymago
1079 2103 1153 2137 AM
1267 2114 1310 2150 19
1323 2105 1545 2151 ymaginem

91 2146 132 2182 M
225 2147 477 2193 hystoriarum
494 2147 534 2182 M

136 2266 158 2300 3
181 2257 298 2309 assio:
328 2268 362 2291 v.
387 2255 570 2291 Macrobii
595 2255 666 2311 loc.
692 2267 803 2302 saepe
828 2255 893 2292 cit.
1026 2266 1044 2302 5
1073 2259 1317 2311 Cassandrum
1341 2261 1436 2296 etc.:
1460 2260 1542 2297 Val.

89 2301 1294 2402 {¹2³ss&Pataram¹323'39ffi123351·2ssu3;23²3533²21132322m
1309 2308 1543 2391 &3032

88 2397 152 2433 sed
168 2395 329 2438 Romuli,
345 2408 460 2442 quam
476 2407 667 2442 quousque
685 2408 792 2442 Vlrgo
808 2399 956 2442 pareret
971 2397 1191 2450 duraturam
1207 2411 1284 2436 esse
1300 2400 1543 2446 prophetavit

89 2443 282 2479 oraculum
305 2443 505 2489 Apollinis,
534 2443 650 2479 habet
677 2443 832 2479 Iacobus
860 2444 906 2479 de
931 2444 1121 2490 Voragme
1145 2445 1188 2480 in
1213 2448 1378 2491 Legenda
1404 2450 1539 2491 Aurea,

89 2501 171 2536 cap.
204 2489 251 2526 vi.
284 2491 341 2535 (de
368 2492 553 2526 nativitate
580 2492 626 2526 D.
646 2492 691 2526 N.
710 2492 743 2526 I.
763 2491 860 2546 C.)·;·
878 2490 924 2526 cf.
957 2493 1146 2548 Mirabiiia
1175 2494 1321 2538 Romae,
1350 2506 1380 2530 c.
1415 2504 1446 2540 5,
1480 2496 1539 2532 ed.

88 2535 1543 2632 ffiyffiiassz⁵3553512¹2m125³232323²{tmssyssffaofflssmss‘m'²⁰p“0‘¹.22”.·t⁰‘122‚³;m{{2’5}

87 2635 245 2666 statuam
262 2642 367 2666 suam
388 2643 538 2666 auream
553 2633 674 2666 dicens
691 2633 700 2648 ⁴
712 2642 786 2666 non
802 2633 912 2684 cadet,
929 2634 1036 2685 dones:
1051 2635 1154 2678 uiryo
1163 2635 1307 2679 pariet?
1354 2637 1484 2671 Statim
1499 2643 1541 2672 ut

89 2680 226 2722 peperit
246 2679 362 2722 uir-90,
378 2680 524 2714 corruit.
574 2678 679 2713 Idem
702 2677 748 2713 de
750 2678 1188 2772 dpalatiovag}§gis-311lpei·1
1190 2682 1539 2767 Ξτέῖωῶιηθαςιηξὲἑξ

89 2735 113 2758 a
127 2723 645 2818 exzfflgahnatssgsffitg,
656 2735 811 2808 {fferxiv
829 2772 945 2817 (Rolls
959 2773 1076 2809 Ser-ies
1090 2783 1149 2820 34,
1166 2785 1202 2820 p.
1220 2775 1316 2822 310).

1385 2855 1430 2892 9t
