1878 3172
139 162 226 204 420
245 154 274 193 b
619 149 880 195 IOANNIS
921 148 1433 194 SARESBERIENSIS
1586 147 1701 210 [ΜΒ.
1717 160 1757 194 11

246 276 275 314 b
293 272 350 315 ad
377 271 566 315 iudicem
593 271 903 321 Romanorum,
922 269 1043 327 apud
1070 284 1201 326 quem
1225 270 1378 327 flagris
1403 269 1461 313 ad
1490 283 1589 314 ossa
1617 283 1757 328 usque

291 341 487 384 laniatus
516 355 657 397 neque
686 354 836 397 preces
862 354 1005 396 neque
1033 338 1237 382 lacrimas
1266 338 1398 382 fudit.
1456 339 1545 383 Sed
1572 339 1758 383 eandem

289 425 444 454 uocem
473 409 784 453 miserabiliter
818 412 864 452 et
893 423 993 452 cum
1021 407 1211 464 quodam
1243 408 1412 451 eiulatu
1442 408 1651 452 emittens
1677 423 1758 466 per

288 480 467 537 singula
505 494 616 536 pene
654 479 840 521 uerbera
874 477 1141 535 proferebat,
1176 476 1343 519 addens
1373 477 1508 520 etiam
1547 477 1653 521 hoc:
1689 478 1757 521 Ve

288 563 348 592 ue¹
369 549 648 592 Ierosolimis.
709 548 996 604 Prosequitur
1020 550 1065 590 et
1088 546 1211 589 aliud
1231 546 1348 589 idem
1373 546 1756 604 historiographus
1774 566 1792 600 5
1820 565 1822 567 ’

288 619 455 662 maiore
474 621 649 676 gestum
669 617 892 667 miraculo,
906 616 1054 658 dicens
1070 615 1295 658 oraculum
1311 616 1532 672 quoddam
1552 615 1600 658 in
1619 617 1756 660 sacris

287 688 450 731 litteris
477 690 712 745 repertum,
733 686 850 743 quod
877 700 956 742 per
980 685 1098 728 idem
1125 688 1300 742 tempus
1324 685 1473 727 uirum
1502 685 1756 742 designaret

287 773 343 800 ex
374 773 524 800 eorum
555 757 732 814 regione
762 769 1078 812 processurum,
1109 754 1185 810 qui
1220 754 1358 797 totius
1388 754 1506 797 orbis
1535 754 1756 811 potiretur

287 827 481 884 imperio.
554 826 692 870 Cuius
722 825 886 868 oraculi
916 824 1195 882 praesagium
1225 824 1342 866 idem
1371 824 1755 881 historiographus

288 896 609 953 Vespasianum
639 895 861 938 declarare
890 893 1151 951 suspicatur.
1217 893 1306 936 Sed
1336 892 1634 950 Vespasianus
1663 907 1753 935 non
1773 911 1816 935 ιο

286 966 387 1008 aliis
417 980 549 1021 quam
579 964 667 1007 illis
696 963 800 1006 solis
829 963 1037 1020 gentibus
1066 977 1178 1019 quae
1209 963 1407 1005 Romano
1426 962 1611 1019 imperio
1630 962 1753 1005 uide-

243 1047 271 1076 c
289 1035 453 1077 bantur
477 1034 681 1076 subditae
706 1033 959 1075 dominatus
979 1035 1056 1075 est.
1117 1032 1244 1074 Vnde
1264 1031 1426 1074 iustius
1444 1031 1503 1074 ad
1523 1030 1753 1075 Christum

287 1104 395 1146 haec
415 1117 624 1159 responsa
650 1101 918 1151 referuntur,
938 1101 996 1143 ad
1023 1115 1154 1158 quem
1175 1101 1292 1143 dixit
1313 1101 1469 1143 Pater:
1499 1100 1605 1143 Pete
1624 1115 1652 1142 a
1670 1114 1752 1151 me,

287 1175 333 1215 et
356 1172 470 1215 dabo
490 1172 573 1214 tibi
594 1174 749 1228 gentes
768 1171 1060 1214 hereditatem
1081 1173 1206 1213 tuam
1226 1172 1272 1212 et
1291 1169 1607 1227 possessionem
1626 1171 1752 1212 tuam

286 1241 499 1284 terminos
528 1243 694 1283 terrae:
731 1242 776 1282 et
805 1239 931 1282 cuius
960 1254 1040 1295 per
1068 1239 1184 1281 idem
1213 1242 1389 1296 tempus
1423 1253 1503 1295 per
1531 1238 1753 1295 apostolos
1772 1256 1811 1290 15

287 1324 391 1352 suos
410 1310 458 1351 in
485 1323 659 1352 omnem
679 1312 844 1351 terram
865 1308 1007 1351 exiuit
1027 1322 1160 1351 sonus
1190 1310 1235 1350 et
1262 1308 1310 1349 in
1338 1307 1449 1350 fines
1468 1307 1587 1350 orbis
1607 1310 1752 1351 terrae

284 1378 424 1421 uerba
443 1393 607 1422 eorum.

286 1547 391 1604 Cap.
413 1556 453 1602 5.
506 1546 691 1600 Quanta
710 1546 861 1603 fuerit
885 1547 1124 1590 calamitas
1149 1546 1426 1597 obsessorum,
1446 1550 1484 1590 et
1504 1545 1751 1591 obstinatae

458 1616 669 1659 malitiae
687 1617 789 1673 quis
797 1616 948 1672 fuerit
959 1615 1088 1672 fluia
1109 1619 1146 1659 et
1167 1630 1282 1672 quae
1299 1616 1444 1673 pietas
1464 1615 1570 1659 Titi.

341 1719 404 1760 At
436 1733 494 1761 ne
527 1720 596 1761 tot
626 1720 671 1760 et
699 1721 827 1760 tanta
856 1719 1087 1762 mediocris
1115 1719 1272 1776 plagae
1306 1722 1386 1762 aut
1419 1719 1747 1776 perfunctoriae
1767 1730 1811 1754 ²0

282 1788 601 1845 indignationis
633 1788 716 1830 Dei
747 1788 959 1830 aduersus
994 1788 1349 1845 impenitentiam
1385 1788 1625 1832 Iudeorum
1659 1789 1747 1846 sig-

280 1872 441 1900 norum
470 1857 753 1913 praecessisse
783 1857 1022 1899 uideantur
1044 1858 1218 1908 indicia,
1239 1858 1537 1901 calamitatem
1565 1857 1747 1900 intoler-

283 1926 455 1976 abilem,
468 1926 689 1968 excidium
709 1926 1006 1982 irreparabile,
1019 1927 1278 1983 reprobatae
1295 1930 1340 1970 et
1355 1929 1586 1970 excecatae
1600 1927 1748 1984 gentis

283 1995 531 2037 inauditam
561 1997 607 2037 et
635 1995 804 2038 cunctis
835 1995 1019 2038 saeculis
1053 1996 1324 2053 incognitam
1354 1996 1616 2039 seruitutem
1650 2009 1745 2038 suc-

240 2069 270 2109 d
286 2065 455 2107 cinctus
489 2079 631 2106 sermo
662 2067 902 2120 percurrat.
975 2064 1165 2117 Quantis
1205 2080 1310 2123 ergo
1340 2065 1469 2108 malis
1503 2067 1611 2108 tunc
1644 2065 1743 2107 uni·
1765 2075 1807 2108 ²5

284 2148 414 2176 uersa
432 2134 624 2175 multata
643 2134 712 2183 sit,
733 2136 870 2190 utque
891 2134 988 2190 ipsa
1007 2134 1170 2177 Iudeae
1197 2138 1316 2178 terra
1343 2135 1468 2186 bello,
1489 2134 1618 2186 fame,
1638 2135 1746 2192 igni,

282 2203 574 2259 caedibusque
606 2205 784 2245 uastata
824 2204 893 2253 sit,
929 2206 1098 2259 quanta
1131 2204 1394 2260 populorum
1429 2204 1563 2254 milia,
1597 2206 1747 2260 patres

281 2272 413 2314 simul
443 2286 543 2314 cum
573 2272 834 2328 coniugibus
865 2287 916 2314 ac
945 2272 1145 2328 paruulis
1176 2272 1327 2315 liberis
1362 2273 1526 2329 absque
1560 2286 1745 2314 numero

281 2343 327 2382 et
346 2341 510 2396 absque
530 2341 791 2383 discretione
810 2341 1021 2384 trucidati
1046 2341 1146 2392 sint,
1168 2356 1280 2398 quae
1307 2342 1441 2384 etiam
1467 2342 1744 2384 diuersarum

279 2410 459 2452 urbium
479 2410 738 2460 obsidiones,
758 2410 835 2452 sed
853 2412 898 2453 et
924 2410 1062 2467 ipsius
1083 2411 1340 2467 magnificae
1360 2413 1405 2453 et
1425 2410 1742 2453 famosissimae
1761 2424 1804 2456 30

281 2544 305 2577 4
330 2533 446 2568 uerba
462 2533 501 2567 M
667 2543 684 2580 5
711 2534 1047 2581 hystoriographus
1064 2535 1138 2570 AM
1304 2546 1326 2582 9
1350 2533 1685 2582 hystoriographus
1704 2534 1744 2571 M
1866 2525 1878 2590 ξ

286 2591 327 2625 13
353 2580 500 2616 dixerat
518 2579 542 2615 S
690 2584 732 2618 16
751 2588 833 2628 post
850 2594 961 2619 sonus
978 2584 1061 2618 add.
1079 2594 1207 2618 eorum
1225 2582 1292 2618 SM
1436 2592 1480 2627 19
1505 2594 1602 2627 quae
1621 2594 1689 2619 om.
1707 2582 1741 2618 S.

281 2629 322 2662 in
338 2629 437 2663 rubr.
454 2640 530 2673 cap.
546 2630 664 2674 praef.
808 2631 853 2666 26
879 2629 1062 2666 mulctata
1078 2629 1118 2664 M

333 2750 373 2785 13
399 2742 481 2775 Pete
496 2743 588 2777 etc.:
607 2741 662 2776 Ps.
680 2741 719 2777 ii.
736 2746 767 2778 8.
868 2744 909 2779 16
935 2745 976 2778 in
992 2755 1129 2779 omnem
1146 2744 1239 2780 eta:
1259 2742 1317 2778 Ps.
1334 2742 1436 2779 xviii.
1456 2751 1489 2788 5,
1506 2742 1613 2780 Rom.
1629 2755 1665 2779 x.
1689 2745 1742 2780 18.

281 2796 325 2833 25
355 2789 508 2831 Quantis
526 2815 534 2824 .
552 2815 561 2823 .
582 2815 590 2824 .
607 2791 778 2835 Iosephus
796 2790 877 2837 (425
894 2790 957 2836 A):
983 2789 1118 2827 Euseb.
1135 2802 1224 2827 vers.
1242 2789 1378 2827 Ruffin.
1397 2789 1451 2826 iii.
1470 2799 1503 2836 5,
1520 2791 1554 2826 6.

392 2864 436 2900 74

1867 3129 1878 3158 3<-
1876 3111 1878 3115 .
1862 3018 1878 3106 ‘mi-‘ehi
1864 2932 1878 3014 ‚Sin-162⁴.
1864 2884 1878 2899 ζ
