1878 3172
171 156 253 198 505
269 146 300 187 d
642 148 901 192 IOANNIS
940 148 1451 193 SARESBERIENSIS
1591 148 1698 210 [Lm.
1714 160 1774 193 111
1844 180 1847 186 -

319 282 470 311 eorum
515 268 866 312 immutauerunt
912 269 1160 312 naturalem
1199 284 1329 313 usum
1368 269 1416 312 in
1454 283 1555 312 eum
1593 269 1670 326 qui
1709 272 1777 312 est

317 340 471 380 contra
500 334 719 389 naturam,
749 340 795 380 et
827 339 1022 390 masculi,
1051 339 1203 382 relicto
1236 338 1431 382 naturali
1459 353 1544 382 usu
1573 338 1777 391 feminae,

318 409 580 449 exarserunt
607 407 655 449 in
685 407 911 450 desideriis
937 408 1039 458 suis,
1065 408 1247 451 masculi
1274 408 1322 450 in
1348 407 1563 451 masculos
1589 408 1778 452 inuicem

318 475 642 533 turpitudinem
671 478 913 533 operantes,
938 479 991 520 ut
1020 477 1233 520 darentur
1262 477 1310 519 in
1339 491 1515 520 sensum
1544 476 1779 534 reprobum

320 544 604 601 facerentque
639 545 756 601 quod
789 545 971 588 minime
1004 546 1301 596 conuenirent,
1331 548 1377 589 et
1406 545 1530 588 uitiis
1560 545 1780 588 uniuersis
1798 557 1817 591 5

321 614 501 657 obnoxii
525 614 873 671 indignationem
902 615 986 657 Dei
1013 617 1057 658 et
1084 615 1280 658 omnium
1300 629 1513 672 penarum
1532 615 1580 656 in
1603 629 1649 657 se
1676 628 1779 657 acu-

316 683 412 726 leos
431 686 731 740 prouocarent.
791 683 849 726 Et
874 686 981 727 tunc
1012 684 1189 740 quidem
1213 684 1261 726 in
1281 684 1462 727 auribus
1482 684 1780 726 Romanorum
1857 698 1869 736 ,li

171 750 256 799 506
277 758 306 788 a
322 752 404 794 hoc
423 751 533 794 tuba
551 752 791 809 apostolica
813 752 1124 804 conclamabat,
1145 753 1320 809 quando
1340 753 1625 809 impiissimus
1644 753 1780 809 impe·
1859 765 1862 774 ’

321 823 444 864 rator
493 821 613 864 Nero
660 822 864 864 luxuriae
903 822 1112 865 seuientis
1160 836 1346 878 puerum
1387 821 1577 879 Sporum
1617 822 1784 866 exectis

322 890 538 933 testiculis
564 890 612 933 in
637 890 895 933 muliebrem
921 893 1128 933 naturam
1154 890 1471 934 transformare
1493 893 1676 934 conatus
1702 892 1780 933 est.
1801 906 1863 938 105

324 958 396 1000 Ab
417 973 467 1001 eo
493 961 689 1016 tempore
708 959 991 1015 prouerbium
1011 961 1167 1001 natum
1188 962 1255 1002 est
1275 959 1404 1016 quia:
1435 960 1551 1003 Vsus
1571 958 1781 1002 formoso-

325 1043 425 1070 rum
441 1028 593 1071 abusio
614 1031 707 1080 est;
738 1031 783 1071 et
798 1028 934 1071 illud:
966 1028 1150 1071 Formae
1171 1028 1317 1086 gratia
1337 1043 1388 1072 eo
1406 1029 1553 1072 minus
1567 1031 1696 1086 grata
1716 1031 1784 1070 est

325 1098 526 1154 sapienti,
558 1112 644 1154 quo
682 1100 889 1154 corrupto
923 1100 991 1140 est
1023 1098 1193 1155 gratior
1225 1098 1481 1155 corruptori.
1551 1097 1784 1140 Difficilius

325 1167 488 1210 etenim
528 1166 585 1210 ab
622 1167 810 1209 infirmis
852 1166 1155 1210 defensoribus
1194 1167 1441 1210 custoditur
1480 1167 1596 1223 quod
1635 1167 1784 1224 plures
1857 1151 1878 1209 ’313

326 1238 554 1292 appetunt.
613 1235 732 1278 Illud
755 1236 933 1279 incauto
956 1235 1131 1279 facilius
1157 1235 1341 1292 surripit
1368 1234 1678 1279 fraudulentus
1704 1238 1784 1279 aut
1802 1251 1841 1285 15
1861 1231 1865 1236 ’

327 1305 471 1348 inuito
500 1304 739 1362 pudicitiae
768 1305 930 1361 praedo
959 1305 1179 1347 uiolentus
1209 1307 1454 1361 extorquet.
1513 1304 1555 1347 A
1583 1305 1785 1362 patribus

326 1377 476 1417 tamen
515 1374 687 1431 pridem
727 1373 965 1417 diffinitum
1006 1376 1072 1416 est
1111 1374 1215 1430 quia
1249 1374 1463 1430 pudicitia
1496 1373 1664 1417 auferri
1686 1388 1786 1416 non
1854 1416 1855 1420 ,

325 1445 483 1499 potest,
517 1443 605 1486 nisi
643 1443 805 1486 mentis
839 1442 1062 1499 corruptio
1095 1443 1337 1486 antecedat.
1402 1442 1531 1496 Quod
1570 1443 1698 1494 enim,
1733 1445 1786 1485 ut
1859 1429 1864 1439 ’

326 1525 514 1569 magnus
543 1512 700 1554 asserit
729 1511 1018 1569 Augustinus,
1047 1526 1136 1554 non
1165 1511 1451 1568 praecedente
1479 1512 1663 1555 libidine
1691 1512 1784 1555 uio-

327 1581 470 1624 lenter
507 1581 679 1638 patitur
716 1595 885 1637 corpus,
919 1581 1098 1623 uexatio
1136 1581 1285 1637 potius
1324 1580 1508 1624 dicenda
1546 1583 1613 1624 est
1652 1596 1784 1638 quam
1804 1599 1847 1623 πο

283 1652 313 1691 b
330 1650 566 1707 corruptio.
636 1649 707 1692 Ibi
747 1664 851 1707 ergo
889 1650 1057 1692 seruari
1095 1650 1310 1706 pudicitia
1347 1653 1504 1707 potest,
1543 1650 1620 1693 ubi
1662 1650 1788 1693 nulla

329 1719 417 1762 nisi
455 1718 709 1762 uoluntaria
752 1733 844 1761 esse
883 1721 1029 1775 potest
1067 1719 1301 1776 corruptio,
1339 1719 1388 1761 in
1426 1719 1587 1762 mentis
1622 1719 1789 1762 scilicet
1864 1710 1866 1713 ’

330 1787 599 1845 integritate,
623 1787 701 1830 ubi
730 1787 778 1829 in
807 1789 1008 1830 eternum
1037 1788 1205 1830 seruari
1234 1788 1448 1844 pudicitia
1475 1790 1633 1845 potest.
1694 1787 1789 1831 Nec
1866 1827 1868 1829 ,

330 1870 542 1914 magnum
571 1858 639 1899 est
667 1856 886 1913 integram
913 1870 1005 1899 esse
1035 1870 1221 1907 carnem,
1241 1857 1318 1899 ubi
1344 1871 1468 1899 mens
1497 1859 1614 1899 tetra
1639 1870 1786 1900 corru-
1861 1906 1862 1909 Ἰ

330 1925 482 1982 ptione
501 1925 726 1981 polluitur.
784 1925 848 1968 At
875 1940 992 1968 nunc
1013 1925 1050 1968 si
1070 1926 1275 1983 deceptor
1294 1940 1447 1969 amans
1466 1928 1546 1968 aut
1564 1925 1786 1968 uiolentus
1806 1941 1848 1977 ²5
1866 1922 1878 1965 i

331 1994 466 2046 abest,
487 1994 553 2037 ita
578 1994 692 2036 male
719 2008 747 2036 a
769 1994 979 2037 teneriori
1008 1997 1127 2037 etate
1155 1995 1455 2038 instituuntur
1482 1994 1788 2045 adolescentes,

331 2066 384 2106 ut
398 2063 535 2107 oculis
549 2062 892 2114 lasciuientibus‚
906 2066 1020 2106 nutu
1035 2063 1176 2114 faciei,
1191 2064 1383 2121 corporis
1397 2066 1526 2122 gestu
1546 2063 1790 2119 habituque

334 2132 542 2175 exteriori
565 2136 611 2175 et
637 2132 851 2175 lenocinio
877 2132 956 2175 uix
985 2133 1092 2189 ipsis
1108 2133 1419 2176 -meretricibus
1442 2147 1643 2176 concesso
1670 2132 1789 2175 solli-

333 2202 472 2245 citent
491 2204 778 2257 corruptores,
798 2203 844 2244 et
866 2201 1013 2258 legum
1038 2216 1150 2258 quae
1169 2202 1216 2243 in
1237 2216 1310 2244 eos
1330 2202 1419 2244 iam
1438 2201 1653 2258 plurimae
1672 2200 1791 2244 latae
1870 2249 1874 2257 ,

332 2274 438 2313 sunt
457 2265 626 2313 nullam
651 2270 844 2312 habeant
867 2271 1160 2313 reuerentiam
1185 2270 1258 2313 uel
1283 2270 1498 2321 timorem,
1516 2270 1620 2313 licet
1644 2269 1692 2312 in
1717 2283 1790 2312 eos
1808 2275 1867 2319 ac>⁴

332 2339 592 2396 grauissime
630 2339 1072 2382 animaduertendum
1111 2339 1355 2382 decreuerit
1393 2339 1651 2395 hperator.
1710 2338 1791 2380 Ait
1852 2361 1869 2396 ’ζ

334 2408 477 2450 enim:
517 2407 631 2451 Cum
651 2408 722 2450 uir
744 2408 875 2450 nubit
899 2408 947 2450 in
973 2407 1184 2450 feminam
1208 2408 1326 2451 uires
1348 2410 1661 2465 porrecturam,
1682 2406 1790 2463 quid
1866 2398 1874 2439 ’-

298 2486 323 2516 c
338 2477 520 2533 cupiat?
579 2477 666 2519 Vbi
699 2491 832 2520 sexus
862 2477 1056 2533 perdidit
1093 2477 1248 2527 locum,
1281 2491 1361 2520 nec
1399 2476 1539 2519 scelus
1572 2478 1640 2519 est
1673 2474 1791 2532 quod
1865 2481 1872 2522 ’.

338 2591 359 2626 7
385 2580 550 2627 quidem]
569 2581 662 2627 quid
678 2581 781 2618 enim
795 2581 835 2617 M
978 2591 1018 2619 11
1045 2581 1307 2619 formosiorum
1324 2581 1364 2616 M

384 2687 407 2722 9
426 2689 582 2722 puerum
598 2681 691 2713 etc.:
717 2677 818 2714 Suet.
836 2680 935 2715 Nero
950 2680 1250 2722 28.17
1271 2679 1452 2724 pudicitia
1469 2679 1565 2714 etc-z
1589 2690 1622 2714 v.
1639 2678 1733 2724 Aug.
1750 2679 1793 2714 de

342 2725 413 2759 Civ.
431 2723 527 2759 Dei
516 2726 626 2766 1.18;
651 2726 692 2759 de
709 2727 933 2770 Mendacio7
954 2725 972 2771 ξ
995 2737 1039 2762 10
1056 2725 1202 2772 (Migne
1218 2727 1259 2761 P.
1277 2727 1319 2760 L.
1339 2725 1390 2762 xl.
1406 2734 1526 2771 495,4
1503 2705 1602 2771 496).
1747 2734 1794 2770 32

342 2772 433 2807 Cum
451 2772 512 2807 uir
526 2772 619 2808 etc.:
645 2771 732 2807 God.
744 2771 875 2808 Iustin.
889 2772 939 2808 ix.
953 2782 986 2818 9.
1001 2783 1058 2818 31.
1169 2783 1212 2818 33
1237 2771 1794 2809 ne0200d.1ustin.ub1habet
1863 2765 1878 2832 ᾗ

450 2852 514 2875 220
