1878 3172
149 153 232 194 442
250 143 280 184 d
622 140 883 186 IOANNIS
923 139 1436 184 SARESBERIENSIS
1592 138 1701 201 [Lm.
1717 151 1758 184 11*

292 262 365 306 Ad
403 264 578 306 tantam
618 261 808 319 denique
848 261 1029 318 quidam
1068 275 1308 318 peruenere
1343 260 1582 313 uesaniam,
1612 264 1667 305 ut
1699 277 1761 305 ex-

291 332 478 375 diuersis
499 331 728 375 stellarum
748 331 1041 388 positionibus
1061 330 1212 374 dicant
1236 330 1474 388 imaginem
1496 330 1554 374 ab
1579 331 1757 375 homine

289 416 416 459 posse
437 401 633 452 formari,
653 415 765 457 quae
790 400 827 443 si
847 414 927 457 per
952 399 1191 443 interualla
1216 402 1466 457 temporum
1493 403 1539 443 et
1565 401 1757 457 quadam

290 471 463 514 ratione
496 470 831 528 proportionum
870 470 918 512 in
950 469 1282 512 constellatione
1314 473 1493 513 seruata
1527 469 1756 522 formetur,

174 308 212 331 V.

289 540 518 583 stellarum
557 542 673 582 nutu
712 539 895 595 recipiet
933 539 1141 595 spiritum
1179 539 1312 590 uitae,
1343 542 1390 582 et
1427 539 1756 583 consulentibus
1775 547 1798 582 ⁵

289 609 485 652 occultae
514 608 719 651 ueritatis
748 606 1057 650 manifestabit
1086 607 1291 651 archana.
1352 608 1412 651 Et
1437 608 1542 652 licet
1561 609 1756 665 quando-

290 692 387 734 que,
408 692 519 756 quae
539 678 725 720 honesta
743 676 817 719 uel
837 679 958 719 recta
977 679 1093 727 sunt,
1114 679 1166 720 ut
1185 691 1231 720 se
1255 677 1304 719 in
1332 677 1427 721 loco
1450 677 1616 720 mundo
1642 677 1757 721 uelle

289 747 470 798 seruari,
496 746 569 789 uel
599 746 741 789 solum
770 745 928 798 Deum,
955 746 1132 802 quando
1156 746 1326 803 aliquid
1352 747 1591 804 quaeritur,
1618 747 1756 804 preci·

141 824 224 863 443
243 824 274 854 a
290 815 373 858 bus
407 818 454 858 et
483 814 741 858 muneribus
771 814 1068 857 inuocandum
1102 815 1358 872 praecipiat,
1386 816 1571 873 maligni
1605 819 1759 860 tamen

289 885 473 942 spiritus
492 885 605 927 hanc
630 899 722 927 esse
749 883 972 927 fallaciam
1001 884 1294 927 certissimum
1321 888 1400 938 est,
1421 885 1498 942 qui
1527 888 1580 929 ut
1608 886 1756 929 minus
1774 896 1818 921 10

288 957 500 996 caueatur
542 953 819 996 innocentiae
863 952 936 995 uel
979 953 1178 997 iustitiae
1220 957 1454 1011 praecepta
1497 954 1756 1011 plerumque
1871 943 1874 952 ι

287 1023 468 1066 uidetur
507 1023 675 1065 afferre.
737 1022 867 1065 Hanc
906 1020 1084 1078 quidem
1122 1022 1398 1066 idololatriae
1437 1023 1624 1080 speciem
1663 1037 1757 1066 esse

288 1093 486 1136 fidelium
515 1091 665 1134 nullus
695 1091 883 1148 ignorat.
958 1091 1108 1149 Longe
1128 1106 1234 1135 uero
1254 1092 1523 1136 commodius
1546 1092 1594 1134 in
1613 1092 1757 1135 celum

288 1162 533 1206 ascendunt
561 1160 784 1218 astrologi,
807 1161 884 1217 qui
913 1161 1276 1204 Academicorum
1305 1176 1427 1205 more
1453 1162 1662 1219 quicquid
1692 1162 1756 1205 eis

289 1230 528 1274 occurrerit
557 1230 784 1287 probabile
813 1245 893 1273 suo
925 1230 1020 1272 iure
1055 1229 1314 1273 defendunt.
1383 1230 1542 1287 Itaque
1574 1230 1755 1288 quidam
1774 1244 1815 1278 15

289 1314 440 1343 eorum
460 1302 585 1341 motu
606 1299 796 1355 quodam
821 1298 1068 1341 irrationali
1094 1299 1295 1356 planetas
1315 1298 1527 1343 aduersus
1550 1299 1755 1356 aplanem

289 1368 376 1411 niti
424 1368 724 1420 contendunt3
782 1367 872 1418 alii,
920 1371 1099 1411 auctore
1147 1368 1392 1419 Aristotile,
1430 1368 1605 1411 eosdem
1653 1382 1758 1412 cum

289 1439 568 1480 firmamento
588 1437 696 1479 ferri
716 1437 993 1493 profitentur,
1014 1452 1202 1493 quorum
1227 1440 1436 1480 neutrum
1456 1439 1570 1481 teste
1590 1436 1755 1481 Mineio

289 1506 552 1563 astrologiae
591 1506 756 1563 regulis
794 1506 1023 1549 inuenitur
1061 1507 1308 1549 aduersum.
1385 1507 1449 1549 At
1487 1506 1755 1564 genethliaci

289 1575 396 1618 dum
431 1575 488 1617 ad
522 1575 843 1618 diuinationem
878 1576 1087 1618 scientiae
1118 1576 1345 1619 celestium
1375 1576 1508 1620 nimis
1539 1577 1755 1620 insistunt
1773 1588 1817 1612 20

290 1646 384 1686 tam
423 1644 619 1700 ipsorum
658 1644 884 1687 celestium
925 1659 1058 1701 quam
1092 1644 1177 1687 Dei
1211 1645 1419 1688 notitiam
1452 1645 1754 1703 perdiderunt.

290 1711 378 1765 Qui
409 1715 559 1756 tamen
591 1713 709 1756 inter
742 1728 815 1756 eos
849 1727 979 1756 suum
1008 1714 1277 1757 commodius
1306 1728 1515 1757 excusare
1543 1714 1756 1757 uidentur

277 1796 492 1833 errorem,
516 1797 616 1826 cum
648 1783 822 1826 Plotino
851 1783 1162 1826 auctoritatem
1186 1798 1368 1840 operum
1394 1797 1485 1826 non
1510 1783 1755 1827 detrahunt

241 1852 271 1892 b
289 1851 487 1903 creatori,
503 1851 579 1894 sed
595 1852 728 1895 semel
744 1855 789 1894 et
804 1851 935 1894 simul
950 1851 1008 1894 ab
1028 1866 1079 1895 eo
1098 1851 1239 1909 legem
1259 1855 1463 1895 asserunt
1481 1851 1754 1905 institutam3
1876 1891 1878 1897 .

289 1934 422 1976 quam
454 1920 603 1963 nullus
637 1935 848 1978 umquam
880 1924 1063 1964 conatus
1098 1923 1295 1972 euacuat‚
1325 1935 1426 1965 cum
1455 1921 1605 1964 omnia
1639 1936 1752 1978 quae
1770 1930 1815 1966 25

286 1988 506 2045 disposuit
538 1988 694 2031 futura
729 1990 820 2032 sint
853 1992 906 2033 ut
939 1990 1175 2047 praeuidit.
1235 1990 1365 2044 Quod
1393 1989 1510 2034 forte
1542 1990 1754 2047 Papinius
1874 1987 1878 1994 ⁴

287 2057 510 2101 intellexit
539 2073 639 2102 cum
669 2059 855 2102 diceret:

400 2161 568 2219 Incipit
598 2177 654 2205 ex
684 2163 787 2214 alto,
824 2178 961 2220 graue
991 2165 1037 2206 et
1066 2163 1342 2207 immutabile
1372 2164 1536 2207 sanctis

402 2220 574 2276 pondus
604 2221 730 2264 adest
758 2222 918 2273 uerbis,
949 2224 994 2264 et
1023 2236 1175 2265 uocem
1205 2221 1302 2265 fata
1331 2225 1588 2278 sequuntur.

286 2368 308 2393 2
332 2357 551 2404 ymaginem
568 2357 609 2393 M
753 2368 795 2394 12
820 2357 1008 2404 ydolatrie
1026 2357 1087 2394 CB
1217 2359 1261 2394 16
1284 2357 1539 2394 irrationabili
1555 2357 1587 2394 P
1706 2368 1751 2405 19

285 2404 488 2451 genelliaci
505 2404 635 2440 GBSM
778 2407 825 2442 26
848 2405 1016 2452 prouidit
1032 2405 1067 2441 A
1207 2416 1253 2452 29
1278 2407 1458 2442 secuntur
1474 2405 1515 2440 M

335 2535 356 2560 2
382 2527 576 2571 imaginem
592 2528 687 2564 etc.:
716 2526 762 2563 cf.
781 2539 878 2573 quae
895 2528 942 2564 de
958 2528 1184 2564 homunculis
1201 2525 1351 2573 scripsit
1366 2526 1586 2563 Paracelsu=
1602 2528 1646 2562 de
1666 2528 1750 2564 Vita

286 2573 413 2617 Lonya
429 2573 575 2627 prolog.
597 2575 668 2613 (ed.
679 2539 825 2611 Gene‘ir.
847 2574 888 2610 ii.
913 2575 1019 2621 5,2a)
1037 2577 1079 2610 de
1100 2576 1326 2618 Imayinilms
1348 2585 1380 2610 c.
1408 2583 1450 2610 12
1473 2573 1528 2617 (ii.
1553 2582 1632 2620 501,
1652 2576 1750 2620 502),

287 2621 329 2654 de
342 2621 426 2655 Nat.
440 2621 521 2656 Rer.
541 2620 565 2656 i.
582 2620 635 2665 (ii.
649 2622 744 2664 866).
845 2624 885 2658 18
910 2624 1068 2658 Mincio:
1092 2621 1116 2657 i.
1128 2633 1159 2658 e.
1173 2620 1360 2657 Martiano
1374 2621 1451 2667 Cap
1454 2620 1573 2663 ellae;
1591 2633 1624 2658 v.
1635 2621 1750 2659 Mart.

286 2665 375 2720 Cap.
395 2666 471 2702 viii.
491 2667 508 2713 ξ
529 2669 618 2713 853;
644 2669 691 2704 cf.
712 2668 826 2705 Macr.
840 2671 930 2705 deS.
943 2671 977 2704 S.
991 2669 1030 2705 ii.
1044 2668 1143 2713 488.
1240 2678 1284 2714 23
1302 2633 1466 2704 Ρῖοιὶηξε
1492 2648 1749 2706 v.P'10t.Enn.

287 2712 326 2748 ii.
359 2724 403 2767 3,
440 2714 504 2750 sed
532 2714 633 2751 unde
660 2715 708 2751 ad
737 2715 915 2752 Nostrum
943 2716 1037 2752 hacc
1066 2714 1208 2752 Plotini
1236 2714 1427 2752 sententia
1457 2715 1748 2762 permanaverit,

285 2760 424 2797 nescio.
566 2764 610 2798 28
635 2763 884 2809 Incipitetea
911 2763 1004 2800 Stat.
1025 2765 1129 2800 Theb.
1146 2762 1170 2800 i.
1190 2773 1270 2807 212,
1287 2772 1367 2809 213.

398 2841 457 2864 112

1872 1806 1878 1819 A
1872 1781 1878 1794 η
1873 1750 1878 1762 2
1857 1427 1878 1737 .›.-.,»·==assss—-1⁸n.
1872 1397 1878 1413 .-.
