1878 3172
140 161 232 203 429
251 153 280 193 d
622 152 883 197 IOANNIS
923 152 1436 199 SARESBERIENSIS
1595 157 1703 213 [ΜΒ.
1717 168 1757 200 11

295 273 490 317 dictante
517 273 690 331 Spiritu
710 274 922 332 patefecit
944 275 1147 326 archana,
1167 276 1282 318 sicut
1308 275 1356 318 in
1381 276 1583 320 uersibus
1609 277 1756 335 Sibyl-

292 343 397 386 linis
425 343 660 386 manifeste
683 344 885 401 reperies.
944 344 1143 396 Quorum
1170 345 1302 395 istud,
1322 346 1438 389 sicut
1462 346 1510 388 in
1537 346 1755 404 plerisque

293 414 471 469 patrum
501 413 732 470 seripturis
761 413 1000 464 inuenitur,
1029 414 1208 456 initium
1227 417 1320 457 est:

525 504 685 548 Iudicii
715 505 890 562 signum
920 505 1052 548 tellus
1081 505 1240 548 sudore
1268 505 1499 550 madescet.

138 605 225 642 430
248 605 277 634 a
293 595 343 640 Si
381 611 488 640 uero
525 597 670 654 apices
704 597 914 654 capitales
948 597 1224 654 singulorum
1257 612 1467 640 uersuum
1507 612 1563 641 ex
1601 599 1754 643 ordine
1773 612 1791 647 5

292 666 628 724 coniungantur,
658 666 715 708 ad
754 666 1110 709 confundendam
1145 667 1375 723 perfidiam
1405 667 1643 710 Iudeorum
1671 669 1754 712 hoc

291 736 544 778 inuenietur
578 750 855 792 expressum:
905 736 1029 779 Iesus
1065 736 1270 780 Christus
1305 737 1410 780 Teio
1439 737 1623 781 Sother:
1667 738 1754 781 nisi

292 805 409 862 quod
447 805 495 847 in
533 805 688 862 lingua
726 805 887 848 Latina
930 805 1170 849 Grecarum
1216 806 1467 849 litterarum
1506 807 1753 864 proprietas

291 874 349 916 ad
383 874 562 931 plenum
596 889 685 916 non
721 874 868 931 potuit
902 874 1139 919 obseruari.
1202 875 1328 932 Ipsos
1358 890 1465 919 uero
1499 890 1665 927 uersus,
1699 879 1752 920 ut

289 944 455 1000 opinor,
475 943 593 1000 apud
620 944 799 986 beatum
819 944 1122 1001 Augustinum
1147 945 1195 987 in
1221 945 1335 988 libro
1364 945 1431 988 De
1452 944 1648 989 Ciuitate
1667 945 1752 989 Dei
1771 955 1811 980 10

285 1012 496 1055 inuenies.
565 1012 646 1054 Est
675 1027 779 1070 ergo
807 1014 978 1056 mistice
1007 1013 1191 1057 uisionis
1220 1014 1314 1057 eius
1343 1016 1478 1071 caput
1506 1017 1552 1057 et
1580 1029 1752 1058 summa

285 1082 486 1132 intentio,
536 1081 683 1124 Iesum
741 1082 817 1139 qui
872 1083 1256 1140 praefigurabatur
1303 1083 1610 1126 indubitanter
1659 1099 1751 1127 esse

285 1151 428 1193 fflium
458 1150 542 1193 Dei
571 1151 678 1201 uiui,
705 1151 928 1194 hominem
957 1167 1125 1202 uerum,
1151 1152 1340 1195 iudicem
1369 1152 1578 1203 omnium,
1602 1167 1750 1210 regem

286 1223 499 1271 eternum,
554 1223 927 1263 remuneratorem
983 1221 1256 1278 sperantium
1311 1221 1359 1263 in
1414 1236 1471 1271 se,
1525 1225 1749 1265 auctorem

284 1290 417 1340 uitae,
452 1291 497 1332 et
535 1291 711 1332 eternae
750 1290 1041 1333 beatitudinis
1082 1305 1138 1332 ex
1174 1290 1321 1347 gratia
1357 1290 1625 1348 largitorem.
1684 1292 1748 1335 Re
1769 1305 1806 1339 15

285 1359 463 1414 quidem
494 1358 566 1400 uel
598 1359 662 1401 rei
697 1359 844 1402 uicina
877 1359 1290 1415 praedestinatione,
1324 1359 1423 1403 ideo
1462 1360 1629 1403 dictum
1670 1364 1748 1411 est,

285 1427 389 1483 quia
415 1427 703 1484 magistratus
734 1442 851 1470 nunc
883 1442 1090 1485 praesens
1119 1428 1386 1485 intelligitur
1408 1443 1526 1472 nunc
1555 1428 1748 1473 futurus.

285 1496 519 1539 Excidium
559 1497 721 1553 quippe
765 1497 1036 1540 Numantiae
1075 1497 1237 1540 iuniori
1277 1497 1474 1540 innotuit
1512 1498 1747 1549 Affricano,

236 1565 266 1604 b
284 1565 390 1608 dum
411 1569 524 1608 esset
547 1565 691 1608 adhuc
717 1580 827 1622 pene
854 1566 992 1610 miles.
1050 1566 1169 1608 Dum
1198 1569 1440 1610 autumnus
1469 1567 1649 1611 adultus
1679 1571 1747 1611 est

282 1638 362 1677 aut
381 1638 657 1691 praeruptus,
677 1635 847 1678 somnia
877 1635 1153 1692 frequentius
1183 1639 1463 1680 euanescunt.
1522 1637 1744 1680 Arborum
1765 1650 1807 1674 20

280 1718 470 1760 namque
493 1703 744 1746 labentibus
771 1703 900 1753 foliis,
921 1704 1239 1747 insomniorum
1265 1706 1443 1749 uanitas
1467 1706 1744 1750 dominatur:

281 1772 398 1829 quod
438 1775 484 1815 et
522 1772 747 1830 Virgilius,
787 1773 835 1815 in
875 1773 988 1816 libro
1028 1773 1076 1815 in
1126 1788 1213 1830 quo
1262 1774 1402 1817 totius
1440 1775 1744 1833 philosophiae
1876 1823 1878 1833 Σ

279 1841 469 1883 rimatur
507 1842 710 1891 archana,
750 1842 935 1884 sensisse
974 1842 1098 1885 uisus
1138 1845 1215 1893 est,
1256 1843 1363 1885 dum
1401 1843 1597 1887 labentia
1636 1844 1744 1888 folia
1872 1836 1878 1906 1

279 1910 398 1966 apud
438 1909 603 1953 inferos
632 1910 770 1953 uariis
809 1911 990 1954 somniis
1029 1912 1244 1954 onerauit.
1316 1912 1530 1956 Locorum
1570 1928 1742 1970 quoque

279 1979 514 2022 diuersitas
557 1980 705 2023 uarias
750 1980 916 2037 figuras
959 1981 1121 2037 quietis
1167 1981 1378 2032 admittit,
1421 1985 1474 2025 ut
1514 1982 1603 2025 alia
1640 1983 1740 2026 aliis
1762 1995 1802 2029 25

277 2062 395 2091 nune
421 2049 578 2091 horum
603 2063 720 2092 nunc
740 2049 917 2092 illorum
938 2050 1207 2093 somniorum
1227 2051 1432 2094 uberiora
1450 2051 1550 2095 sint.
1602 2051 1742 2095 Locus
1876 2047 1878 2050 ⁴

276 2132 467 2174 namque
501 2118 712 2174 palustris
747 2121 826 2161 aut
857 2119 1056 2162 desertus
1087 2120 1365 2163 eminentiori
1400 2123 1481 2163 aut
1514 2121 1740 2165 celebriori

275 2187 656 2243 phantasticarum
705 2188 950 2246 imaginum
1000 2188 1231 2232 fecundior
1281 2192 1359 2233 est.
1433 2190 1519 2232 Res
1568 2205 1741 2247 quoque

1871 2072 1878 2134 ἐ

274 2318 295 2344 2
320 2307 512 2353 repperies
529 2307 561 2343 A
742 2318 781 2344 11
810 2308 934 2353 capud
951 2307 985 2343 A
1165 2319 1208 2355 19
1233 2310 1464 2355 autumpnus
1482 2309 1522 2344 M
1695 2319 1741 2344 20

272 2355 447 2400 sompnia
464 2355 538 2390 AM
689 2364 731 2391 21
759 2354 1060 2401 insompniorum
1078 2355 1186 2392 ΒΑΜ
1329 2367 1373 2392 22
1399 2355 1672 2403 phylosophiae
1689 2355 1739 2392 0:

272 2401 523 2448 phylosophie
542 2402 572 2437 Β
704 2412 748 2447 24
773 2402 956 2449 sompniis
972 2403 1046 2439 AM
1177 2405 1222 2440 26
1247 2402 1506 2450 sompniorum
1524 2403 1564 2438 M
1694 2405 1739 2440 28

272 2449 496 2495 ymaginum
514 2449 553 2484 M

325 2562 370 2587 10
393 2552 660 2597 Auqustinum:
686 2564 735 2588 sc.
761 2554 804 2588 de
832 2554 904 2589 Civ.
933 2555 1013 2595 Dei,
1039 2552 1140 2588 xviii.
1169 2562 1213 2598 23
1240 2551 1398 2598 (Migne,
1423 2554 1464 2588 Ρ.
1474 2554 1518 2588 L.
1545 2552 1610 2589 xli,
1639 2553 1735 2600 579).

278 2600 318 2635 18
343 2600 585 2635 Numantiae:
623 2599 750 2645 potius
780 2601 1016 2645 Carthayinis
1046 2600 1177 2642 (Macr.
1203 2601 1246 2635 de
1270 2601 1305 2636 S.
1332 2601 1367 2636 S.
1394 2599 1418 2635 i.
1439 2610 1459 2644 3
1486 2599 1504 2646 ξ
1533 2610 1584 2645 13,
1613 2599 1631 2646 ξ
1662 2602 1732 2644 16).

274 2655 318 2681 22
362 2647 537 2691 Viryilius
565 2648 661 2682 etc.:
698 2659 729 2682 v.
761 2647 875 2683 Macr.
907 2649 949 2683 de
975 2649 1010 2683 S.
1034 2649 1069 2683 S.
1096 2647 1120 2683 i.
1148 2647 1180 2688 6,
1205 2645 1230 2681 i.
1253 2656 1314 2692 15;
1353 2647 1403 2683 cf.
1431 2647 1532 2692 quod
1561 2647 1735 2685 disseruit

272 2691 506 2737 Comparetti
535 2695 634 2739 Very.
665 2695 725 2729 nel
755 2697 869 2730 medio
897 2706 956 2731 ero
979 2694 1004 2730 i.
1032 2696 1063 2730 8.
1089 2694 1135 2730 de
1162 2693 1355 2739 Fulgentii
1382 2694 1423 2729 in
1453 2695 1543 2730 Aen.
1567 2693 1604 2730 vi
1632 2706 1734 2731 com-

270 2739 484 2776 mentariis.
630 2751 674 2785 23
700 2743 786 2776 dum
811 2743 990 2777 labentia:
1026 2754 1057 2778 v.
1086 2741 1184 2778 Serv.
1215 2740 1258 2776 in
1289 2742 1378 2777 Aen.
1410 2741 1456 2777 vi.
1490 2743 1617 2786 282-4.
1668 2741 1731 2787 (cf.

271 2785 460 2830 Plutarch,
483 2789 623 2831 Quaest.
647 2789 751 2824 Conv.
771 2788 847 2824 viii.
870 2789 938 2835 ιο.)

381 2867 424 2901 90
