<?xml version="1.0" encoding="UTF-8"?>
<!DOCTYPE html PUBLIC "-//W3C//DTD XHTML 1.0 Transitional//EN"
    "http://www.w3.org/TR/xhtml1/DTD/xhtml1-transitional.dtd">
<html xmlns="http://www.w3.org/1999/xhtml" xml:lang="en" lang="en">
 <head>
  <title>
</title>
<meta http-equiv="Content-Type" content="text/html;charset=utf-8" />
  <meta name='ocr-system' content='tesseract 3.04.00' />
  <meta name='ocr-capabilities' content='ocr_page ocr_carea ocr_par ocr_line ocrx_word'/>
</head>
<body>
  <div class='ocr_page' id='page_1' title='image "./ioannissaresberi01johnuoft_0346.png"; bbox 0 0 1878 3172; ppageno 0'>
   <div class='ocr_carea' id='block_1_1' title="bbox 180 168 1793 231">
    <p class='ocr_par' dir='ltr' id='par_1_1' title="bbox 180 168 1793 231">
     <span class='ocr_line' id='line_1_1' title="bbox 180 168 1793 231; baseline 0.006 -24"><span class='ocrx_word' id='word_1_1' title='bbox 180 178 260 218; x_wconf 87' lang='lat'>544</span> <span class='ocrx_word' id='word_1_2' title='bbox 280 179 311 208; x_wconf 88' lang='lat' dir='ltr'>a</span> <span class='ocrx_word' id='word_1_3' title='bbox 654 168 855 213; x_wconf 91' lang='lat' dir='ltr'>IOANN</span> <span class='ocrx_word' id='word_1_4' title='bbox 857 168 915 213; x_wconf 88' lang='lat' dir='ltr'>IS</span> <span class='ocrx_word' id='word_1_5' title='bbox 955 169 1467 215; x_wconf 85' lang='lat' dir='ltr'><strong>SARESBERIENSIS</strong></span> <span class='ocrx_word' id='word_1_6' title='bbox 1635 169 1742 231; x_wconf 76' lang='lat' dir='ltr'>[mn.</span> <span class='ocrx_word' id='word_1_7' title='bbox 1760 183 1793 216; x_wconf 85' lang='lat' dir='ltr'><strong>v</strong></span> 
     </span>
    </p>
   </div>
   <div class='ocr_carea' id='block_1_2' title="bbox 277 292 1850 2498">
    <p class='ocr_par' dir='ltr' id='par_1_2' title="bbox 277 292 1850 2498">
     <span class='ocr_line' id='line_1_2' title="bbox 327 292 1794 339; baseline -0.001 -3"><span class='ocrx_word' id='word_1_8' title='bbox 327 293 519 336; x_wconf 87' lang='lat' dir='ltr'>habetur</span> <span class='ocrx_word' id='word_1_9' title='bbox 557 296 637 337; x_wconf 89' lang='lat' dir='ltr'>aut</span> <span class='ocrx_word' id='word_1_10' title='bbox 671 309 698 337; x_wconf 81' lang='lat' dir='ltr'>a</span> <span class='ocrx_word' id='word_1_11' title='bbox 735 298 898 338; x_wconf 88' lang='lat' dir='ltr'>natura</span> <span class='ocrx_word' id='word_1_12' title='bbox 929 298 1010 339; x_wconf 85' lang='lat' dir='ltr'>aut</span> <span class='ocrx_word' id='word_1_13' title='bbox 1048 295 1106 338; x_wconf 90' lang='lat' dir='ltr'>ab</span> <span class='ocrx_word' id='word_1_14' title='bbox 1145 295 1285 339; x_wconf 91' lang='lat' dir='ltr'>officio</span> <span class='ocrx_word' id='word_1_15' title='bbox 1319 297 1399 338; x_wconf 87' lang='lat' dir='ltr'>aut</span> <span class='ocrx_word' id='word_1_16' title='bbox 1429 309 1457 337; x_wconf 84' lang='lat' dir='ltr'>a</span> <span class='ocrx_word' id='word_1_17' title='bbox 1486 292 1683 336; x_wconf 87' lang='lat' dir='ltr'>moribus</span> <span class='ocrx_word' id='word_1_18' title='bbox 1713 294 1794 335; x_wconf 89' lang='lat' dir='ltr'>aut</span> 
     </span>
     <span class='ocr_line' id='line_1_3' title="bbox 327 362 1793 421; baseline -0.001 -17"><span class='ocrx_word' id='word_1_19' title='bbox 327 376 355 404; x_wconf 87' lang='lat' dir='ltr'>a</span> <span class='ocrx_word' id='word_1_20' title='bbox 384 362 634 406; x_wconf 89' lang='lat' dir='ltr'>conditione</span> <span class='ocrx_word' id='word_1_21' title='bbox 664 367 744 407; x_wconf 91' lang='lat' dir='ltr'>aut</span> <span class='ocrx_word' id='word_1_22' title='bbox 772 379 800 407; x_wconf 92' lang='lat' dir='ltr'>a</span> <span class='ocrx_word' id='word_1_23' title='bbox 830 363 1023 408; x_wconf 86' lang='lat' dir='ltr'>fortuna.</span> <span class='ocrx_word' id='word_1_24' title='bbox 1086 364 1262 407; x_wconf 87' lang='lat' dir='ltr'>Natura</span> <span class='ocrx_word' id='word_1_25' title='bbox 1296 365 1502 421; x_wconf 82' lang='lat' dir='ltr'>parentes</span> <span class='ocrx_word' id='word_1_26' title='bbox 1529 375 1793 404; x_wconf 89' lang='lat' dir='ltr'>ueneramur</span> 
     </span>
     <span class='ocr_line' id='line_1_4' title="bbox 329 432 1793 490; baseline -0.001 -17"><span class='ocrx_word' id='word_1_27' title='bbox 329 434 374 474; x_wconf 92' lang='lat' dir='ltr'>et</span> <span class='ocrx_word' id='word_1_28' title='bbox 413 432 573 476; x_wconf 88' lang='lat' dir='ltr'>liberos</span> <span class='ocrx_word' id='word_1_29' title='bbox 612 436 658 476; x_wconf 90' lang='lat' dir='ltr'>et</span> <span class='ocrx_word' id='word_1_30' title='bbox 702 447 810 490; x_wconf 90' lang='lat' dir='ltr'>quos</span> <span class='ocrx_word' id='word_1_31' title='bbox 849 434 975 476; x_wconf 89' lang='lat' dir='ltr'>nobis</span> <span class='ocrx_word' id='word_1_32' title='bbox 1008 448 1110 476; x_wconf 91' lang='grc'><strong>0010</strong></span> <span class='ocrx_word' id='word_1_33' title='bbox 1140 433 1383 484; x_wconf 85' lang='lat' dir='ltr'>coniunxit,</span> <span class='ocrx_word' id='word_1_34' title='bbox 1411 434 1574 489; x_wconf 87' lang='lat' dir='ltr'>utputa</span> <span class='ocrx_word' id='word_1_35' title='bbox 1607 445 1793 474; x_wconf 85' lang='lat' dir='ltr'>uxorem</span> 
     </span>
     <span class='ocr_line' id='line_1_5' title="bbox 282 501 1792 559; baseline -0.001 -16"><span class='ocrx_word' id='word_1_36' title='bbox 282 506 310 544; x_wconf 94' lang='lat' dir='ltr'>b</span> <span class='ocrx_word' id='word_1_37' title='bbox 328 504 538 558; x_wconf 85' lang='lat' dir='ltr'>cognatos</span> <span class='ocrx_word' id='word_1_38' title='bbox 572 504 618 545; x_wconf 92' lang='lat' dir='ltr'>et</span> <span class='ocrx_word' id='word_1_39' title='bbox 649 501 812 547; x_wconf 86' lang='lat' dir='ltr'>affines.</span> <span class='ocrx_word' id='word_1_40' title='bbox 870 502 998 545; x_wconf 89' lang='lat' dir='ltr'>Vnde</span> <span class='ocrx_word' id='word_1_41' title='bbox 1028 505 1073 545; x_wconf 87' lang='lat' dir='ltr'>et</span> <span class='ocrx_word' id='word_1_42' title='bbox 1106 502 1307 559; x_wconf 88' lang='lat' dir='ltr'>gentium</span> <span class='ocrx_word' id='word_1_43' title='bbox 1335 502 1431 544; x_wconf 89' lang='lat' dir='ltr'>iure</span> <span class='ocrx_word' id='word_1_44' title='bbox 1459 502 1684 557; x_wconf 87' lang='lat' dir='ltr'>receptum</span> <span class='ocrx_word' id='word_1_45' title='bbox 1713 502 1792 550; x_wconf 88' lang='lat' dir='ltr'>est,</span> 
     </span>
     <span class='ocr_line' id='line_1_6' title="bbox 329 569 1831 628; baseline -0.002 -15"><span class='ocrx_word' id='word_1_46' title='bbox 329 584 380 613; x_wconf 88' lang='lat' dir='ltr'>eo</span> <span class='ocrx_word' id='word_1_47' title='bbox 411 570 529 627; x_wconf 89' lang='lat' dir='ltr'>quod</span> <span class='ocrx_word' id='word_1_48' title='bbox 557 585 775 628; x_wconf 79' lang='lat' dir='ltr'>peraeque</span> <span class='ocrx_word' id='word_1_49' title='bbox 806 571 860 614; x_wconf 90' lang='lat' dir='ltr'>fit</span> <span class='ocrx_word' id='word_1_50' title='bbox 889 571 1008 628; x_wconf 90' lang='lat' dir='ltr'>apud</span> <span class='ocrx_word' id='word_1_51' title='bbox 1037 586 1188 614; x_wconf 91' lang='lat' dir='ltr'>omnes</span> <span class='ocrx_word' id='word_1_52' title='bbox 1217 574 1382 628; x_wconf 86' lang='lat' dir='ltr'>gentes.</span> <span class='ocrx_word' id='word_1_53' title='bbox 1440 570 1512 613; x_wconf 91' lang='lat' dir='ltr'>Ad</span> <span class='ocrx_word' id='word_1_54' title='bbox 1541 570 1623 612; x_wconf 95' lang='grc' dir='ltr'>11οο</span> <span class='ocrx_word' id='word_1_55' title='bbox 1658 569 1792 612; x_wconf 88' lang='grc'><strong>0110111</strong></span> <span class='ocrx_word' id='word_1_56' title='bbox 1811 585 1831 620; x_wconf 83' lang='lat'>5</span> 
     </span>
     <span class='ocr_line' id='line_1_7' title="bbox 328 638 1794 698; baseline -0.001 -16"><span class='ocrx_word' id='word_1_57' title='bbox 328 642 373 682; x_wconf 88' lang='lat' dir='ltr'>et</span> <span class='ocrx_word' id='word_1_58' title='bbox 409 639 562 683; x_wconf 90' lang='lat' dir='ltr'>diuino</span> <span class='ocrx_word' id='word_1_59' title='bbox 593 640 689 683; x_wconf 91' lang='lat' dir='ltr'>iure</span> <span class='ocrx_word' id='word_1_60' title='bbox 719 654 930 697; x_wconf 86' lang='lat' dir='ltr'>urgemur</span> <span class='ocrx_word' id='word_1_61' title='bbox 965 640 1042 697; x_wconf 85' lang='lat' dir='ltr'>qui</span> <span class='ocrx_word' id='word_1_62' title='bbox 1077 641 1291 698; x_wconf 89' lang='lat' dir='ltr'>scriptum</span> <span class='ocrx_word' id='word_1_63' title='bbox 1330 639 1561 683; x_wconf 88' lang='lat' dir='ltr'>nouimus:</span> <span class='ocrx_word' id='word_1_64' title='bbox 1610 638 1794 681; x_wconf 87' lang='lat' dir='ltr'>Honora</span> 
     </span>
     <span class='ocr_line' id='line_1_8' title="bbox 324 710 1791 767; baseline -0.001 -16"><span class='ocrx_word' id='word_1_65' title='bbox 324 711 498 765; x_wconf 89' lang='lat' dir='ltr'>patrem</span> <span class='ocrx_word' id='word_1_66' title='bbox 522 712 651 752; x_wconf 91' lang='lat' dir='ltr'>tuum</span> <span class='ocrx_word' id='word_1_67' title='bbox 676 712 722 753; x_wconf 89' lang='lat' dir='ltr'>et</span> <span class='ocrx_word' id='word_1_68' title='bbox 747 713 947 760; x_wconf 88' lang='lat' dir='ltr'>matrem,</span> <span class='ocrx_word' id='word_1_69' title='bbox 967 713 1020 752; x_wconf 91' lang='lat' dir='ltr'>ut</span> <span class='ocrx_word' id='word_1_70' title='bbox 1044 710 1104 753; x_wconf 89' lang='lat' dir='ltr'>sis</span> <span class='ocrx_word' id='word_1_71' title='bbox 1128 710 1342 767; x_wconf 89' lang='lat' dir='ltr'>longeuus</span> <span class='ocrx_word' id='word_1_72' title='bbox 1362 723 1494 766; x_wconf 89' lang='lat' dir='ltr'>super</span> <span class='ocrx_word' id='word_1_73' title='bbox 1512 711 1696 760; x_wconf 86' lang='lat' dir='ltr'>terram3</span> <span class='ocrx_word' id='word_1_74' title='bbox 1723 710 1791 751; x_wconf 88' lang='lat' dir='ltr'>et:</span> 
     </span>
     <span class='ocr_line' id='line_1_9' title="bbox 327 777 1792 835; baseline 0.002 -16"><span class='ocrx_word' id='word_1_75' title='bbox 327 777 414 831; x_wconf 80' lang='lat' dir='ltr'>Qui</span> <span class='ocrx_word' id='word_1_76' title='bbox 440 779 559 835; x_wconf 89' lang='lat' dir='ltr'>patri</span> <span class='ocrx_word' id='word_1_77' title='bbox 583 779 655 822; x_wconf 89' lang='lat' dir='ltr'>uel</span> <span class='ocrx_word' id='word_1_78' title='bbox 682 779 816 822; x_wconf 89' lang='lat' dir='ltr'>matri</span> <span class='ocrx_word' id='word_1_79' title='bbox 845 779 1137 829; x_wconf 80' lang='lat' dir='ltr'>maledixerit,</span> <span class='ocrx_word' id='word_1_80' title='bbox 1157 783 1299 822; x_wconf 88' lang='lat' dir='ltr'>morte</span> <span class='ocrx_word' id='word_1_81' title='bbox 1326 779 1551 822; x_wconf 87' lang='lat' dir='ltr'>morietur.</span> <span class='ocrx_word' id='word_1_82' title='bbox 1611 777 1792 822; x_wconf 85' lang='lat' dir='ltr'>Liberos</span> 
     </span>
     <span class='ocr_line' id='line_1_10' title="bbox 325 848 1789 905; baseline 0.001 -16"><span class='ocrx_word' id='word_1_83' title='bbox 325 861 414 890; x_wconf 91' lang='lat' dir='ltr'>non</span> <span class='ocrx_word' id='word_1_84' title='bbox 444 848 635 890; x_wconf 87' lang='lat' dir='ltr'>multum</span> <span class='ocrx_word' id='word_1_85' title='bbox 665 848 863 905; x_wconf 85' lang='lat' dir='ltr'>oportuit</span> <span class='ocrx_word' id='word_1_86' title='bbox 891 848 1199 899; x_wconf 85' lang='lat' dir='ltr'>commendari,</span> <span class='ocrx_word' id='word_1_87' title='bbox 1229 863 1280 891; x_wconf 92' lang='lat' dir='ltr'>eo</span> <span class='ocrx_word' id='word_1_88' title='bbox 1309 848 1427 905; x_wconf 92' lang='lat' dir='ltr'>quod</span> <span class='ocrx_word' id='word_1_89' title='bbox 1455 862 1584 891; x_wconf 86' lang='lat' dir='ltr'>nemo</span> <span class='ocrx_word' id='word_1_90' title='bbox 1613 862 1789 891; x_wconf 88' lang='lat' dir='ltr'>carnem</span> 
     </span>
     <span class='ocr_line' id='line_1_11' title="bbox 325 916 1850 975; baseline 0.002 -17"><span class='ocrx_word' id='word_1_91' title='bbox 325 929 451 959; x_wconf 87' lang='lat' dir='ltr'>suam</span> <span class='ocrx_word' id='word_1_92' title='bbox 478 916 579 959; x_wconf 92' lang='lat' dir='ltr'>odio</span> <span class='ocrx_word' id='word_1_93' title='bbox 605 917 838 970; x_wconf 85' lang='lat' dir='ltr'>habuerit3</span> <span class='ocrx_word' id='word_1_94' title='bbox 866 918 943 960; x_wconf 88' lang='lat' dir='ltr'>sed</span> <span class='ocrx_word' id='word_1_95' title='bbox 970 933 1050 961; x_wconf 91' lang='grc'><strong>1100</strong></span> <span class='ocrx_word' id='word_1_96' title='bbox 1078 933 1274 969; x_wconf 83' lang='lat' dir='ltr'>uxorem,</span> <span class='ocrx_word' id='word_1_97' title='bbox 1294 920 1474 975; x_wconf 87' lang='lat' dir='ltr'>propter</span> <span class='ocrx_word' id='word_1_98' title='bbox 1500 932 1633 974; x_wconf 86' lang='lat' dir='ltr'>quam</span> <span class='ocrx_word' id='word_1_99' title='bbox 1657 918 1788 961; x_wconf 93' lang='lat' dir='ltr'>homo</span> <span class='ocrx_word' id='word_1_100' title='bbox 1809 932 1850 956; x_wconf 80' lang='grc' dir='ltr'>ιο</span> 
     </span>
     <span class='ocr_line' id='line_1_12' title="bbox 324 986 1790 1051; baseline 0.002 -24"><span class='ocrx_word' id='word_1_101' title='bbox 324 988 498 1042; x_wconf 90' lang='lat' dir='ltr'>patrem</span> <span class='ocrx_word' id='word_1_102' title='bbox 527 986 739 1043; x_wconf 92' lang='lat' dir='ltr'>relinquit</span> <span class='ocrx_word' id='word_1_103' title='bbox 769 989 814 1029; x_wconf 92' lang='lat' dir='ltr'>et</span> <span class='ocrx_word' id='word_1_104' title='bbox 843 990 1042 1038; x_wconf 87' lang='lat' dir='ltr'>matrem,</span> <span class='ocrx_word' id='word_1_105' title='bbox 1069 987 1284 1030; x_wconf 81' lang='lat' dir='ltr'>adherens</span> <span class='ocrx_word' id='word_1_106' title='bbox 1313 987 1443 1030; x_wconf 84' lang='lat' dir='ltr'>uxori</span> <span class='ocrx_word' id='word_1_107' title='bbox 1472 1002 1588 1038; x_wconf 87' lang='lat' dir='ltr'>suae,</span> <span class='ocrx_word' id='word_1_108' title='bbox 1617 990 1670 1030; x_wconf 89' lang='lat' dir='ltr'>ut</span> <span class='ocrx_word' id='word_1_109' title='bbox 1696 987 1790 1051; x_wconf 84' lang='lat' dir='ltr'>sint</span> 
     </span>
     <span class='ocr_line' id='line_1_13' title="bbox 325 1054 1791 1114; baseline 0.002 -17"><span class='ocrx_word' id='word_1_110' title='bbox 325 1054 414 1098; x_wconf 92' lang='lat' dir='ltr'>duo</span> <span class='ocrx_word' id='word_1_111' title='bbox 443 1055 492 1097; x_wconf 92' lang='lat' dir='ltr'>in</span> <span class='ocrx_word' id='word_1_112' title='bbox 520 1069 651 1098; x_wconf 89' lang='lat' dir='ltr'>carne</span> <span class='ocrx_word' id='word_1_113' title='bbox 677 1070 780 1100; x_wconf 91' lang='lat' dir='ltr'>una.</span> <span class='ocrx_word' id='word_1_114' title='bbox 839 1056 943 1099; x_wconf 93' lang='lat' dir='ltr'>Non</span> <span class='ocrx_word' id='word_1_115' title='bbox 971 1059 1121 1100; x_wconf 85' lang='lat' dir='ltr'>tamen</span> <span class='ocrx_word' id='word_1_116' title='bbox 1145 1057 1192 1099; x_wconf 92' lang='lat' dir='ltr'>in</span> <span class='ocrx_word' id='word_1_117' title='bbox 1218 1058 1300 1100; x_wconf 91' lang='lat' dir='ltr'>hac</span> <span class='ocrx_word' id='word_1_118' title='bbox 1326 1059 1453 1114; x_wconf 84' lang='lat' dir='ltr'>parte</span> <span class='ocrx_word' id='word_1_119' title='bbox 1477 1057 1655 1100; x_wconf 81' lang='lat' dir='ltr'>diuinae</span> <span class='ocrx_word' id='word_1_120' title='bbox 1681 1057 1791 1114; x_wconf 86' lang='lat' dir='ltr'>legis</span> 
     </span>
     <span class='ocr_line' id='line_1_14' title="bbox 324 1125 1791 1183; baseline 0.003 -17"><span class='ocrx_word' id='word_1_121' title='bbox 324 1125 537 1167; x_wconf 88' lang='lat' dir='ltr'>mandata</span> <span class='ocrx_word' id='word_1_122' title='bbox 566 1125 738 1176; x_wconf 88' lang='lat' dir='ltr'>desunt,</span> <span class='ocrx_word' id='word_1_123' title='bbox 766 1126 850 1169; x_wconf 86' lang='lat' dir='ltr'>etsi</span> <span class='ocrx_word' id='word_1_124' title='bbox 879 1129 1061 1183; x_wconf 88' lang='lat' dir='ltr'>propter</span> <span class='ocrx_word' id='word_1_125' title='bbox 1090 1130 1276 1170; x_wconf 88' lang='lat' dir='ltr'>naturae</span> <span class='ocrx_word' id='word_1_126' title='bbox 1305 1127 1546 1178; x_wconf 85' lang='lat' dir='ltr'>stimulum,</span> <span class='ocrx_word' id='word_1_127' title='bbox 1576 1126 1652 1183; x_wconf 90' lang='lat' dir='ltr'>qui</span> <span class='ocrx_word' id='word_1_128' title='bbox 1682 1127 1791 1170; x_wconf 86' lang='lat' dir='ltr'>satis</span> 
     </span>
     <span class='ocr_line' id='line_1_15' title="bbox 325 1195 1790 1253; baseline 0.002 -17"><span class='ocrx_word' id='word_1_129' title='bbox 325 1197 468 1251; x_wconf 88' lang='lat' dir='ltr'>urget,</span> <span class='ocrx_word' id='word_1_130' title='bbox 495 1195 639 1238; x_wconf 88' lang='lat' dir='ltr'>rarius</span> <span class='ocrx_word' id='word_1_131' title='bbox 667 1195 933 1247; x_wconf 87' lang='lat' dir='ltr'>inserantur,</span> <span class='ocrx_word' id='word_1_132' title='bbox 960 1196 1287 1252; x_wconf 90' lang='lat' dir='ltr'>protenduntur</span> <span class='ocrx_word' id='word_1_133' title='bbox 1315 1199 1466 1239; x_wconf 90' lang='lat' dir='ltr'>tamen</span> <span class='ocrx_word' id='word_1_134' title='bbox 1494 1195 1552 1238; x_wconf 89' lang='lat' dir='ltr'>ad</span> <span class='ocrx_word' id='word_1_135' title='bbox 1581 1198 1790 1253; x_wconf 87' lang='lat' dir='ltr'>cognatos</span> 
     </span>
     <span class='ocr_line' id='line_1_16' title="bbox 325 1263 1849 1321; baseline 0.003 -16"><span class='ocrx_word' id='word_1_136' title='bbox 325 1266 371 1306; x_wconf 90' lang='lat' dir='ltr'>et</span> <span class='ocrx_word' id='word_1_137' title='bbox 391 1263 543 1307; x_wconf 86' lang='lat' dir='ltr'>affines</span> <span class='ocrx_word' id='word_1_138' title='bbox 563 1279 672 1321; x_wconf 86' lang='lat' dir='ltr'>quos</span> <span class='ocrx_word' id='word_1_139' title='bbox 691 1279 771 1321; x_wconf 91' lang='lat' dir='ltr'>per</span> <span class='ocrx_word' id='word_1_140' title='bbox 790 1279 836 1307; x_wconf 91' lang='lat' dir='ltr'>se</span> <span class='ocrx_word' id='word_1_141' title='bbox 856 1268 1019 1308; x_wconf 88' lang='lat' dir='ltr'>natura</span> <span class='ocrx_word' id='word_1_142' title='bbox 1037 1266 1323 1308; x_wconf 89' lang='lat' dir='ltr'>commendat.</span> <span class='ocrx_word' id='word_1_143' title='bbox 1809 1281 1849 1315; x_wconf 85' lang='lat'>15</span> 
     </span>
     <span class='ocr_line' id='line_1_17' title="bbox 384 1332 1840 1392; baseline 0.002 -17"><span class='ocrx_word' id='word_1_144' title='bbox 384 1332 587 1376; x_wconf 87' lang='lat' dir='ltr'>Officium</span> <span class='ocrx_word' id='word_1_145' title='bbox 626 1348 732 1376; x_wconf 88' lang='grc'><strong>11010</strong></span> <span class='ocrx_word' id='word_1_146' title='bbox 772 1337 839 1377; x_wconf 89' lang='grc'>001</span> <span class='ocrx_word' id='word_1_147' title='bbox 878 1334 1077 1377; x_wconf 83' lang='grc'><strong>(1010110111</strong></span> <span class='ocrx_word' id='word_1_148' title='bbox 1117 1334 1362 1391; x_wconf 86' lang='lat' dir='ltr'>exequendi</span> <span class='ocrx_word' id='word_1_149' title='bbox 1401 1349 1514 1391; x_wconf 89' lang='lat' dir='ltr'>quae</span> <span class='ocrx_word' id='word_1_150' title='bbox 1553 1334 1789 1392; x_wconf 86' lang='lat' dir='ltr'>unicuique</span> <span class='ocrx_word' id='word_1_151' title='bbox 1834 1378 1840 1382; x_wconf 86' lang='grc'><strong>,</strong></span> 
     </span>
     <span class='ocr_line' id='line_1_18' title="bbox 283 1402 1789 1461; baseline 0.002 -17"><span class='ocrx_word' id='word_1_152' title='bbox 283 1415 308 1444; x_wconf 82' lang='grc'>0</span> <span class='ocrx_word' id='word_1_153' title='bbox 328 1415 384 1444; x_wconf 84' lang='lat' dir='ltr'>ex</span> <span class='ocrx_word' id='word_1_154' title='bbox 415 1402 637 1445; x_wconf 90' lang='lat' dir='ltr'>institutis</span> <span class='ocrx_word' id='word_1_155' title='bbox 672 1405 753 1445; x_wconf 88' lang='lat' dir='ltr'>aut</span> <span class='ocrx_word' id='word_1_156' title='bbox 787 1403 984 1446; x_wconf 90' lang='lat' dir='ltr'>moribus</span> <span class='ocrx_word' id='word_1_157' title='bbox 1019 1403 1190 1460; x_wconf 90' lang='lat' dir='ltr'>agenda</span> <span class='ocrx_word' id='word_1_158' title='bbox 1225 1406 1341 1446; x_wconf 88' lang='lat' dir='ltr'>sunt.</span> <span class='ocrx_word' id='word_1_159' title='bbox 1414 1403 1484 1446; x_wconf 87' lang='lat' dir='ltr'>Ex</span> <span class='ocrx_word' id='word_1_160' title='bbox 1519 1418 1570 1446; x_wconf 88' lang='lat' dir='ltr'>eo</span> <span class='ocrx_word' id='word_1_161' title='bbox 1598 1418 1789 1461; x_wconf 91' lang='lat' dir='ltr'>namque</span> 
     </span>
     <span class='ocr_line' id='line_1_19' title="bbox 324 1471 1788 1530; baseline 0.003 -18"><span class='ocrx_word' id='word_1_162' title='bbox 324 1471 521 1527; x_wconf 89' lang='lat' dir='ltr'>personis</span> <span class='ocrx_word' id='word_1_163' title='bbox 550 1471 737 1528; x_wconf 80' lang='lat' dir='ltr'>singulis</span> <span class='ocrx_word' id='word_1_164' title='bbox 766 1472 933 1528; x_wconf 91' lang='lat' dir='ltr'>proprii</span> <span class='ocrx_word' id='word_1_165' title='bbox 967 1475 1218 1530; x_wconf 88' lang='lat' dir='ltr'>congruunt</span> <span class='ocrx_word' id='word_1_166' title='bbox 1251 1476 1386 1516; x_wconf 89' lang='lat' dir='ltr'>actus.</span> <span class='ocrx_word' id='word_1_167' title='bbox 1445 1472 1500 1515; x_wconf 90' lang='lat' dir='ltr'>In</span> <span class='ocrx_word' id='word_1_168' title='bbox 1534 1473 1605 1515; x_wconf 86' lang='lat' dir='ltr'>his</span> <span class='ocrx_word' id='word_1_169' title='bbox 1638 1475 1788 1516; x_wconf 88' lang='lat' dir='ltr'>autem</span> 
     </span>
     <span class='ocr_line' id='line_1_20' title="bbox 324 1540 1786 1598; baseline 0.003 -17"><span class='ocrx_word' id='word_1_170' title='bbox 324 1554 436 1596; x_wconf 87' lang='lat' dir='ltr'>quae</span> <span class='ocrx_word' id='word_1_171' title='bbox 475 1540 536 1583; x_wconf 91' lang='lat' dir='ltr'>sic</span> <span class='ocrx_word' id='word_1_172' title='bbox 575 1541 748 1597; x_wconf 85' lang='lat' dir='ltr'>agenda</span> <span class='ocrx_word' id='word_1_173' title='bbox 786 1544 902 1591; x_wconf 90' lang='lat' dir='ltr'>sunt,</span> <span class='ocrx_word' id='word_1_174' title='bbox 942 1542 1030 1583; x_wconf 88' lang='lat' dir='ltr'>alia</span> <span class='ocrx_word' id='word_1_175' title='bbox 1068 1542 1125 1584; x_wconf 89' lang='lat' dir='ltr'>ad</span> <span class='ocrx_word' id='word_1_176' title='bbox 1164 1542 1400 1598; x_wconf 90' lang='lat' dir='ltr'>publicum,</span> <span class='ocrx_word' id='word_1_177' title='bbox 1434 1542 1523 1584; x_wconf 91' lang='lat' dir='ltr'>alia</span> <span class='ocrx_word' id='word_1_178' title='bbox 1561 1542 1618 1585; x_wconf 88' lang='lat' dir='ltr'>ad</span> <span class='ocrx_word' id='word_1_179' title='bbox 1657 1557 1786 1586; x_wconf 91' lang='lat' dir='ltr'>suum</span> 
     </span>
     <span class='ocr_line' id='line_1_21' title="bbox 322 1609 1849 1668; baseline 0 -16"><span class='ocrx_word' id='word_1_180' title='bbox 322 1609 533 1666; x_wconf 89' lang='lat' dir='ltr'>cuiusque</span> <span class='ocrx_word' id='word_1_181' title='bbox 553 1609 778 1665; x_wconf 72' lang='lat' dir='ltr'>pertinent</span> <span class='ocrx_word' id='word_1_182' title='bbox 798 1613 977 1653; x_wconf 87' lang='lat' dir='ltr'>statum.</span> <span class='ocrx_word' id='word_1_183' title='bbox 1038 1610 1107 1652; x_wconf 81' lang='lat' dir='ltr'>Ex</span> <span class='ocrx_word' id='word_1_184' title='bbox 1128 1625 1214 1667; x_wconf 93' lang='lat' dir='ltr'>quo</span> <span class='ocrx_word' id='word_1_185' title='bbox 1235 1611 1375 1667; x_wconf 88' lang='lat' dir='ltr'>liquet</span> <span class='ocrx_word' id='word_1_186' title='bbox 1394 1611 1634 1654; x_wconf 91' lang='lat' dir='ltr'>officiorum</span> <span class='ocrx_word' id='word_1_187' title='bbox 1653 1626 1785 1668; x_wconf 85' lang='lat' dir='ltr'>quae-</span> <span class='ocrx_word' id='word_1_188' title='bbox 1806 1629 1849 1652; x_wconf 82' lang='lat'>20</span> 
     </span>
     <span class='ocr_line' id='line_1_22' title="bbox 323 1677 1785 1736; baseline 0.003 -17"><span class='ocrx_word' id='word_1_189' title='bbox 323 1677 425 1720; x_wconf 88' lang='lat' dir='ltr'>dam</span> <span class='ocrx_word' id='word_1_190' title='bbox 455 1678 642 1734; x_wconf 89' lang='lat' dir='ltr'>publica,</span> <span class='ocrx_word' id='word_1_191' title='bbox 673 1679 888 1735; x_wconf 83' lang='lat' dir='ltr'>quaedam</span> <span class='ocrx_word' id='word_1_192' title='bbox 918 1679 1096 1736; x_wconf 89' lang='lat' dir='ltr'>priuata</span> <span class='ocrx_word' id='word_1_193' title='bbox 1130 1681 1442 1723; x_wconf 89' lang='lat' dir='ltr'>conuenienter</span> <span class='ocrx_word' id='word_1_194' title='bbox 1475 1680 1573 1725; x_wconf 84' lang='lat' dir='ltr'>dici.</span> <span class='ocrx_word' id='word_1_195' title='bbox 1633 1681 1785 1724; x_wconf 87' lang='lat' dir='ltr'>Priua-</span> 
     </span>
     <span class='ocr_line' id='line_1_23' title="bbox 322 1748 1787 1805; baseline 0.003 -16"><span class='ocrx_word' id='word_1_196' title='bbox 322 1750 470 1790; x_wconf 89' lang='lat' dir='ltr'>torum</span> <span class='ocrx_word' id='word_1_197' title='bbox 490 1761 596 1790; x_wconf 91' lang='lat' dir='ltr'>uero</span> <span class='ocrx_word' id='word_1_198' title='bbox 617 1750 745 1790; x_wconf 82' lang='lat' dir='ltr'>tanta</span> <span class='ocrx_word' id='word_1_199' title='bbox 766 1748 1072 1805; x_wconf 83' lang='lat' dir='ltr'>multiplicitas</span> <span class='ocrx_word' id='word_1_200' title='bbox 1092 1752 1159 1791; x_wconf 89' lang='lat' dir='ltr'>est</span> <span class='ocrx_word' id='word_1_201' title='bbox 1180 1751 1347 1805; x_wconf 87' lang='lat' dir='ltr'>quanta</span> <span class='ocrx_word' id='word_1_202' title='bbox 1362 1748 1455 1792; x_wconf 79' lang='lat' dir='ltr'>fere</span> <span class='ocrx_word' id='word_1_203' title='bbox 1470 1752 1537 1792; x_wconf 88' lang='lat' dir='ltr'>est</span> <span class='ocrx_word' id='word_1_204' title='bbox 1552 1750 1787 1794; x_wconf 87' lang='lat' dir='ltr'>diuersitas</span> 
     </span>
     <span class='ocr_line' id='line_1_24' title="bbox 321 1817 1787 1874; baseline 0.003 -15"><span class='ocrx_word' id='word_1_205' title='bbox 321 1831 619 1874; x_wconf 90' lang='lat' dir='ltr'>personarum.</span> <span class='ocrx_word' id='word_1_206' title='bbox 680 1817 861 1860; x_wconf 80' lang='lat' dir='ltr'>Publica</span> <span class='ocrx_word' id='word_1_207' title='bbox 896 1818 1073 1874; x_wconf 87' lang='lat' dir='ltr'>quidem</span> <span class='ocrx_word' id='word_1_208' title='bbox 1106 1818 1255 1861; x_wconf 89' lang='lat' dir='ltr'>omnia</span> <span class='ocrx_word' id='word_1_209' title='bbox 1293 1818 1549 1862; x_wconf 82' lang='lat' dir='ltr'>referuntur</span> <span class='ocrx_word' id='word_1_210' title='bbox 1579 1820 1637 1862; x_wconf 83' lang='lat' dir='ltr'>ad</span> <span class='ocrx_word' id='word_1_211' title='bbox 1675 1820 1787 1863; x_wconf 85' lang='lat' dir='ltr'>duas</span> 
     </span>
     <span class='ocr_line' id='line_1_25' title="bbox 322 1886 1785 1943; baseline 0.003 -15"><span class='ocrx_word' id='word_1_212' title='bbox 322 1886 509 1943; x_wconf 88' lang='lat' dir='ltr'>species;</span> <span class='ocrx_word' id='word_1_213' title='bbox 539 1889 618 1929; x_wconf 89' lang='grc'><strong>0111</strong></span> <span class='ocrx_word' id='word_1_214' title='bbox 638 1886 755 1929; x_wconf 88' lang='grc'><strong>0111111</strong></span> <span class='ocrx_word' id='word_1_215' title='bbox 776 1901 803 1929; x_wconf 89' lang='grc'>0</span> <span class='ocrx_word' id='word_1_216' title='bbox 827 1887 980 1930; x_wconf 89' lang='lat' dir='ltr'>diuino</span> <span class='ocrx_word' id='word_1_217' title='bbox 1000 1890 1080 1930; x_wconf 89' lang='lat' dir='ltr'>aut</span> <span class='ocrx_word' id='word_1_218' title='bbox 1099 1887 1156 1929; x_wconf 92' lang='lat' dir='ltr'>ab</span> <span class='ocrx_word' id='word_1_219' title='bbox 1175 1888 1369 1930; x_wconf 89' lang='lat' dir='ltr'>humano</span> <span class='ocrx_word' id='word_1_220' title='bbox 1388 1888 1484 1931; x_wconf 89' lang='lat' dir='ltr'>iure</span> <span class='ocrx_word' id='word_1_221' title='bbox 1505 1889 1785 1933; x_wconf 87' lang='lat' dir='ltr'>descendunt.</span> 
     </span>
     <span class='ocr_line' id='line_1_26' title="bbox 323 1953 1846 2014; baseline 0.005 -18"><span class='ocrx_word' id='word_1_222' title='bbox 323 1953 445 1997; x_wconf 88' lang='lat' dir='ltr'>Haec</span> <span class='ocrx_word' id='word_1_223' title='bbox 466 1957 614 1997; x_wconf 88' lang='lat' dir='ltr'>autem</span> <span class='ocrx_word' id='word_1_224' title='bbox 635 1970 691 1998; x_wconf 84' lang='lat' dir='ltr'>ex</span> <span class='ocrx_word' id='word_1_225' title='bbox 710 1955 835 1998; x_wconf 90' lang='lat' dir='ltr'>libris</span> <span class='ocrx_word' id='word_1_226' title='bbox 856 1956 1110 1999; x_wconf 88' lang='lat' dir='ltr'>Officiorum</span> <span class='ocrx_word' id='word_1_227' title='bbox 1130 1957 1264 1999; x_wconf 87' lang='lat' dir='ltr'>latius</span> <span class='ocrx_word' id='word_1_228' title='bbox 1284 1959 1451 2013; x_wconf 90' lang='lat' dir='ltr'>patent,</span> <span class='ocrx_word' id='word_1_229' title='bbox 1466 1958 1542 2000; x_wconf 88' lang='lat' dir='ltr'>sed</span> <span class='ocrx_word' id='word_1_230' title='bbox 1561 1958 1787 2014; x_wconf 87' lang='lat' dir='ltr'>pertinent</span> <span class='ocrx_word' id='word_1_231' title='bbox 1806 1969 1846 2004; x_wconf 79' lang='lat'>25</span> 
     </span>
     <span class='ocr_line' id='line_1_27' title="bbox 323 2022 1787 2082; baseline 0.003 -17"><span class='ocrx_word' id='word_1_232' title='bbox 323 2022 379 2065; x_wconf 90' lang='lat' dir='ltr'>ad</span> <span class='ocrx_word' id='word_1_233' title='bbox 424 2027 699 2080; x_wconf 84' lang='lat' dir='ltr'>praesentem</span> <span class='ocrx_word' id='word_1_234' title='bbox 746 2025 982 2068; x_wconf 88' lang='lat' dir='ltr'>articulum</span> <span class='ocrx_word' id='word_1_235' title='bbox 1024 2029 1076 2068; x_wconf 91' lang='lat' dir='ltr'>ut</span> <span class='ocrx_word' id='word_1_236' title='bbox 1115 2026 1302 2082; x_wconf 85' lang='lat' dir='ltr'>publicis</span> <span class='ocrx_word' id='word_1_237' title='bbox 1346 2026 1498 2069; x_wconf 91' lang='lat' dir='ltr'>officiis</span> <span class='ocrx_word' id='word_1_238' title='bbox 1538 2027 1787 2070; x_wconf 88' lang='lat' dir='ltr'>reuerentia</span> 
     </span>
     <span class='ocr_line' id='line_1_28' title="bbox 322 2093 1786 2152; baseline 0.003 -18"><span class='ocrx_word' id='word_1_239' title='bbox 322 2093 618 2149; x_wconf 87' lang='lat' dir='ltr'>impendatur.</span> <span class='ocrx_word' id='word_1_240' title='bbox 690 2094 834 2137; x_wconf 87' lang='lat' dir='ltr'>Tanta</span> <span class='ocrx_word' id='word_1_241' title='bbox 862 2110 1052 2151; x_wconf 89' lang='lat' dir='ltr'>namque</span> <span class='ocrx_word' id='word_1_242' title='bbox 1081 2095 1267 2138; x_wconf 87' lang='lat' dir='ltr'>debetur</span> <span class='ocrx_word' id='word_1_243' title='bbox 1296 2095 1358 2138; x_wconf 91' lang='lat' dir='ltr'>eis</span> <span class='ocrx_word' id='word_1_244' title='bbox 1388 2098 1555 2152; x_wconf 89' lang='lat' dir='ltr'>quanta</span> <span class='ocrx_word' id='word_1_245' title='bbox 1584 2099 1652 2139; x_wconf 90' lang='lat' dir='ltr'>est</span> <span class='ocrx_word' id='word_1_246' title='bbox 1680 2097 1786 2139; x_wconf 90' lang='lat' dir='ltr'>emi-</span> 
     </span>
     <span class='ocr_line' id='line_1_29' title="bbox 322 2162 1787 2221; baseline 0.003 -17"><span class='ocrx_word' id='word_1_247' title='bbox 322 2162 475 2204; x_wconf 87' lang='lat' dir='ltr'>nentia</span> <span class='ocrx_word' id='word_1_248' title='bbox 499 2163 710 2219; x_wconf 90' lang='lat' dir='ltr'>cuiusque</span> <span class='ocrx_word' id='word_1_249' title='bbox 739 2164 1038 2220; x_wconf 85' lang='lat' dir='ltr'>magistratus.</span> <span class='ocrx_word' id='word_1_250' title='bbox 1100 2164 1228 2206; x_wconf 86' lang='lat' dir='ltr'>Hane</span> <span class='ocrx_word' id='word_1_251' title='bbox 1259 2165 1435 2221; x_wconf 89' lang='lat' dir='ltr'>quidem</span> <span class='ocrx_word' id='word_1_252' title='bbox 1465 2167 1545 2207; x_wconf 88' lang='lat' dir='ltr'>aut</span> <span class='ocrx_word' id='word_1_253' title='bbox 1571 2164 1681 2208; x_wconf 82' lang='lat' dir='ltr'>facit</span> <span class='ocrx_word' id='word_1_254' title='bbox 1707 2168 1787 2208; x_wconf 91' lang='lat' dir='ltr'>aut</span> 
     </span>
     <span class='ocr_line' id='line_1_30' title="bbox 277 2229 1787 2289; baseline 0.003 -17"><span class='ocrx_word' id='word_1_255' title='bbox 277 2229 306 2268; x_wconf 89' lang='lat' dir='ltr'>d</span> <span class='ocrx_word' id='word_1_256' title='bbox 323 2230 490 2274; x_wconf 87' lang='lat' dir='ltr'>indicat</span> <span class='ocrx_word' id='word_1_257' title='bbox 509 2232 853 2289; x_wconf 84' lang='lat' dir='ltr'>uniuscuiusque</span> <span class='ocrx_word' id='word_1_258' title='bbox 873 2236 1123 2289; x_wconf 86' lang='lat' dir='ltr'>competens</span> <span class='ocrx_word' id='word_1_259' title='bbox 1143 2233 1398 2283; x_wconf 83' lang='lat' dir='ltr'>iurisdictio,</span> <span class='ocrx_word' id='word_1_260' title='bbox 1419 2248 1518 2277; x_wconf 91' lang='lat' dir='ltr'>cum</span> <span class='ocrx_word' id='word_1_261' title='bbox 1538 2234 1787 2277; x_wconf 87' lang='lat' dir='ltr'>reuerentia</span> 
     </span>
     <span class='ocr_line' id='line_1_31' title="bbox 321 2300 1846 2358; baseline 0 -16"><span class='ocrx_word' id='word_1_262' title='bbox 321 2300 664 2357; x_wconf 86' lang='lat' dir='ltr'>magistratuum</span> <span class='ocrx_word' id='word_1_263' title='bbox 696 2305 775 2344; x_wconf 90' lang='lat' dir='ltr'>aut</span> <span class='ocrx_word' id='word_1_264' title='bbox 810 2304 1088 2358; x_wconf 86' lang='lat' dir='ltr'>contemptus</span> <span class='ocrx_word' id='word_1_265' title='bbox 1123 2302 1340 2344; x_wconf 91' lang='lat' dir='ltr'>redundet</span> <span class='ocrx_word' id='word_1_266' title='bbox 1374 2302 1421 2344; x_wconf 93' lang='lat' dir='ltr'>in</span> <span class='ocrx_word' id='word_1_267' title='bbox 1462 2302 1671 2345; x_wconf 88' lang='lat' dir='ltr'>honorem</span> <span class='ocrx_word' id='word_1_268' title='bbox 1706 2307 1785 2346; x_wconf 89' lang='lat' dir='ltr'>aut</span> <span class='ocrx_word' id='word_1_269' title='bbox 1803 2317 1846 2350; x_wconf 81' lang='lat'>30</span> 
     </span>
     <span class='ocr_line' id='line_1_32' title="bbox 321 2370 1783 2428; baseline 0.002 -17"><span class='ocrx_word' id='word_1_270' title='bbox 321 2370 633 2412; x_wconf 89' lang='lat' dir='ltr'>contumeliam</span> <span class='ocrx_word' id='word_1_271' title='bbox 661 2371 968 2413; x_wconf 88' lang='lat' dir='ltr'>subiectorum.</span> <span class='ocrx_word' id='word_1_272' title='bbox 1028 2371 1155 2413; x_wconf 89' lang='lat' dir='ltr'>Vnde</span> <span class='ocrx_word' id='word_1_273' title='bbox 1183 2371 1230 2412; x_wconf 91' lang='lat' dir='ltr'>in</span> <span class='ocrx_word' id='word_1_274' title='bbox 1255 2371 1644 2414; x_wconf 85' lang='lat' dir='ltr'>constitutionibus</span> <span class='ocrx_word' id='word_1_275' title='bbox 1663 2372 1783 2428; x_wconf 90' lang='lat' dir='ltr'>prin-</span> 
     </span>
     <span class='ocr_line' id='line_1_33' title="bbox 321 2438 1785 2498; baseline 0.002 -17"><span class='ocrx_word' id='word_1_276' title='bbox 321 2438 479 2494; x_wconf 87' lang='lat' dir='ltr'>cipum,</span> <span class='ocrx_word' id='word_1_277' title='bbox 518 2439 860 2495; x_wconf 83' lang='lat' dir='ltr'>magistratuum</span> <span class='ocrx_word' id='word_1_278' title='bbox 911 2439 1066 2482; x_wconf 89' lang='lat' dir='ltr'>edictis</span> <span class='ocrx_word' id='word_1_279' title='bbox 1111 2442 1191 2482; x_wconf 86' lang='lat' dir='ltr'>aut</span> <span class='ocrx_word' id='word_1_280' title='bbox 1231 2440 1658 2496; x_wconf 83' lang='lat' dir='ltr'>promulgationibus</span> <span class='ocrx_word' id='word_1_281' title='bbox 1705 2456 1785 2498; x_wconf 86' lang='lat' dir='ltr'>per</span> 
     </span>
    </p>
   </div>
   <div class='ocr_carea' id='block_1_3' title="bbox 323 2576 1783 2801">
    <p class='ocr_par' dir='ltr' id='par_1_3' title="bbox 323 2576 1783 2801">
     <span class='ocr_line' id='line_1_34' title="bbox 323 2576 1783 2658; baseline 0.004 -47"><span class='ocrx_word' id='word_1_282' title='bbox 323 2585 390 2658; x_wconf 47' lang='grc' dir='ltr'>ὲῗᾟ</span> <span class='ocrx_word' id='word_1_283' title='bbox 403 2576 540 2612; x_wconf 86' lang='lat' dir='ltr'>habuit</span> <span class='ocrx_word' id='word_1_284' title='bbox 569 2577 609 2612; x_wconf 88' lang='lat' dir='ltr'>M</span> <span class='ocrx_word' id='word_1_285' title='bbox 811 2587 852 2624; x_wconf 85' lang='lat'>15</span> <span class='ocrx_word' id='word_1_286' title='bbox 889 2584 969 2624; x_wconf 77' lang='lat' dir='ltr'>post</span> <span class='ocrx_word' id='word_1_287' title='bbox 996 2579 1035 2615; x_wconf 87' lang='lat' dir='ltr'>et</span> <span class='ocrx_word' id='word_1_288' title='bbox 1063 2581 1147 2615; x_wconf 83' lang='lat' dir='ltr'>add.</span> <span class='ocrx_word' id='word_1_289' title='bbox 1179 2579 1226 2615; x_wconf 82' lang='lat' dir='ltr'>ad</span> <span class='ocrx_word' id='word_1_290' title='bbox 1253 2578 1293 2614; x_wconf 90' lang='lat' dir='ltr'>M</span> <span class='ocrx_word' id='word_1_291' title='bbox 1502 2581 1548 2616; x_wconf 88' lang='lat'>28</span> <span class='ocrx_word' id='word_1_292' title='bbox 1583 2579 1783 2618; x_wconf 82' lang='lat' dir='ltr'>cuiuslibet</span> 
     </span>
     <span class='ocr_line' id='line_1_35' title="bbox 367 2752 1782 2801; baseline 0.004 -15"><span class='ocrx_word' id='word_1_293' title='bbox 367 2752 390 2787; x_wconf 91' lang='lat'><strong>6</strong></span> <span class='ocrx_word' id='word_1_294' title='bbox 415 2753 564 2787; x_wconf 82' lang='lat' dir='ltr'>Honora</span> <span class='ocrx_word' id='word_1_295' title='bbox 582 2754 675 2789; x_wconf 63' lang='lat' dir='ltr'>eta:</span> <span class='ocrx_word' id='word_1_296' title='bbox 703 2752 820 2790; x_wconf 84' lang='lat' dir='ltr'>Exod.</span> <span class='ocrx_word' id='word_1_297' title='bbox 838 2765 899 2790; x_wconf 83' lang='lat' dir='ltr'>xx.</span> <span class='ocrx_word' id='word_1_298' title='bbox 921 2764 972 2797; x_wconf 86' lang='lat'>12,</span> <span class='ocrx_word' id='word_1_299' title='bbox 991 2753 1067 2790; x_wconf 82' lang='lat' dir='ltr'>xxi.</span> <span class='ocrx_word' id='word_1_300' title='bbox 1091 2763 1152 2799; x_wconf 77' lang='lat'>173</span> <span class='ocrx_word' id='word_1_301' title='bbox 1177 2766 1209 2790; x_wconf 89' lang='lat' dir='ltr'>v.</span> <span class='ocrx_word' id='word_1_302' title='bbox 1230 2753 1339 2789; x_wconf 85' lang='lat' dir='ltr'>Matt.</span> <span class='ocrx_word' id='word_1_303' title='bbox 1357 2765 1413 2790; x_wconf 86' lang='lat' dir='ltr'>xv.</span> <span class='ocrx_word' id='word_1_304' title='bbox 1433 2764 1467 2798; x_wconf 89' lang='lat'>4.</span> <span class='ocrx_word' id='word_1_305' title='bbox 1633 2766 1657 2801; x_wconf 92' lang='lat'>9</span> <span class='ocrx_word' id='word_1_306' title='bbox 1681 2767 1782 2792; x_wconf 84' lang='lat' dir='ltr'>nemo</span> 
     </span>
    </p>
   </div>
   <div class='ocr_carea' id='block_1_4' title="bbox 321 2799 904 2846">
    <p class='ocr_par' dir='ltr' id='par_1_4' title="bbox 321 2799 904 2846">
     <span class='ocr_line' id='line_1_36' title="bbox 321 2799 904 2846; baseline 0.005 -12"><span class='ocrx_word' id='word_1_307' title='bbox 321 2810 467 2834; x_wconf 81' lang='lat' dir='ltr'>carnem</span> <span class='ocrx_word' id='word_1_308' title='bbox 483 2800 553 2835; x_wconf 87' lang='grc'><strong>010.</strong></span> <span class='ocrx_word' id='word_1_309' title='bbox 573 2812 579 2835; x_wconf 89' lang='grc'>;</span> <span class='ocrx_word' id='word_1_310' title='bbox 608 2799 704 2846; x_wconf 87' lang='lat' dir='ltr'>Eph.</span> <span class='ocrx_word' id='word_1_311' title='bbox 722 2813 754 2836; x_wconf 87' lang='lat' dir='ltr'>v.</span> <span class='ocrx_word' id='word_1_312' title='bbox 775 2811 828 2846; x_wconf 90' lang='lat'>29,</span> <span class='ocrx_word' id='word_1_313' title='bbox 848 2811 904 2846; x_wconf 91' lang='lat'>31.</span> 
     </span>
    </p>
   </div>
   <div class='ocr_carea' id='block_1_5' title="bbox 433 2885 498 2918">
    <p class='ocr_par' dir='ltr' id='par_1_5' title="bbox 433 2885 498 2918">
     <span class='ocr_line' id='line_1_37' title="bbox 433 2885 498 2918; baseline 0.015 -11"><span class='ocrx_word' id='word_1_314' title='bbox 433 2885 498 2918; x_wconf 85' lang='lat'>290</span> 
     </span>
    </p>
   </div>
  </div>
 </body>
</html>
