1878 3172
94 168 195 203 on.
207 156 318 218 xm]
610 156 1046 202 PomcRA'rIcvs
1568 166 1644 206 413
1662 166 1694 196 a

94 276 191 334 Ego
209 291 381 334 quoque
407 276 700 334 perniciosum
723 276 852 319 credo
878 291 966 318 non
995 275 1126 319 modo
1152 275 1452 319 sacerdotibus
1477 275 1554 318 sed

94 349 140 389 et
165 345 275 388 uiris
303 346 576 402 sapientibus
602 345 831 389 contraire.
891 345 1051 388 Melius
1074 359 1248 401 quoque
1277 348 1344 388 est
1373 346 1554 388 obuiare

92 414 217 471 genti
246 429 474 457 seruorum
507 430 639 471 quam
668 414 738 457 his
765 415 842 471 qui
871 428 1044 457 summa
1077 417 1183 456 sunt
1211 415 1401 470 praediti
1431 418 1552 471 pote-

93 486 220 526 state.
279 483 506 526 Feminam
539 497 722 539 quoque,
751 498 863 539 quae
897 483 1040 539 capite
1070 483 1342 540 discooperto
1376 483 1552 535 incedit,

32 561 36 565 '
56 571 75 604 5
94 552 314 596 infelicem
340 552 489 604 crede3
518 552 615 602 nisi,
641 556 694 595 ut
721 552 840 609 apud
871 551 1063 594 Plinium
1090 552 1265 609 legitur,
1292 552 1468 608 publica
1494 552 1554 595 sit

93 625 174 664 aut
207 621 401 678 plurium
440 621 614 664 libidini
652 625 804 678 pateat
836 621 1088 678 prostituta.
1147 621 1241 663 Nec
1277 621 1457 677 expedit
1487 621 1553 662 illi

93 705 330 741 occurrere,
369 705 481 746 quae
525 694 673 733 amoto
711 691 810 733 uelo
848 694 983 747 caput
1021 705 1150 733 suum
1189 690 1425 747 deturpare
1464 705 1552 732 non

94 759 322 802 erubescit.
371 759 443 801 Ab
458 759 527 801 his
547 774 659 815 quae
678 759 821 816 primo
839 759 1030 802 audieris
1049 759 1166 802 inter
1179 759 1323 815 operis
1342 759 1552 815 cuiusque

94 826 290 884 auspicia
309 827 416 883 quid
435 830 645 883 sequatur
663 842 930 884 praenosces.

37 930 78 954 10
153 907 271 950 Hinc
300 908 421 950 Deus
450 908 705 950 incumbens
734 908 889 951 baculo
918 922 1048 964 quem
1077 908 1236 951 dextra
1264 908 1456 965 gerebat,

210 965 372 1008 Omnia
399 965 639 1022 principiis,
670 965 798 1017 dixit,
827 966 967 1008 inesse
996 966 1149 1008 solent.

151 1023 342 1066 Auditas
371 1037 499 1066 uoces
528 1023 687 1065 timida
715 1023 1024 1080 perpendimus
1055 1038 1173 1074 aure,

209 1083 255 1123 et
283 1081 472 1137 primam
502 1081 643 1123 uisam
673 1081 863 1124 consulit
892 1095 1034 1138 augur
1063 1095 1202 1124 auem.

96 1160 163 1203 Ea
190 1161 407 1217 siquidem
434 1160 688 1204 futurorum
716 1161 991 1218 praenostica
1014 1164 1130 1204 sunt.
1191 1161 1374 1204 Petilius
1401 1161 1552 1205 consul
1569 1163 1599 1202 b

37 1245 77 1280 15
96 1229 320 1273 Romanus
348 1230 607 1287 obpugnans
632 1233 826 1273 castrum
852 1230 900 1272 in
925 1230 1086 1282 Sicilia,
1106 1231 1177 1273 cui
1208 1245 1367 1274 nomen
1395 1231 1554 1274 Letum

96 1302 203 1349 erat,
214 1313 313 1342 cum
333 1299 497 1342 milites
517 1299 850 1356 accingerentur
875 1299 932 1342 ad
958 1314 1165 1356 pugnam,
1180 1300 1272 1343 ait:
1305 1299 1400 1357 Ego
1423 1300 1554 1343 hodie

95 1367 253 1411 Letum
282 1368 464 1424 capiam.
522 1367 725 1425 Casuque
754 1368 818 1411 sic
846 1368 1016 1418 accidit,
1045 1383 1144 1411 cum
1174 1369 1267 1426 ipse
1297 1369 1448 1412 eadem
1483 1370 1554 1412 die

95 1435 234 1480 fuerit
271 1437 573 1493 interemptus.
631 1437 760 1480 Alius
799 1451 973 1493 quoque
1011 1437 1173 1487 consul,
1198 1452 1298 1480 cum
1338 1453 1365 1480 a
1395 1442 1553 1481 senatu

97 1505 394 1549 destinaretur
432 1506 488 1549 ad
528 1506 872 1563 expugnandum
911 1521 1059 1563 regem
1104 1507 1347 1560 Persarum,
1387 1522 1414 1550 a
1461 1508 1554 1550 filia

36 1589 82 1613 σο
98 1589 231 1632 quam
279 1575 327 1618 in
374 1575 488 1618 ostio
536 1576 691 1618 domus
734 1576 912 1618 flentem
954 1575 1131 1618 obuiam
1170 1576 1340 1627 habuit,
1377 1591 1554 1620 causam

98 1644 343 1701 quaesiuit3
386 1659 572 1701 cumque
606 1645 684 1687 illa
729 1644 1023 1701 responderet,
1054 1645 1218 1701 perisse
1258 1645 1434 1688 Persam
1474 1646 1554 1703 (sic

98 1713 215 1756 enim
247 1713 434 1765 catulus,
469 1714 545 1770 qui
577 1714 694 1756 forte
725 1714 928 1771 perierat,
963 1714 1219 1771 dicebatur),
1242 1714 1466 1771 profectus
1506 1716 1554 1757 in

95 1782 419 1838 expeditionem
434 1783 708 1839 triumphum
728 1798 817 1825 non
836 1783 1020 1832 inuenit,
1036 1797 1086 1825 eo
1099 1783 1215 1839 quod
1230 1798 1310 1825 rex
1322 1783 1554 1826 Persarum

97 1850 300 1907 perierat,
319 1851 494 1907 quando
513 1851 605 1893 filia
625 1851 814 1894 consulis
834 1851 1029 1894 catulum
1049 1851 1183 1894 flebat
1202 1852 1423 1894 amissum.

39 1937 81 1972 ²5
157 1919 230 1962 Ab
258 1920 365 1976 ipsis
392 1919 525 1962 etiam
555 1920 792 1969 elementis,
814 1923 893 1962 aut
916 1920 1126 1976 temporis
1156 1921 1382 1976 qualitate,
1405 1936 1552 1964 rerum
1570 1935 1595 1963 c

99 1986 355 2043 frequenter
377 1987 618 2030 trahuntur
647 1988 851 2044 auspicia.
917 1988 1139 2030 Fortunae
1169 1988 1380 2030 duritiam
1407 1989 1554 2046 gratia

99 2056 211 2098 roris
245 2058 325 2098 aut
363 2056 587 2098 modestus
625 2056 766 2098 imber
804 2056 984 2098 emollit.
1041 2056 1277 2099 Roscidum
1312 2057 1474 2113 quippe
1508 2061 1554 2099 et

97 2123 375 2180 suppluuiale
414 2127 589 2180 tempus
627 2138 787 2180 aerque
826 2124 974 2174 sudus,
1012 2124 1118 2166 dum
1158 2124 1301 2180 operis
1343 2125 1554 2181 cuiusque

95 2192 403 2235 incunctanter
421 2195 567 2234 ortum
587 2192 878 2248 prosequitur,
898 2192 1092 2235 creditur
1111 2192 1305 2234 eiusdem
1325 2192 1554 2236 fortunare

98 2326 119 2362 7
144 2318 311 2353 ammoto
329 2316 354 2352 S
404 2363 426 2371 ..
472 2317 594 2362 capud
609 2316 643 2353 A
805 2327 847 2370 '11
876 2316 1003 2353 omina
1020 2316 1149 2354 CBMS
1315 2329 1361 2355 20
1383 2318 1508 2373 hostio
1527 2319 1552 2355 S

95 2364 618 2457 ffipersangegllgzqffiiffle
632 2375 677 2446 2A4
701 2375 917 2400 ammissum
935 2363 959 2400 S
1050 2374 1094 2409 27
1110 2365 1241 2411 ymber
1255 2365 1290 2400 A
1368 2365 1553 2402 R001dum

146 2527 164 2565 5
190 2520 379 2555 Plinium:
413 2518 520 2555 Nihil
550 2518 626 2555 tale
658 2519 759 2564 apud
791 2517 957 2554 Plinium
990 2519 1155 2565 reperire
1186 2520 1316 2566 potui3
1349 2521 1395 2557 de
1427 2521 1551 2559 omine

97 2565 223 2602 fausto
237 2577 261 2601 a
276 2565 484 2602 meretricis
501 2577 654 2602 occursu
672 2566 719 2602 cf.
739 2565 891 2611 Leland,
912 2567 1026 2612 Gipsy
1039 2567 1197 2612 Sorcery,
1216 2580 1253 2613 p.
1276 2578 1352 2613 129.
1510 2580 1552 2605 10

97 2613 196 2648 Hinc
213 2614 312 2648 Deus
326 2614 420 2650 etc.:
452 2614 515 2650 Ov.
534 2615 633 2648 Fast.
652 2612 675 2648 i.
699 2614 845 2657 177-80.
1065 2624 1107 2657 14
1130 2615 1282 2651 Petilius
1297 2618 1368 2652 etc.
1384 2626 1393 2651 :
1419 2629 1451 2652 v.
1467 2616 1550 2652 Val.

99 2659 198 2695 Max.
216 2659 242 2695 i.
262 2668 280 2705 5
301 2658 319 2705 ξ
338 2670 372 2704 9.
530 2669 571 2706 15
598 2662 638 2695 in
653 2661 802 2696 Sicilia:
827 2659 955 2706 potius
970 2659 1011 2695 in
1028 2659 1191 2705 Liguria.
1376 2664 1418 2699 18
1443 2665 1553 2699 Alius

97 2717 230 2752 quoque
246 2707 342 2742 etc.:
368 2719 400 2742 v.
420 2705 493 2742 Cic.
512 2709 555 2742 de
571 2708 650 2742 Div.
670 2706 695 2742 i.
712 2708 769 2750 46.
880 2708 924 2742 28
948 2709 1200 2752 suppluuiale:
1229 2708 1310 2744 Hoc
1330 2710 1552 2746 vocabulum

98 2764 220 2798 neque
237 2764 297 2799 ap.
316 2752 471 2790 ForcelL
490 2754 547 2790 ed.
566 2754 612 2790 de
628 2753 704 2790 Vit.
722 2765 845 2799 neque
862 2765 922 2800 ap.
942 2754 1001 2791 Du
1018 2753 1144 2802 Gange
1162 2755 1364 2793 invenitur.

1401 2827 1439 2860 61
