1878 3172
165 156 241 198 457
261 147 289 187 b
636 143 898 188 IOANNIS
938 143 1452 188 SARESBERIENSIS
1605 142 1716 204 [Lm.
1733 156 1774 188 11

306 264 568 322 praeueniri‚
608 279 708 308 cum
748 265 796 307 in
835 264 925 307 sole
971 266 1018 307 et
1059 263 1167 307 luna
1207 266 1253 307 et
1296 264 1405 321 ipsis
1454 264 1682 308 elementis
1728 268 1775 308 et

305 337 468 377 ornatu
495 349 646 377 eorum
673 334 767 377 uim
794 333 1136 391 significatiuam
1157 348 1184 375 a
1207 333 1398 376 Domino
1418 348 1510 376 esse
1530 333 1772 378 didicerim.

307 402 516 447 Ceterum
546 406 688 446 artem
719 417 824 453 esse,
849 417 936 459 quo
966 401 1065 459 quis
1095 402 1149 444 de
1179 401 1347 445 futuris
1373 402 1430 444 ad
1459 402 1607 445 omnia
1636 402 1772 446 inter·

308 475 465 530 rogata
484 487 640 515 uerum
662 472 937 529 respondeat,
957 474 1037 514 aut
1055 471 1235 514 omnino
1255 486 1345 514 non
1365 486 1457 515 esse
1477 475 1557 515 aut
1576 473 1773 516 nondum

307 542 555 585 innotuisse
611 542 874 591 hominibus,
926 541 1061 583 michi
1110 541 1353 583 multorum
1405 542 1671 585 auctoritate
1729 546 1774 586 et
1793 560 1811 592 5

308 611 480 654 ratione
530 626 790 668 persuasum
830 613 909 653 est.
989 610 1118 663 Quod
1163 610 1201 652 si
1239 610 1324 653 tibi
1373 612 1636 668 persuadere
1683 627 1774 655 non

307 695 498 738 possum,
518 681 799 724 obstantibus
827 681 896 723 his
924 694 1036 737 quae
1056 680 1191 723 michi
1216 679 1270 722 de
1296 680 1580 737 prouidentia
1605 684 1652 724 et
1677 681 1774 724 fato

307 750 608 793 indesinenter
650 749 846 807 opponis,
896 749 1118 806 michique
1166 749 1518 806 repugnantibus
1560 750 1774 807 exemplis

308 834 421 875 quae
447 820 502 862 de
531 819 670 862 uariis
697 819 827 861 affers
856 818 1066 869 historiis,
1097 818 1295 875 persuasi
1324 820 1476 862 tamen
1505 819 1641 863 michi
1669 819 1774 862 huic

267 905 292 935 c
308 903 398 931 non
427 889 705 945 adquiescere
734 887 939 931 uanitati.
999 887 1103 930 Non
1138 887 1341 944 equidem
1371 888 1598 945 signorum
1627 889 1773 946 signa·
1794 903 1835 927 10

307 961 543 1015 torumque
570 973 667 1001 eam
693 957 992 1001 coherentiam
1019 957 1223 1008 arbitror,
1246 959 1299 1000 ut
1328 957 1518 1001 alterum
1548 972 1604 1001 ex
1634 958 1774 1001 altero

306 1028 549 1071 necessario
576 1029 881 1083 consequatur.
942 1025 1035 1070 Cur
1058 1027 1124 1069 ita
1150 1026 1423 1079 crediderim,
1446 1027 1532 1070 nisi
1558 1029 1605 1070 te
1631 1027 1773 1070 curia-

306 1098 416 1140 lium
455 1112 601 1155 nugae
635 1097 848 1147 detinent,
880 1096 996 1139 audi.
1068 1096 1165 1139 Rex
1206 1096 1415 1139 Ezechias
1454 1097 1677 1154 egrotauit
1716 1096 1774 1139 ad

307 1169 506 1209 mortem.
579 1167 652 1209 An
681 1180 771 1208 non
801 1165 941 1208 credis
971 1179 1119 1222 regem
1145 1164 1258 1208 Iuda
1287 1165 1505 1208 medicum
1539 1165 1774 1216 inuenisse,

309 1236 385 1293 qui
405 1236 560 1278 urinae
580 1238 625 1278 et
644 1234 798 1292 pulsus
818 1237 864 1278 et
883 1234 1195 1291 multiplicium
1216 1234 1591 1291 praenosticorum
1610 1235 1774 1279 indicio
1795 1243 1834 1278 15

307 1305 450 1348 morbi
496 1304 844 1361 deprehenderet
892 1303 1227 1360 quantitatem?
1299 1303 1471 1347 Deinde
1514 1311 1773 1361 responsum

307 1374 463 1417 mortis
497 1373 614 1417 forte
648 1375 875 1431 acceperat
907 1373 956 1415 in
990 1387 1170 1429 corpore
1200 1387 1291 1423 suo,
1311 1373 1388 1430 qui
1423 1387 1474 1416 eo
1504 1387 1643 1430 usque
1672 1388 1773 1430 per-

307 1443 467 1486 ductus
487 1445 555 1486 est
580 1444 633 1486 ut
652 1457 698 1485 se
717 1430 942 1486 uicturum
961 1442 1148 1484 ulterius
1168 1456 1257 1484 non
1277 1444 1486 1499 speraret.
1547 1442 1774 1485 Postremo

309 1512 504 1568 Spiritus
542 1514 721 1554 sanctus
759 1513 947 1554 mortem
992 1510 1231 1553 nuntiabat
1276 1513 1422 1554 astare
1467 1525 1548 1568 pro
1588 1510 1772 1554 foribus.

309 1581 438 1633 Quod
470 1581 646 1638 signum
681 1580 843 1624 certius
879 1580 1086 1636 quaeris?
1159 1579 1278 1632 Quid
1309 1582 1478 1622 certum
1514 1582 1591 1630 est,
1627 1582 1680 1623 ut
1717 1581 1772 1623 de
1792 1597 1835 1621 πο

309 1650 409 1693 aliis
427 1652 609 1700 taceam,
630 1649 667 1692 si
687 1649 742 1692 de
764 1649 1018 1692 testimonio
1038 1648 1217 1691 dubitas
1244 1648 1439 1705 Spiritus
1466 1649 1641 1694 sancti?
1699 1649 1773 1692 An

310 1719 493 1776 negabis
522 1719 703 1762 Ysaiam
733 1718 898 1761 dixisse
927 1718 974 1760 in
1004 1718 1176 1775 spiritu,
1197 1717 1399 1760 Morieris
1428 1720 1474 1761 et
1499 1733 1588 1761 non
1614 1719 1774 1763 uiues?

267 1790 297 1830 d
313 1788 440 1830 Vixit
459 1790 608 1830 tamen
624 1790 669 1830 et
688 1802 777 1830 non
796 1790 998 1830 mortuus
1018 1789 1095 1837 est,
1108 1786 1290 1829 adiectis
1305 1786 1346 1829 ei
1365 1786 1494 1830 annis
1513 1787 1774 1844 quindecim,

310 1872 389 1915 per
407 1857 751 1900 misericordiam
771 1857 876 1908 eius,
889 1857 965 1913 qui
986 1856 1239 1899 futurorum
1255 1858 1441 1899 euentus
1460 1856 1508 1898 in
1528 1871 1608 1899 sua
1626 1857 1775 1914 posuit

306 1929 538 1984 potestate.
608 1927 667 1969 Et
706 1926 822 1969 forte
870 1928 1069 1976 mortem,
1108 1940 1241 1982 quam
1279 1927 1443 1968 natura
1480 1925 1773 1983 uitaliumque
1794 1943 1832 1976 25
1877 1949 1878 1952 =

308 1996 507 2039 defectus
546 1995 842 2045 intentabant,
877 1995 983 2051 quia
1020 1994 1095 2037 ille
1133 2009 1213 2050 per
1250 1994 1541 2051 penitentiam
1572 1997 1774 2038 mortuus

309 2068 377 2108 est
406 2066 454 2107 in
483 2066 624 2123 culpa,
658 2065 844 2108 ulterior
882 2064 1191 2108 comminantis
1226 2063 1310 2107 Dei
1345 2064 1573 2107 absorbuit
1606 2064 1774 2107 miseri·

309 2135 470 2178 cordia.
542 2134 664 2177 Acab
696 2148 869 2190 quoque
903 2148 983 2175 rex
1017 2133 1313 2189 impiissimus,
1345 2147 1444 2176 cum
1479 2133 1652 2176 Iezabel
1685 2148 1775 2176 non

309 2207 403 2247 tam
442 2204 646 2261 coniugio
689 2218 823 2260 quam
868 2202 1129 2246 crudelitate
1175 2202 1420 2252 coniuncta,
1458 2216 1559 2245 cum
1597 2202 1773 2245 uineam

310 2274 452 2316 sancti
491 2273 699 2316 Nabutae
738 2286 891 2315 cruore
930 2271 1204 2328 possedisset,
1244 2273 1431 2314 mortem
1469 2271 1772 2315 imminentem
1791 2285 1834 2319 30

310 2343 652 2400 praenuntiante
682 2341 873 2384 Domino
903 2340 1176 2397 expectabat.
1249 2340 1297 2383 Si
1332 2340 1466 2383 michi
1497 2355 1586 2383 non
1620 2341 1773 2391 credis,

311 2412 428 2468 quod
462 2427 559 2454 eam
590 2411 712 2454 Deus
745 2411 838 2468 ipse
872 2409 1265 2467 praenuntiauerit‚
1295 2409 1399 2452 audi
1430 2409 1635 2465 Helyam.
1693 2409 1775 2452 Ait

311 2541 357 2577 23
382 2542 439 2567 xv.
456 2531 496 2566 M

361 2648 403 2682 13
421 2639 499 2673 Rem
511 2639 686 2673 Ezechias
698 2640 793 2675 etc.:
812 2650 843 2674 v.
856 2636 981 2684 4Reg.
994 2648 1055 2673 xx.
1070 2646 1100 2680 1,
1111 2636 1156 2672 Is.
1172 2634 1325 2672 xxxviii.
1345 2646 1375 2671 1.
1441 2636 1495 2679 16,
1512 2644 1552 2681 17
1565 2648 1774 2681 wsponsum
1871 2657 1878 2674 Δ.

310 2687 458 2720 mortis:
484 2695 505 2720 2
523 2684 605 2720 Cor.
625 2684 649 2720 i.
669 2695 701 2730 9.
841 2695 886 2721 22
912 2686 1082 2720 Mor-ieris
1097 2685 1193 2719 etc.:
1207 2694 1241 2737 4
1260 2682 1349 2730 Reg.
1368 2693 1428 2719 xx.
1452 2693 1482 2729 1,
1500 2683 1547 2718 Is.
1566 2683 1718 2719 xxxviii.
1736 2695 1772 2728 4.
1869 2687 1878 2729 ἦ

310 2733 642 2825 Ξ33αὲἒεέιὶξχθὶὲοα
667 2744 698 2768 v.
717 2742 740 2777 4
765 2731 857 2779 Reg.
882 2743 944 2768 xx.
964 2732 998 2776 6,
1019 2731 1066 2767 Is.
1090 2728 1243 2768 xxxviii.
1267 2740 1303 2775 4.
1486 2731 1530 2767 28
1554 2732 1654 2767 Acab
1676 2732 1771 2768 etc.:
1866 2731 1878 2809 i

423 2848 485 2892 136
