1878 3172
93 159 192 193 ω.
206 147 280 209 vr]
382 147 387 152 ·
599 148 1035 194 Pomcm'ricvs
1568 162 1652 203 με
1669 163 1695 194 c

91 269 235 313 omnis
262 283 371 327 gens
398 270 568 326 pariter
594 272 838 314 mereretur
865 270 1080 327 extingui.
1140 269 1229 313 Sed
1261 272 1309 314 et
1342 270 1390 313 in
1423 274 1552 315 sexto
1569 286 1596 316 c

90 337 206 381 libm
235 337 292 382 de
324 338 488 382 eisdem
522 338 632 382 talia
661 338 825 382 scribit
885 338 945 382 Et
977 353 1140 390 eorum,
1174 339 1333 396 inquit,
1362 339 1439 396 qui
1472 354 1553 397 per

89 409 233 450 totam
265 407 494 451 ciuitatem
528 407 661 450 famis
690 407 839 451 inedia
871 409 1276 465 corrumpebantur,
1309 409 1552 452 multitudo

89 474 425 519 innumerabilis
455 479 563 526 erat,
596 490 783 532 quorum
820 490 900 519 nec
933 477 1145 533 explicari
1183 477 1362 520 miseria
1393 480 1552 534 potest.

44 554 73 593 '5
91 542 176 586 Per
212 543 410 601 singulas
448 559 638 600 namque
681 544 844 595 domos,
884 544 1024 588 sicubi
1063 544 1232 602 aliquid
1270 544 1430 588 fuisset
1462 547 1550 589 cibi

89 615 325 668 repertum,
363 613 480 656 bella
517 613 727 656 continuo
765 616 812 655 et
855 613 982 656 cedes
1022 614 1142 656 inter
1185 628 1309 657 caros
1347 615 1552 672 ipsosque

88 683 295 736 parentes
313 695 364 724 ac
383 681 543 738 liberos
566 681 871 732 nascebantur,
890 681 997 724 dum
1021 697 1110 725 non
1133 683 1274 726 solum
1294 697 1319 725 e
1345 683 1551 726 manibus

89 748 167 791 sed
196 763 252 792 ex
281 749 388 806 ipsis
416 751 551 793 etiam
581 750 783 794 faucibus
817 750 1006 794 inuicem
1040 751 1187 795 cibum
1221 767 1375 809 rapere
1408 756 1550 795 certa-

88 816 209 861 bant.
283 818 413 862 Fides
444 822 593 862 autem
627 833 707 862 nec
744 819 932 862 mortuis
965 823 1084 872 erat3
1126 820 1204 863 sed
1238 824 1284 864 et
1321 820 1418 877 ipsi,
1449 835 1550 863 cum

31 903 75 928 io
89 885 179 927 iam
212 886 420 943 spiritum
454 887 726 937 exhalarent,
756 888 1148 944 perscrutabantur
1179 903 1208 931 a
1241 890 1549 946 praedonibus,

88 969 145 997 ne
178 955 251 998 cui
284 955 400 998 forte
438 956 559 998 intra
590 956 808 1013 gremium
841 956 929 999 cibi
962 957 1131 1014 aliquid
1165 958 1386 1002 resideret.
1456 959 1548 1001 AJii

87 1025 237 1066 autem
267 1038 347 1080 per
374 1024 566 1067 inediam
595 1025 771 1067 hiantes
801 1025 927 1068 uelut
960 1025 1104 1068 rabidi
1133 1041 1263 1070 canes
1292 1028 1379 1070 huc
1411 1031 1547 1084 atque

87 1090 175 1133 huc
213 1090 483 1143 ferebantur,
521 1095 567 1135 et
612 1093 738 1149 quasi
781 1093 954 1136 insania
1003 1094 1193 1150 quadam
1240 1096 1456 1153 exagitati
1499 1097 1547 1139 in

88 1159 262 1203 easdem
296 1160 448 1204 domos
481 1161 565 1204 sub
598 1165 820 1204 momento
851 1163 1062 1219 temporis
1096 1163 1258 1206 iterum
1290 1179 1342 1208 ac
1372 1166 1548 1222 saepius
1563 1165 1593 1205 d

29 1245 71 1281 ¹⁵
88 1228 328 1273 irruebant.
402 1230 563 1274 Omnia
601 1234 750 1274 tamen
788 1232 1024 1275 necessitas
1061 1234 1266 1276 uertebat
1303 1234 1351 1276 in
1389 1234 1549 1286 cibum,

88 1297 223 1340 etiam
253 1298 342 1350 illa,
376 1313 489 1356 quae
519 1314 575 1342 ne
609 1300 746 1342 mutis
777 1300 953 1356 quidem
984 1301 1250 1345 animalibus
1281 1303 1408 1346 edere
1441 1318 1549 1347 usus

87 1366 189 1410 fuit.
246 1368 320 1411 Ad
347 1368 555 1411 ultimum
585 1383 641 1411 ne
667 1368 774 1411 loris
800 1369 978 1425 quidem
1010 1370 1081 1413 uel
1111 1361 1301 1428 cingulis
1329 1376 1410 1415 aut
1438 1373 1547 1430 ipsis

86 1435 382 1481 calciamentis
430 1438 693 1481 abstinuere.
771 1437 1005 1481 scutorum
1056 1454 1229 1496 quoque
1286 1441 1497 1485 indumen

86 1503 368 1549 detrahentes
416 1507 684 1550 conficienda
729 1506 936 1550 dentibus
978 1507 1250 1566 ingerebant.
1329 1510 1546 1554 Nonnulli

27 1590 70 1614 πο
86 1575 133 1616 et
181 1573 274 1616 feni
318 1575 482 1618 ueteris
523 1575 716 1619 festucas
761 1575 961 1627 edebant,
999 1578 1076 1619 sed
1121 1581 1167 1620 et
1204 1578 1259 1621 de
1298 1580 1473 1636 quisqui
1495 1580 1521 1589 ”

82 1641 277 1754 ἓοΠθοίῑίε
318 1643 629 1700 paruissimum
671 1645 844 1702 pondus
882 1645 1079 1703 dragmis
1125 1651 1338 1703 quattuor
1386 1649 1476 1692 dist

115 1711 260 1755 ebant.

152 1878 258 1937 Cap.
279 1883 319 1924 6.
350 1882 414 1924 De
442 1881 600 1926 Maria
618 1897 732 1939 quae
750 1883 880 1939 fame
898 1889 1082 1941 umente
1101 1886 1289 1930 comedit
1306 1887 1485 1943 filium.

145 1989 234 2032 Sed
254 1990 361 2046 quid
380 2005 490 2047 opus
510 1994 576 2034 est
595 2006 674 2048 per
692 1993 799 2036 haec
819 1994 990 2050 pondus
1009 1994 1141 2037 famis
1160 1995 1280 2038 illius
1293 1996 1543 2052 explicare?

26 2077 67 2112 25
85 2073 186 2101 cum
229 2061 404 2116 gestum
449 2060 509 2103 sit
554 2061 616 2103 ibi
655 2061 838 2112 facinus,
877 2063 994 2118 quod
1032 2078 1174 2120 neque
1220 2065 1339 2120 apud
1379 2065 1540 2108 Grecos
1556 2077 1639 2116 424
1658 2078 1689 2106 a

84 2142 226 2184 neque
269 2128 389 2184 apud
427 2128 636 2171 barbaros
678 2130 796 2172 ullus
834 2131 1001 2187 accepit
1042 2132 1233 2182 auditus,
1273 2133 1540 2176 horrendum

83 2197 262 2253 quidem
295 2197 428 2247 dictu,
460 2198 617 2240 auditu
646 2212 752 2241 uero
781 2199 1047 2243 incredibile.
1109 2200 1324 2256 Equidem
1353 2201 1542 2245 libenter

82 2267 176 2308 tam
210 2265 400 2308 immane
435 2265 607 2309 facinus
636 2267 863 2317 siluissem,
887 2283 943 2310 ne
973 2269 1072 2324 quis
1095 2284 1164 2311 me
1194 2270 1390 2312 crederet
1418 2286 1540 2314 mon-

82 2337 256 2377 struosa
282 2349 473 2384 narrare,
493 2335 579 2377 nisi
605 2336 768 2378 multos
796 2337 1031 2379 memoriae
1057 2340 1232 2380 nostrae
1259 2339 1379 2381 uiros
1404 2342 1540 2383 testes

25 2420 68 2452 30
83 2403 301 2446 commissi
326 2404 499 2446 sceleris
525 2404 787 2448 habuissem.
848 2405 982 2448 Porro
1009 2421 1115 2448 uero
1141 2421 1197 2449 ne
1223 2407 1391 2463 aliquid
1418 2424 1540 2452 meae

83 2472 253 2528 patriae
282 2475 506 2528 praestare
536 2488 606 2515 me
635 2474 835 2523 arbitrer,
856 2474 893 2516 si
923 2475 1181 2517 subtraham
1212 2491 1362 2518 eorum
1392 2479 1539 2528 uerba,

83 2554 270 2596 quorum
296 2541 480 2597 pertulit
505 2541 635 2585 facta.
694 2542 854 2585 Mulier
873 2543 1087 2599 quaedam
1108 2559 1164 2586 ex
1183 2545 1263 2595 his,
1283 2560 1395 2602 quae
1420 2547 1541 2589 ultra

86 2679 102 2705 1
129 2671 212 2706 Post
228 2670 300 2707 Sed
316 2683 383 2707 om.
404 2673 443 2708 et
460 2670 526 2706 SM
643 2671 714 2707 vi²⁰
732 2672 756 2708 S
924 2683 945 2708 2
970 2673 1104 2719 inquid
1120 2675 1154 2709 A
1325 2686 1367 2713 12
1392 2678 1537 2723 autem]

84 2716 201 2752 etiam
218 2717 258 2752 M
374 2718 489 2755 uelud
505 2719 538 2753 A
695 2730 735 2756 21
764 2718 857 2755 iiii01'
874 2719 1002 2756 CBMS
1155 2733 1199 2767 23
1220 2729 1301 2769 post
1316 2724 1436 2760 filium
1454 2728 1537 2761 add.

83 2763 278 2809 proprium
295 2763 320 2800 S
336 2767 376 2800 in
392 2767 491 2801 rubr.
508 2778 585 2812 cap.
598 2768 719 2812 praef.
863 2776 907 2811 27
933 2767 983 2803 Et
999 2768 1150 2814 quidem
1169 2770 1209 2806 M

1388 2853 1429 2886 79
