1878 3172
191 181 271 221 543
290 182 321 212 a
665 169 925 213 IOANNIS
966 169 1480 215 SARESBERIENSIS
1643 170 1752 233 [1,113.
1768 185 1797 215 v

336 304 441 332 suae
469 289 745 346 plenitudine
764 289 971 333 uideatur
999 289 1150 333 adesse
1174 289 1334 341 electis,
1353 293 1406 333 ut
1431 290 1568 334 nichil
1594 290 1657 334 eis
1683 291 1798 334 desit

335 359 383 400 in
412 359 504 402 ulla
533 359 690 416 gratia,
710 362 756 402 et
784 360 877 417 ipse
908 359 1001 402 fere
1027 359 1146 402 solus
1174 359 1381 402 uideatur
1409 359 1457 402 in
1485 360 1586 411 illis,
1607 363 1652 403 et
1677 360 1797 404 illius

286 430 315 467 b
334 429 511 478 nomine
531 431 804 480 censeantur,
825 429 950 472 salua
969 429 1160 472 ueritate
1186 429 1461 472 substantiae
1486 432 1532 472 et
1555 429 1649 472 sine
1675 429 1795 473 omni

333 498 626 542 uersibilitate
658 501 856 542 naturae.
928 498 1047 541 Hinc
1079 498 1195 541 forte
1227 501 1294 541 est
1332 498 1466 541 illud:
1517 498 1798 542 Exultabunt

333 568 474 610 sancti
513 568 561 610 in
601 568 754 625 gloria,
783 568 1043 611 letabuntur
1080 568 1129 610 in
1168 568 1387 611 cubilibus
1425 567 1539 620 suis3
1573 582 1673 611 cum
1712 569 1795 611 sibi
1814 584 1834 617 5

333 639 440 679 tunc
460 637 615 694 peruia
634 637 872 680 credantur
892 652 986 680 esse
1001 637 1133 680 corda
1154 639 1418 688 sanctorum,
1431 639 1476 680 et
1494 637 1796 694 unusquisque

332 720 422 748 non
449 707 579 749 modo
603 707 651 748 in
681 721 762 749 sua
791 706 868 749 sed
899 710 944 750 et
973 707 1021 749 in
1050 706 1247 750 omnium
1274 706 1541 749 conscientia
1568 706 1794 763 glorietur.

333 775 460 818 Sicut
491 776 608 818 enim
643 776 771 833 ignis,
803 778 856 818 ut
891 776 938 818 in
972 775 1199 832 praedicta
1240 789 1463 818 moremur
1493 775 1794 827 similitudine,

332 843 440 887 ferri
469 846 677 887 naturam
706 847 912 902 penetrat
945 848 991 888 et
1024 844 1233 895 accendit,
1261 847 1314 887 ut
1344 844 1481 887 nichil
1511 847 1718 888 cernatur
1745 845 1794 888 in

332 929 382 957 eo
411 914 498 957 nisi
528 915 645 972 ignis
676 916 732 965 et,
753 915 868 957 sicut
897 914 1052 958 solaris
1072 914 1223 957 radius
1253 914 1483 958 illustrans
1512 929 1669 966 aerem,
1689 915 1793 958 solis
1814 934 1854 956 10

329 983 402 1026 uel
423 984 536 1026 radii
564 986 767 1027 censetur
786 984 974 1034 nomine,
995 984 1056 1027 sic
1083 983 1205 1027 Deus
1232 998 1382 1027 omnes
1409 984 1597 1041 replebit
1623 984 1793 1037 electos,

328 1055 381 1095 ut
415 1053 535 1095 omni
579 1053 839 1096 infirmitate
871 1056 917 1096 et
945 1053 1245 1097 mutabilitate
1273 1053 1451 1096 absorta
1479 1067 1579 1096 cum
1608 1054 1794 1097 mortale

329 1121 710 1164 immortalitatem
731 1124 776 1165 et
795 1122 1082 1179 corruptibile
1102 1121 1566 1179 incorruptibilitatem
1586 1122 1791 1173 induerit,

329 1189 450 1233 Deus
470 1189 563 1233 fere
584 1191 702 1234 solus
722 1190 769 1233 in
796 1191 1000 1234 omnibus
1030 1194 1305 1248 agnoscatur.
1364 1190 1437 1234 Ad
1456 1191 1570 1234 hanc
1589 1191 1791 1234 nonnulli

288 1269 313 1298 c
329 1260 594 1303 sententiam
620 1259 821 1303 referunt
852 1260 969 1317 quod
999 1260 1156 1318 angeli,
1175 1260 1264 1303 iam
1295 1260 1473 1303 futurae
1502 1260 1790 1303 beatitudinis
1809 1281 1849 1314 15

328 1332 504 1372 nostrae
538 1329 786 1386 participes,
818 1329 904 1372 uisi
939 1329 1183 1372 adorantur
1216 1329 1273 1372 ab
1302 1329 1553 1372 hominibus
1591 1343 1642 1372 eo
1672 1330 1790 1386 quod
1835 1370 1841 1374 .

326 1398 375 1439 in
414 1398 476 1440 eis
510 1399 608 1441 uisa
646 1400 714 1440 est
749 1398 965 1455 quaedam
999 1398 1248 1455 praesentia
1282 1398 1472 1449 deitatis,
1501 1412 1601 1441 cum
1639 1400 1789 1441 tamen

326 1470 574 1509 creaturam
595 1482 622 1509 a
642 1457 845 1510 creatura
865 1467 1039 1510 adorari
1060 1467 1238 1510 omnino
1258 1481 1347 1510 non
1367 1467 1510 1510 liceat.
1561 1466 1634 1510 Sic
1654 1467 1787 1510 etiam

327 1535 375 1577 in
405 1535 516 1578 facie
547 1536 792 1579 Saluatoris
819 1536 989 1592 aliquid
1018 1536 1197 1579 deitatis
1227 1536 1509 1593 resplenduit,
1531 1537 1706 1594 quando
1733 1537 1788 1580 de

326 1603 537 1647 funiculis
576 1604 696 1647 facto
741 1605 916 1662 flagello
955 1605 1196 1648 uendentes
1240 1608 1285 1648 et
1323 1609 1517 1649 ementes
1557 1605 1684 1649 eiecit
1732 1606 1786 1650 de
1807 1625 1849 1648 20

327 1726 343 1753 1
353 1727 367 1753 1
397 1716 536 1753 electos
553 1716 715 1762 replebit
731 1715 765 1752 A

372 1826 392 1860 3
413 1817 519 1851 salua
534 1817 685 1851 ueritate
701 1816 941 1851 substantiae:
964 1827 996 1851 v.
1009 1814 1104 1861 Aug.
1115 1816 1157 1851 de
1174 1816 1319 1851 Natura
1335 1820 1367 1850 et
1387 1815 1517 1851 Gratia
1535 1827 1566 1851 c.
1580 1825 1624 1860 33
1638 1815 1786 1862 (Migne

323 1863 365 1898 P.
390 1863 431 1897 L.
454 1862 541 1898 xliv.
569 1862 652 1908 265)
673 1864 714 1898 Si
737 1867 856 1898 autem
880 1863 995 1908 aliqui
1012 1867 1150 1908 putant
1174 1867 1316 1898 tantum
1339 1868 1502 1899 nostrum
1516 1865 1692 1908 futurum
1714 1876 1787 1900 esse

317 1915 540 1955 prouectum,
557 1915 598 1945 ut
622 1912 663 1945 in
685 1911 755 1945 Dei
769 1910 1008 1945 substantiam
1023 1915 1278 1945 conuertamur
1290 1915 1323 1945 et
1338 1910 1403 1946 hoc
1419 1912 1618 1957 efficiamur
1635 1923 1787 1956 prorsus

321 1959 415 2003 quod
431 1959 491 1992 ille
508 1962 557 1993 est
574 1984 582 1992 .
602 1985 610 1993 .
628 1984 636 1993 .
655 1985 663 1993 .
683 1959 774 1992 mihi
789 1958 853 1993 hoc
860 1959 985 2002 fateor
998 1969 1071 1993 non
1088 1969 1158 1993 esse
1171 1969 1395 2003 persuasum.
1509 1968 1532 2001 4
1556 1959 1786 1994 Exultabunt

323 2006 415 2040 etc.:
441 2004 498 2040 Ps.
518 2003 630 2041 cxlix.
650 2013 666 2050 5
682 2017 690 2046 ;
709 2004 775 2040 ubi
785 2005 920 2040 cubilia
936 2005 982 2040 de
998 2005 1163 2040 cordibus
1176 2006 1391 2041 sanctorum
1400 2003 1675 2050 interpretatur
1685 2005 1782 2052 Aug.

322 2053 460 2088 Enarr.
494 2054 534 2087 in
566 2053 729 2087 Psalmos
762 2051 907 2098 (Migne
941 2053 982 2087 P.
1000 2053 1042 2087 L.
1076 2051 1214 2087 xxxvii.
1244 2052 1360 2098 1955).
1504 2054 1525 2088 8
1556 2053 1656 2088 Sicut
1686 2055 1785 2088 enim

323 2101 420 2144 iynis
443 2101 537 2135 etc.:
564 2099 611 2135 cf.
636 2099 767 2135 Ioann.
789 2098 890 2135 Scot.
914 2100 957 2134 de
982 2100 1167 2135 Diuisione
1190 2100 1353 2135 Naturae
1375 2110 1409 2134 v.
1431 2100 1477 2142 36
1505 2098 1651 2153 (Migne
1677 2100 1718 2136 P.
1737 2101 1781 2136 L.

323 2146 434 2182 cxxii.
452 2146 537 2192 961)
556 2147 602 2183 de
619 2143 704 2192 igni
721 2148 760 2183 et
782 2146 908 2191 lapide
932 2145 996 2191 qui
1013 2146 1181 2182 asbestus
1204 2146 1355 2182 dicitur.
1402 2145 1658 2182 Vsitatissima
1682 2147 1782 2193 apud

321 2194 519 2240 theologos
535 2194 711 2239 mysticos
728 2195 783 2229 est
799 2192 1009 2229 similitudo
1027 2193 1194 2240 corporis
1210 2192 1403 2229 materiati
1427 2205 1450 2230 a
1471 2193 1549 2229 sole
1572 2193 1783 2230 illuminati

321 2253 397 2286 qua
421 2240 655 2286 significetur
679 2240 842 2276 hominis
865 2240 944 2276 Deo
970 2240 1070 2276 uniti
1096 2241 1239 2276 status:
1268 2241 1314 2276 cf.
1340 2240 1471 2276 Ioann.
1497 2239 1595 2277 Scot.
1623 2242 1666 2276 de
1698 2242 1790 2277 Div..

319 2289 404 2324 Nat.
416 2301 446 2324 v.
460 2288 763 2332 8,Tauler.Serm.
775 2289 926 2323 inDom.
935 2290 1013 2322 xix.
1019 2293 1097 2333 post
1112 2289 1212 2324 Trin.
1223 2288 1328 2334 (Opp.
1342 2288 1398 2324 ed.
1410 2287 1537 2324 Colon.
1550 2289 1638 2333 1548
1649 2299 1686 2333 p.
1696 2288 1781 2334 317)

320 2335 366 2372 de
384 2347 482 2381 aere,
500 2334 538 2372 S.
560 2335 689 2372 Ioann.
708 2336 753 2371 de
776 2334 891 2371 Gruce
907 2336 1044 2370 Subida
1065 2337 1121 2370 del
1140 2341 1256 2371 monte
1281 2335 1442 2371 Camelo
1461 2336 1618 2373 (Bibliot.
1636 2337 1678 2371 de
1693 2337 1782 2371 Aut.

320 2384 459 2428 Εεραῆ.
489 2382 602 2418 xxvii.
631 2395 667 2429 p.
695 2382 756 2428 23)
783 2383 830 2418 de
858 2382 1022 2418 fenestra
1037 2381 1167 2418 vitrea.
1338 2392 1380 2418 12
1408 2395 1488 2418 cum
1512 2383 1659 2418 mortale
1684 2383 1781 2427 etc.;

319 2441 351 2482 y.
374 2441 387 2465 1
409 2430 490 2483 Cor:
508 2441 565 2465 XV.
585 2439 638 2475 53.
777 2475 785 2483 ⁰
813 2438 851 2475 15
878 2431 1090 2482 sententiani
1114 2432 1209 2465 etc.:
1234 2441 1267 2465 v.
1292 2428 1386 2475 Aug.
1416 2431 1553 2472 Quaest.
1570 2425 1783 2482 iri-Heptatss

319 2475 1015 2568 1²2‘13171'J131ffi6‘233153{ioffssffssafiifffli’ss‘ssb
1021 2475 1779 2568 ἒέᾎῖἒὶἕξὲῗῇᾛῗέἳὲῃῗὲἰιέῗὲἷῖἶῗζ

319 2570 431 2606 docet
449 2570 649 2616 Gregorius
667 2571 717 2606 M.
737 2572 866 2606 Moral.
880 2570 991 2606 xxvii.
1012 2581 1057 2615 29
1073 2570 1114 2605 in
1132 2570 1198 2606 Iob
1215 2569 1337 2606 xxxvi.
1355 2580 1411 2615 33,
1429 2571 1565 2605 Homil.
1583 2571 1623 2604 in
1639 2571 1778 2615 Evany.

320 2616 399 2652 viii.
412 2617 453 2652 in
468 2617 554 2653 Luc.
568 2618 608 2653 ii.
626 2629 714 2662 1-14
732 2617 878 2664 (Migne
893 2619 933 2653 P.
946 2619 987 2653 L.
1000 2616 1113 2653 lxxvi.
1125 2626 1206 2662 415,
1226 2617 1342 2661 1104).
1507 2627 1559 2661 19,
1573 2626 1619 2652 20
1635 2618 1779 2662 quando

319 2666 363 2699 de
377 2666 562 2708 funiculis
579 2666 670 2701 etc.:
695 2677 726 2700 v.
747 2664 878 2700 Ioann.
897 2663 936 2700 ii.
961 2673 999 2710 15
1014 2675 1113 2710 seqq.
1132 2663 1352 2700 Divinitatis
1368 2663 1605 2699 maiestatem
1622 2663 1663 2698 in
1681 2663 1778 2700 facie

320 2710 458 2746 Christi
488 2711 696 2748 uendentes
723 2713 762 2747 et
791 2714 958 2748 ementes
990 2712 1035 2746 de
1061 2711 1204 2757 templo
1227 2710 1414 2747 eiicientis
1443 2710 1582 2746 luxisse
1608 2713 1776 2747 asserunt

320 2758 579 2803 pseudo-Beda
595 2760 700 2794 Hom.
720 2758 818 2794 cviii.
836 2758 982 2805 (Migne
996 2760 1085 2794 P.L.
1101 2758 1194 2795 xciv.
1210 2758 1292 2805 512)
1311 2759 1351 2795 et
1370 2758 1558 2806 Rupertus
1574 2757 1775 2795 Tuitiensis

319 2805 361 2841 in
380 2804 509 2840 Ioann.
529 2804 570 2842 ii.
587 2814 625 2851 15
646 2805 795 2851 (Migne
811 2807 854 2842 Ρ.
865 2807 907 2841 L.
931 2804 1042 2842 clxix.
1062 2805 1158 2852 294).

428 2871 492 2903 288
