1878 3172
153 167 233 216 485
250 167 281 206 b
623 166 884 211 IOANNIS
924 167 1436 212 SARESBERIENSIS
1567 163 1680 226 [ΗΒ.
1697 177 1758 211 111
1836 175 1839 198 ῑ

295 288 379 331 sub
398 288 519 331 omni
539 288 689 332 cubito
708 303 866 332 manus
889 289 1082 346 ponitur,
1102 289 1279 346 quando
1305 303 1395 332 non
1413 288 1543 332 modo
1562 288 1760 346 operatio
1835 292 1841 322 ἓ

295 356 373 399 sed
405 357 614 413 quicquid
646 357 686 400 ei
720 358 892 402 adiacet
926 351 1288 403 commendatur.⁴
1340 357 1488 415 Caput
1525 358 1759 401 uniuersae
1826 355 1834 407 ’ς

295 425 429 468 etatis
458 426 663 469 ceruicali
689 428 1014 484 superponitur,
1039 428 1146 470 dum
1176 427 1276 484 quis
1302 427 1581 470 adulantium
1609 425 1758 469 uerbis

295 494 343 536 in·
363 494 502 538 totius
521 495 643 538 uitae
663 496 868 552 operibus
894 497 1149 540 delectatur.
1209 497 1269 539 Et
1294 496 1425 539 alibi:
1455 496 1557 553 Ipse
1586 495 1759 539 edifica·
1835 485 1839 496 ’

295 563 375 606 bat
401 564 627 620 parietem,
651 565 718 607 illi
748 568 898 608 autem
924 566 1142 609 liniebant
1168 580 1281 609 eum.
1340 565 1559 608 Parietem
1583 564 1760 607 edificat
1777 578 1799 613 5
1838 575 1862 618 ᾗ

296 647 386 675 non
418 633 597 675 domum
632 635 831 691 quisquis
861 635 1095 678 induratae
1135 635 1297 678 mentis
1335 635 1449 677 uitio
1487 634 1759 691 prauitatem
1846 640 1870 649 ”

296 702 496 759 congerit
529 717 725 759 operum.
787 703 873 757 Qui
903 705 951 746 in
982 705 1150 761 pariete
1185 704 1277 747 solo
1307 703 1471 747 ostium
1503 702 1625 755 facit,
1652 716 1760 759 quo·

297 785 484 827 cumque
522 771 801 828 ingrediatur
839 772 948 816 foris
987 776 1066 817 est.
1137 773 1412 830 Quicumque
1449 772 1498 814 in
1536 771 1761 829 prauitate
1834 758 1839 794 ‘⁹

297 840 442 896 operis
473 840 683 883 indurata
710 845 859 885 mente
889 845 1178 885 conuersatur
1207 857 1236 885 a
1265 844 1519 885 sanctorum
1552 841 1761 884 societate

296 909 572 966 seiungitur;
602 910 853 953 edificatum
878 926 982 969 ergo
1013 911 1227 969 parietem
1253 911 1368 962 linit,
1387 903 1586 968 quisquis
1609 909 1761 967 prauis
1780 914 1844 966 1οῇ

297 978 503 1035 operibus
527 979 712 1022 alicuius
732 979 966 1024 adulanter
988 981 1234 1038 applaudit.
1291 979 1406 1024 Cum
1425 994 1531 1023 uero
1551 979 1610 1022 sit
1629 981 1761 1035 turpe
1830 990 1850 1032 f

256 1059 281 1088 c
298 1047 502 1091 omnibus
522 1048 706 1100 adulari,
726 1049 855 1107 longe
874 1051 1051 1107 turpius
1071 1053 1139 1094 est
1158 1050 1196 1093 si
1214 1050 1263 1091 in
1282 1052 1540 1106 praeceptae
1569 1047 1761 1091 auctori·

297 1117 406 1160 tatis
440 1120 519 1160 aut
550 1118 719 1161 ordinis
753 1120 874 1163 uiros
909 1120 1107 1163 adulatio
1139 1119 1280 1163 cadat.
1345 1118 1468 1162 Adeo
1500 1117 1678 1175 quidem
1709 1119 1762 1160 ut
1831 1109 1853 1122 ”

297 1201 521 1229 sacrorum
548 1202 766 1230 canonum
786 1189 1006 1232 institutis
1028 1192 1207 1233 cautum
1234 1189 1294 1231 sit
1317 1188 1494 1231 clericos
1524 1186 1761 1243 irrefraga-
1839 1202 1841 1204 ·

297 1256 448 1299 biliter
474 1256 753 1312 deponendos
788 1258 864 1315 qui
896 1262 1140 1302 noscuntur
1173 1257 1502 1301 adulationibus
1535 1255 1762 1299 inseruire.
1781 1271 1834 1320 15„

299 1325 434 1368 Recte
458 1326 648 1382 quidem,
669 1327 774 1383 quia
793 1328 936 1371 omnis
956 1328 1153 1371 adulatio
1177 1327 1358 1371 comites
1385 1326 1520 1369 habet
1539 1325 1689 1368 dolum
1716 1327 1763 1367 et
1828 1362 1838 1374 „

299 1393 503 1436 fraudem
553 1395 935 1453 proditionemque
981 1399 1026 1439 et
1071 1399 1224 1439 notam
1269 1395 1497 1445 mendacii,
1539 1393 1762 1450 sequelam
1795 1440 1813 1453 s
1831 1408 1841 1425 1

298 1477 471 1519 quoque
515 1463 805 1520 ignominiam
848 1466 1079 1508 seruitutis
1122 1464 1444 1508 excecationem
1484 1462 1676 1520 proximi
1717 1465 1763 1504 et

297 1531 611 1574 exterminium
631 1533 769 1575 totius
797 1534 1051 1576 honestatis.
1111 1534 1183 1576 An
1202 1547 1292 1575 non
1312 1535 1380 1575 est
1398 1532 1503 1575 talis
1522 1546 1612 1574 non
1631 1529 1762 1574 modo

298 1600 520 1643 eiciendus
540 1615 567 1643 a
587 1601 702 1644 clero
722 1602 798 1645 sed
818 1617 845 1645 a
865 1605 960 1646 toto
983 1603 1181 1646 fidelium
1201 1602 1331 1646 cetu?
1781 1598 1837 1670 ηοξ

299 1723 407 1781 Cap.
439 1728 477 1768 6.
527 1726 655 1778 Quod
683 1726 941 1770 adulatores
965 1725 1266 1783 'multiplicati
1294 1728 1404 1769 sunt
1437 1740 1572 1782 super
1601 1739 1760 1768 nume-

355 1808 477 1845 rum,
511 1799 550 1838 et
587 1810 617 1838 a
651 1796 904 1852 praeclaris
942 1795 1152 1839 domibus
1189 1795 1386 1839 honestos
1433 1799 1472 1838 et
1518 1793 1763 1838 dissimiles
1839 1799 1850 1834 ζ’

355 1864 433 1906 sui
460 1864 699 1920 expellunt.

358 1955 480 1998 Haec
509 1958 659 1998 tamen
690 1957 827 2013 pestis
861 1957 951 1999 iam
985 1957 1032 1999 in
1066 1959 1243 2000 tantum
1279 1956 1470 1999 Domino
1501 1955 1762 2013 indignante

301 2025 495 2068 inualui't
514 2028 576 2076 ut,
597 2026 635 2068 si
659 2029 843 2069 uentum
871 2026 987 2069 forte
1011 2026 1149 2070 fuerit
1169 2027 1226 2069 ad
1246 2026 1509 2077 conflictum,
1529 2039 1684 2068 uereor
1706 2039 1762 2068 ne
1782 2040 1822 2076 ²⁵
1834 2019 1837 2066 ἶ

256 2095 286 2135 d
302 2094 521 2137 modestos
561 2097 606 2137 et
645 2095 781 2138 bonos
812 2095 933 2139 uiros
967 2096 1138 2152 possint
1171 2095 1346 2139 facilius
1380 2094 1598 2151 expellere
1629 2108 1763 2150 quam

302 2163 476 2219 expelli.
537 2163 687 2220 Serpit
707 2164 824 2206 enim
848 2164 1004 2207 illuuio
1034 2164 1138 2207 feda
1161 2167 1206 2207 et
1228 2164 1408 2207 morbus
1433 2177 1689 2206 cancerosus
1714 2163 1763 2205 in
1841 2191 1848 2204 ,-

301 2246 463 2283 omnes,
482 2235 535 2275 ut
553 2233 702 2275 nullus
723 2236 802 2276 aut
822 2248 948 2276 rarus
968 2234 1028 2276 sit
1048 2248 1178 2290 quem
1198 2233 1318 2276 labes
1345 2233 1433 2275 ista
1452 2246 1541 2274 non
1561 2229 1762 2274 maculet.
1836 2264 1857 2279 ,,

301 2300 465 2343 Omnes
504 2302 622 2343 enim
661 2301 870 2344 affectant
907 2302 1252 2344 beniuolentiam
1284 2315 1435 2344 eorum
1469 2315 1570 2343 cum
1603 2299 1763 2356 quibus
1834 2291 1857 2346 s:-

300 2369 496 2422 uiuitur;
527 2370 645 2426 quod
666 2371 843 2426 quidem
863 2385 953 2413 non
973 2371 1103 2414 modo
1123 2371 1295 2414 licitum
1322 2373 1390 2414 est
1415 2369 1492 2412 sed
1515 2370 1762 2420 honestum,
1780 2385 1815 2418 3·
1828 2379 1830 2381 ’

303 2482 342 2509 11
371 2472 544 2519 aplaudit
562 2473 587 2509 S
733 2484 774 2510 12
800 2473 1018 2521 autoritatis
1036 2473 1063 2509 C

348 2575 370 2607 4
397 2567 476 2609 Ipse
492 2566 584 2601 eta:
612 2564 744 2602 Ezech.
762 2564 841 2600 xiii.
863 2575 916 2600 10.
1039 2575 1081 2606 14
1105 2575 1289 2599 sacrm-um
1305 2575 1501 2599 canonum:
1529 2563 1591 2599 Ivo
1609 2561 1759 2599 Carnot.
1833 2560 1839 2571 ³

301 2612 403 2648 Decr.
416 2611 464 2647 vi.
478 2613 563 2654 267:
591 2611 696 2647 Grat.
708 2614 811 2648 Decr.
828 2612 855 2646 Ι.
871 2611 958 2648 xlvi.
972 2623 1004 2648 c.
1017 2622 1036 2657 3
1052 2611 1123 2656 (ed.
1136 2610 1349 2656 Friedberg,
1366 2610 1395 2645 I.
1412 2611 1493 2654 168)
1508 2612 1517 2646 (
1522 2622 1542 2646 e
1556 2610 1762 2646 canonibus

301 2658 454 2694 concilii
472 2658 793 2705 Carthaginiensis
810 2659 878 2695 sub
897 2657 1083 2705 Cypriano
1101 2667 1140 2693 Α.
1154 2668 1193 2693 D.
1209 2666 1277 2703 254
1296 2656 1446 2701 habiti).
1541 2666 1584 2700 27
1611 2659 1761 2693 illuuio:

300 2705 534 2742 Vocabulum
545 2706 617 2742 hoc
630 2706 642 2751 (
650 2707 863 2750 =illuuies),
880 2706 979 2751 quod
992 2717 1116 2750 neque
1131 2705 1232 2751 apud
1244 2704 1399 2740 Forcell.
1413 2704 1470 2740 ed.
1483 2703 1538 2740 De
1551 2703 1625 2740 Vit.
1638 2714 1761 2749 neque
1804 2728 1807 2731 v

301 2764 360 2799 ap.
379 2752 437 2788 Du
455 2752 582 2799 Gange
599 2753 779 2799 invenies,
798 2755 921 2791 exstat
945 2752 986 2789 in
1003 2752 1173 2790 versione
1191 2751 1438 2799 Chalcidiana
1453 2751 1550 2787 Plat.
1575 2752 1666 2787 Tim.
1685 2761 1726 2798 25
1741 2762 1761 2787 c
1838 2761 1850 2784 κ

300 2811 370 2847 pro
386 2801 635 2846 κατακλυσμός.

412 2870 477 2914 184
