1878 3172
23 125 29 143 ἴ
86 168 189 203 oar.
200 155 274 218 VI]
600 156 1000 202 POLICRATICV
1001 155 1035 200 S

87 276 389 320 testimonium
408 275 620 318 reddebat
637 275 783 325 michi,
802 289 854 318 eo
880 274 998 331 quod
1026 271 1278 318 liberassem
1302 289 1541 332 pauperem

86 344 403 389 uociferantem
422 346 469 386 et
487 344 705 401 pupillum
723 343 794 387 cui
814 358 904 386 non
923 347 1019 387 erat
1042 344 1230 388 adiutor.
1287 343 1542 386 Benedictio

71 413 275 471 perituri
304 427 437 469 super
464 426 534 455 me
562 411 781 462 ueniebat,
800 415 847 455 et
871 426 947 455 cor
971 412 1133 455 uiduae
1158 412 1406 455 consolatus
1431 426 1541 454 sum.

88 482 270 525 Iustitia
306 481 490 524 indutus
522 495 633 532 sum,
663 483 710 524 et
741 481 906 523 uestiui
938 495 1020 531 me,
1053 481 1168 523 sicut
1201 481 1467 524 uestimento
1497 483 1544 523 et

51 569 71 603 5
88 550 348 603 diademate,
379 550 542 593 iudicio
574 564 682 593 meo.
755 549 920 592 Oculus
953 549 1021 592 fui
1054 563 1153 592 ceco
1187 553 1233 592 et
1265 564 1343 606 pes
1375 549 1543 592 claudo.

89 618 222 662 Pater
241 633 361 662 eram
380 622 636 675 pauperum,
655 621 701 661 et
719 632 908 669 causam,
929 632 1062 674 quam
1081 618 1337 667 nesciebam,
1356 618 1542 674 diligen-

89 687 258 730 tissime
277 687 611 745 inuestigabam.
668 686 958 730 Conterebam
978 686 1116 729 molas
1135 685 1288 742 iniqui,
1300 690 1346 728 et
1363 686 1418 728 de
1437 686 1543 729 den-

90 755 212 798 tibus
241 756 362 799 illius
395 755 648 799 auferebam
681 755 902 812 praedam.
958 755 1276 811 Dicebamque:
1306 755 1361 797 In
1389 755 1542 798 nidulo

91 838 189 866 meo
209 825 383 875 moriar,
403 827 448 867 et
466 825 581 867 sicut
606 824 754 880 palma
779 824 1080 880 multiplicabo
1108 824 1214 866 dies.
1273 823 1420 866 Radix
1444 837 1543 866 mea

33 910 74 934 10
90 896 245 949 aperta
263 896 332 936 est
359 907 483 937 secus
509 908 657 950 aquas,
676 896 723 936 et
748 908 819 935 ros
838 893 1083 935 morabitur
1106 894 1154 935 in
1182 893 1395 935 messione
1421 906 1543 944 mea3

90 960 233 1018 gloria
264 975 363 1004 mea
392 976 563 1018 semper
600 962 895 1011 innouabitur‚
926 964 973 1004 et
1005 976 1132 1004 ancus
1162 975 1286 1003 meus
1322 961 1370 1003 in
1408 975 1543 1002 manu

90 1043 190 1072 mea
207 1029 541 1073 instaurabitur.
589 1030 677 1082 Qui
695 1045 766 1072 me
785 1030 1035 1079 audiebant,
1055 1029 1319 1072 sententiam
1338 1032 1543 1085 expecta-

90 1098 212 1148 bant,
231 1101 278 1141 et
296 1099 458 1141 intenti
477 1099 685 1142 tacebant
710 1099 766 1141 ad
790 1099 1019 1142 consilium
1044 1113 1201 1141 meum.
1260 1099 1417 1141 Verbis
1436 1098 1545 1141 meis

91 1167 253 1210 addere
285 1167 423 1210 nichil
453 1168 687 1218 audebant,
718 1170 764 1210 et
798 1182 931 1224 super
960 1167 1059 1210 illos
1092 1167 1290 1210 stillabat
1322 1167 1544 1223 eloquium

11 1255 72 1288 15
93 1250 253 1280 meum.
310 1235 360 1278 Si
390 1236 565 1292 quando
593 1236 790 1278 ridebam
818 1236 876 1278 ad
904 1250 988 1286 eos,
1007 1250 1097 1278 non
1124 1235 1371 1285 credebant,
1390 1239 1436 1278 et
1464 1235 1545 1278 lux

7 1319 15 1324 ·
90 1304 243 1347 uultus
271 1303 358 1346 mei
386 1318 475 1346 non
504 1304 729 1347 cadebat
716 1319 763 1346 m
792 1308 968 1347 terram.
1042 1304 1091 1347 Si
1128 1303 1364 1346 noluissem
1392 1303 1458 1346 ire
1486 1304 1544 1346 ad

0 1311 3 1424 Ι
91 1386 176 1423 eos,
194 1371 399 1415 sedebam
434 1372 632 1429 primus;
671 1387 856 1429 cumque
875 1372 1069 1415 sederem
1093 1373 1219 1428 quasi
1243 1386 1323 1415 rex
1347 1372 1544 1415 exercitu

0 1432 2 1551 !
89 1441 410 1491 circumstante,
449 1456 568 1484 eram
607 1444 756 1484 tamen
801 1441 1063 1484 merentium
1101 1442 1357 1485 consolator.
1434 1441 1543 1484 Ecce

1557 158 1687 207 5501)

1558 773 1583 801 C

92 1509 339 1587 regnandi
326 1524 374 1551 1n
393 1509 491 1552 uiro
510 1509 628 1553 iusto
643 1525 699 1552 ex
718 1525 879 1567 magna
898 1513 1023 1567 parte
1039 1524 1245 1566 expressa
1259 1512 1326 1552 est
1340 1508 1542 1559 formula,
1557 1512 1587 1551 d

0 1571 2 1632 ξ
32 1595 78 1619 20
93 1593 227 1635 quam
254 1578 294 1621 si
318 1593 398 1635 per
426 1578 601 1635 singula
630 1579 788 1635 exequi
821 1579 1101 1629 uoluerimus,
1130 1579 1293 1636 integri
1321 1578 1424 1620 libri
1451 1592 1543 1620 ma-

0 1667 15 1708 j
91 1647 371 1704 gnitudinem
390 1647 655 1690 insertarum
681 1648 901 1691 uirtutum
925 1648 1058 1690 series
1083 1647 1155 1690 uel
1182 1648 1275 1690 sola
1297 1647 1544 1703 complebit.

0 1715 2 1744 ἶ
92 1715 293 1773 Diligens
311 1716 448 1759 lector
467 1717 642 1773 singula
661 1717 797 1759 uerba
816 1717 1033 1767 discutiet,
1054 1717 1158 1773 quia
1183 1717 1231 1759 in
1254 1716 1324 1759 his
1342 1716 1546 1759 omnibus

92 1798 173 1827 nec
201 1784 293 1827 iota
319 1798 400 1827 nec
428 1798 543 1840 apex
572 1799 600 1826 a
627 1785 824 1827 misterio
852 1785 1008 1827 salutis
1027 1788 1167 1827 uacat.
1227 1785 1371 1827 Pauca
1396 1787 1545 1826 tamen

95 1866 207 1908 quae
235 1851 284 1894 in
312 1852 409 1908 ipm
437 1853 663 1908 superficie
692 1853 927 1895 uerborum
962 1853 1167 1903 eminent,
1194 1856 1362 1908 quanta
1394 1856 1546 1908 potero

35 1936 78 1970 ²5
95 1920 314 1962 breuitate
351 1920 657 1976 perstringam.
735 1920 931 1971 Quando,
970 1921 1127 1976 inquit,
1165 1921 1370 1962 lauabam
1415 1919 1546 1976 pedes

93 2002 215 2031 meos
244 1987 393 2030 butiro
428 1989 473 2030 et
506 1991 633 2043 petra
664 1987 880 2030 fundebat
913 1988 1046 2030 11110111
1076 1988 1195 2030 riuos
1226 1988 1333 2040 olei;
1371 2002 1470 2030 cum
1498 1988 1547 2029 in

92 2059 250 2114 parata
263 2055 472 2098 cathedra
486 2055 719 2098 residerem
738 2056 786 2097 in
805 2055 962 2111 platea,
974 2055 1353 2097 abscondebantur
1366 2056 1547 2098 iuuenes

94 2127 140 2168 et
158 2123 292 2166 michi
311 2137 438 2165 senes
457 2123 673 2165 astabant.
733 2123 890 2165 Innuit
909 2138 1013 2180 ergo
1033 2123 1137 2179 quia
1155 2137 1302 2164 rerum
1322 2123 1547 2165 affluentia

94 2191 424 2250 gratiarumque
443 2205 679 2233 concursus
699 2192 739 2233 ei
760 2191 1039 2247 prudentiam
1060 2205 1148 2232 non
1169 2191 1450 2241 excusserint,
1470 2191 1547 2234 sed

37 2276 80 2309 30
95 2261 144 2303 in
162 2259 233 2302 his
246 2259 449 2302 omnibus
465 2274 520 2302 ex
534 2259 798 2302 conscientia
812 2263 857 2301 et
871 2259 1122 2301 testimonio
1137 2259 1349 2300 bonorum
1365 2273 1546 2314 operum

96 2327 335 2371 auctoritas
365 2327 619 2370 inconcussa
653 2327 907 2383 permansit.
981 2326 1302 2383 Egrediebatur
1332 2326 1449 2368 enim
1487 2328 1545 2369 ad

94 2399 269 2453 portam
289 2396 365 2452 qui
385 2396 565 2438 latebris
585 2410 673 2438 non
695 2396 862 2452 egebat,
883 2398 928 2437 et
948 2395 1023 2451 qui
1044 2394 1225 2437 docendi
1245 2399 1545 2451 promeruerat

95 2464 254 2514 sedem,
286 2478 439 2507 senum
473 2463 753 2520 prudentiam
791 2463 987 2520 erigebat
1023 2463 1206 2505 leuitate
1244 2463 1427 2505 iuuenili
1466 2464 1542 2506 ab-

96 2532 307 2576 scondita.
385 2532 628 2576 Cessabant
675 2531 795 2587 loqui
843 2531 1072 2587 principes,
1111 2534 1156 2573 et
1193 2531 1346 2587 lingua
1383 2531 1543 2574 ducum

39 2620 78 2654 ³5
96 2600 269 2656 gutturi
289 2600 538 2650 adherebat,
558 2614 646 2642 non
666 2599 877 2642 audentes
902 2599 1089 2656 grandia
1108 2599 1239 2655 loqui,
1259 2603 1305 2641 et
1323 2599 1545 2655 imponere

98 2692 143 2727 23
167 2683 345 2728 mysterio
363 2683 403 2718 M
544 2683 589 2719 26
611 2682 746 2728 butyro
764 2681 804 2716 M
944 2692 990 2727 30
1014 2679 1087 2716 hiis
1103 2680 1128 2716 S

144 2757 189 2791 23
214 2749 364 2801 necjota
380 2759 443 2783 nec
458 2759 552 2792 apex
566 2757 575 2782 τ
600 2757 632 2781 v.
650 2745 761 2800 Matt.
778 2756 809 2780 ν.
825 2745 877 2780 18.
1020 2753 1063 2789 25
1092 2746 1429 2798 Ουαηᾱουζᾳιιαόαηι
1444 2746 1515 2781 etc.
1532 2756 1542 2780 ε

98 2805 131 2829 v.
148 2792 214 2829 Iob
230 2804 329 2829 mx.
344 2795 368 2830 6
385 2804 488 2839 seqq.
631 2800 673 2838 35
700 2802 882 2837 tmponere
898 2792 991 2827 etc.:
1016 2802 1048 2827 v.
1065 2790 1175 2827 Matt.
1193 2801 1297 2828 xxm.
1313 2801 1347 2836 4.

1375 2854 1435 2887 301

1558 2481 1676 2521 5512.
