1878 3172
86 166 186 201 on.
201 153 283 216 xv]
591 155 992 202 POLICRA'I'ICV
994 156 1027 201 S

84 277 223 319 uexat
250 277 458 335 angustia
482 279 564 320 aut
587 276 900 320 immoderatae
926 276 1146 334 cupidinis
1173 276 1306 319 ardor
1333 275 1543 327 accendit,

83 358 175 388 non
207 347 493 402 praetereunt
525 345 783 403 passionem.

142 413 422 466 Phantasma,
433 429 534 458 cum
552 429 700 458 rerum
718 416 897 473 ignotae
915 415 1125 458 uidentur
1138 414 1313 472 speeies,
1327 414 1542 471 qualitate

83 481 158 525 uel
181 483 431 539 quantitate
449 486 530 526 aut
555 484 750 541 partium
769 484 899 527 modo
918 483 990 526 uel
1010 498 1193 526 numero
1220 497 1248 526 a
1274 486 1435 526 natura
1454 483 1541 525 dis-

30 559 66 604 ‘5
84 554 323 608 crepantes,
338 555 391 595 ut
410 553 448 595 si
468 552 584 596 forte

773 621 852 675 nec
881 642 958 685 pes
986 642 1066 670 nec
1094 629 1228 684 caput
1255 626 1335 669 uni

312 684 525 728 reddatur
552 684 778 745 formae-'-

764 746 931 786 tetrum

311 811 476 854 desinit
504 812 551 853 in
579 811 742 868 piscem
771 811 931 854 mulier
958 810 1152 854 formosa
1179 824 1379 867 superne.

25 910 69 935 10
84 892 180 937 Has
209 894 386 951 quidem
412 895 575 952 species
598 910 655 938 ex
683 896 942 938 infirmitate
966 895 1128 938 mentis
1157 898 1203 938 et
1231 895 1424 952 corporis
1449 898 1539 939 tra·

83 962 197 1006 dunt
229 963 386 1020 phisici
419 965 662 1020 prouenire‚
683 979 920 1021 earumque
949 979 1102 1008 causas
1131 964 1272 1021 magis
1301 964 1541 1009 attendunt

83 1045 215 1088 quam
254 1047 311 1075 ex
350 1033 413 1076 eis
451 1033 622 1089 aliquas
661 1033 1013 1090 significationes.
1090 1033 1146 1075 In
1181 1047 1268 1089 quo
1301 1048 1460 1090 genere
1495 1037 1541 1076 et

82 1100 331 1157 ephialtem,
360 1116 447 1158 quo
482 1102 580 1158 quis
614 1103 751 1145 uariis
780 1102 995 1159 pressuris
1027 1101 1217 1158 quodam
1249 1102 1374 1158 quasi
1403 1102 1539 1145 inter-

80 1150 236 1227 uifflio
274 1170 351 1213 sed
389 1164 572 1227 sompno
612 1172 759 1228 potius
798 1171 997 1227 inquieto
1039 1171 1225 1228 opinans
1264 1186 1310 1214 se
1352 1171 1540 1229 uigilare

25 1251 65 1286 15
81 1251 181 1280 cum
210 1238 411 1289 dormiat,
437 1242 624 1296 putatur
652 1239 709 1282 ab
736 1239 885 1296 aliquo
914 1239 1092 1282 interim
1121 1241 1416 1296 praegrauari‚
1439 1255 1539 1283 con—

81 1306 401 1350 numerandum
419 1308 706 1352 arbitrantur.
766 1308 888 1361 Quae
909 1307 1085 1364 quidem
1105 1308 1252 1351 omnia
1271 1309 1539 1352 medicorum

80 1375 229 1431 potius
251 1375 453 1433 indigent
478 1391 583 1419 cura
606 1391 738 1433 quam
762 1376 1052 1419 uentilatione
1078 1380 1252 1429 nostra;
1280 1378 1539 1434 praesertim

81 1457 182 1486 eum
219 1444 356 1488 nichil
390 1445 438 1487 in
473 1445 536 1488 eis
570 1459 726 1488 uerum
758 1448 980 1502 appareat,
1007 1445 1094 1487 nisi
1130 1445 1246 1502 quod
1284 1446 1539 1490 uerissimae

81 1515 188 1555 sunt
216 1515 262 1556 et
290 1513 619 1557 molestissimae
647 1515 882 1571 passiones.

23 1596 66 1620 πο
139 1580 369 1624 Somnium
400 1596 507 1626 uero
537 1583 661 1626 cuius
691 1584 929 1640 appellatio
968 1583 1210 1626 communis
1237 1586 1315 1633 est,
1348 1583 1452 1627 licet
1490 1585 1538 1626 in

81 1650 222 1706 specie
241 1651 419 1708 propria
432 1654 672 1702 censeatur,
684 1667 763 1709 per
778 1652 992 1708 quaedam
1011 1653 1240 1695 inuolucra
1260 1667 1407 1695 rerum
1421 1654 1538 1710 gerit

80 1717 305 1776 imagines,
324 1720 373 1761 in
392 1719 551 1776 quibus
570 1721 864 1763 coniectorum
887 1721 1119 1777 praecipue
1139 1721 1370 1777 disciplina
1388 1736 1536 1765 uersa·

80 1789 168 1838 tur,
193 1790 239 1830 et
266 1802 383 1831 nunc
409 1803 538 1831 suum
564 1789 774 1845 cuiusque
801 1793 878 1839 est,
899 1804 1015 1832 nunc
1042 1790 1247 1841 alienum,
1266 1791 1395 1833 modo
1421 1805 1535 1834 com-

82 1869 226 1906 mune,
254 1856 477 1899 interdum
506 1857 730 1913 publicum
764 1860 843 1899 aut
875 1858 1079 1914 generale
1111 1861 1189 1902 est.
1247 1858 1303 1900 In
1332 1859 1402 1902 his
1430 1874 1537 1903 uero

24 1938 65 1972 25
83 1923 286 1966 omnibus
301 1925 491 1980 qualitas
508 1939 794 1981 personarum
809 1941 955 1968 rerum
971 1929 1016 1969 et
1029 1930 1277 1983 temporum
1292 1928 1535 1984 diligentis·

82 1992 191 2035 sime
206 1992 476 2036 obseruatur.
518 1993 581 2035 Vt
601 1994 717 2035 enim
737 1994 802 2036 ait
821 1994 995 2044 Nestor,
1010 1995 1064 2037 de
1085 1998 1206 2037 statu
1225 1996 1400 2051 publico
1420 1997 1536 2053 regis

82 2060 286 2103 credatur
321 2062 489 2104 somnio
526 2064 606 2104 aut
645 2062 738 2104 eius
769 2062 844 2118 qui
879 2063 1188 2118 magistratum
1219 2065 1346 2120 gerit,
1380 2065 1452 2106 uel
1486 2079 1535 2106 re

82 2129 258 2185 quidem
287 2130 359 2172 uel
389 2130 452 2172 rei
481 2130 627 2172 uicina
661 2130 1071 2186 praedestinatione.
1143 2132 1237 2173 Aut
1268 2132 1305 2174 si
1335 2133 1535 2188 publicae

80 2197 287 2240 fortunae
306 2198 480 2255 signum
496 2201 718 2241 ostensum
734 2201 800 2241 est
818 2199 981 2248 multis,
994 2201 1046 2241 ut
1065 2199 1112 2240 in
1132 2214 1182 2241 eo
1198 2201 1314 2255 quod
1334 2201 1534 2256 pluribus

21 2279 64 2311 30
81 2266 290 2309 Romanis
319 2267 489 2310 ciuibus
518 2267 755 2310 secundum
786 2268 996 2323 quosdam
1024 2267 1181 2310 Sibilla
1209 2269 1448 2325 interprete
1478 2270 1533 2313 de

79 2335 292 2391 mysterio
310 2335 626 2378 incarnationis
646 2336 889 2378 reuelatum
909 2336 1127 2380 scribitur.
1167 2336 1226 2379 Et
1245 2338 1421 2393 quidem
1441 2353 1531 2381 non

78 2403 208 2446 modo
227 2404 554 2454 incarnationis,
574 2404 650 2446 sed
669 2404 894 2460 passionis,
914 2405 1177 2447 ascensionis
1196 2408 1296 2462 post
1315 2421 1531 2451 resurrec-

78 2471 256 2522 tionem,
295 2472 513 2514 aduentus
560 2487 731 2529 quoque
772 2473 949 2514 secundi
999 2473 1226 2529 interpres,
1266 2474 1447 2517 docente
1487 2480 1532 2519 et

78 2574 101 2619 3
125 2574 327 2611 Fantasma
343 2574 505 2611 CABMS
677 2575 701 2610 6
726 2574 849 2618 capud
865 2574 898 2608 A
1075 2585 1117 2619 14
1140 2586 1270 2611 somno
1288 2575 1312 2611 S
1486 2588 1532 2613 20

78 2621 301 2667 Sompnium
316 2621 389 2656 AM
531 2632 576 2657 22
599 2620 796 2667 ymagines
813 2621 852 2655 M
993 2631 1036 2667 23
1062 2622 1186 2668 modo]
1206 2635 1309 2659 nunc
1326 2623 1367 2658 M

126 2725 150 2759 6
173 2735 305 2769 napea
316 2727 388 2761 etc.
404 2737 413 2760 ε
441 2725 529 2761 Hor.
548 2726 592 2759 A„
606 2725 646 2758 P.
660 2725 690 2765 8,
704 2734 746 2768 9;
764 2734 797 2768 3,
810 2734 841 2767 4.
973 2734 1015 2769 13
1040 2725 1245 2770 ephialtem:
1266 2739 1299 2761 v.
1314 2726 1477 2762 Macrob.
1490 2730 1532 2763 de

79 2771 198 2806 Somn.
208 2772 301 2816 Scip.
311 2770 336 2806 i.
348 2782 368 2816 3
385 2771 402 2818 §
416 2781 448 2816 7.
546 2773 590 2807 26
614 2772 742 2806 Nestor
752 2772 822 2806 etc.
837 2783 845 2805 :
868 2783 899 2806 v.
918 2770 1081 2807 Macrob.
1095 2773 1138 2807 de
1150 2774 1269 2809 Somn.
1281 2775 1376 2819 Scip.
1389 2773 1413 2808 i.
1429 2784 1450 2819 3
1464 2773 1482 2820 ξ
1496 2783 1528 2820 5.

136 2849 216 2867 m„
784 2839 812 2865 N
1377 2838 1418 2879 89

1560 161 1695 208 4291,

1556 1116 1582 1144 C

1553 1924 1582 1962 d
