1878 3172
115 161 196 202 ⁵30
215 152 244 190 b
581 149 841 194 10ANN1s
882 149 1395 194 SARESBERIENSIS
1546 148 1656 211 [m.
1671 156 1723 196 ιν
1798 126 1809 149 ²
1870 115 1871 118 ¹

215 274 244 313 b
262 269 299 313 si
319 269 482 312 habeat
500 269 747 327 lippientes,
762 284 836 313 eos
855 270 984 314 malit
1003 270 1190 314 effodere
1205 285 1338 328 quam
1357 285 1523 316 curare.
1561 271 1724 316 Aiebat
1800 261 1815 271 ¹

261 341 307 382 et
325 353 508 396 ungues,
528 339 566 382 si
590 340 778 383 acriores
805 339 986 392 fuerint,
1006 340 1262 384 resecandos
1289 355 1395 393 esse,
1415 355 1504 384 non
1530 341 1722 384 auellen-

259 408 351 451 dos.
411 408 461 451 Si
487 409 606 451 enim
634 409 886 453 citharedus
912 410 1076 466 aliique
1101 409 1299 453 fidicines
1325 409 1468 453 multa
1491 409 1724 468 diligentia

259 481 511 535 procurant,
536 479 753 535 quomodo
781 479 1028 522 oberrantis
1057 479 1214 522 cordae
1242 481 1521 537 compescant
1548 479 1723 532 uitium,

260 550 306 590 et
326 548 509 590 eandem
530 548 629 591 aliis
648 549 902 591 unanimem
923 548 1123 600 reddant,
1143 548 1398 606 faciantque
1423 548 1722 592 dulcissimam
1741 565 1761 600 5
1822 569 1825 572 Δ

259 616 569 660 dissidentium
608 618 952 669 consonantiam,
986 618 1130 661 cordis
1166 632 1257 661 non
1295 617 1441 674 ruptis
1475 618 1552 661 sed
1585 618 1724 662 tensis
1826 623 1827 630 ’

259 686 650 743 proportionaliter
677 687 749 730 uel
776 687 993 740 remissis;
1027 689 1195 744 quanta
1224 686 1520 731 sollicitudine
1549 690 1725 745 oportet

259 756 504 813 principem
533 756 751 799 moderari
780 772 898 800 nunc
927 757 1073 815 rigore
1101 757 1312 810 iustitiae,
1330 771 1450 800 nunc
1469 757 1725 801 remissione

259 825 530 877 clementiae,
549 828 602 869 ut
625 827 825 870 subditos
845 826 982 870 faciat
1003 827 1130 884 quasi
1155 827 1386 870 unanimes
1406 841 1499 870 esse
1525 826 1574 869 in
1593 826 1724 871 domo
1830 866 1851 882 „

260 897 306 938 et
346 895 472 951 quasi
511 895 859 938 discordantium
897 895 945 938 in
983 895 1229 939 ministerio
1267 895 1388 953 pacis
1432 898 1479 939 et
1523 895 1723 939 caritatis
1741 909 1783 936 10
1831 906 1837 926 ἑ
1876 893 1877 896 ’

259 963 466 1020 operibus
494 979 630 1007 unam
659 963 797 1007 faciat
825 964 1068 1022 perfectam
1098 967 1144 1007 et
1172 964 1413 1007 maximam
1448 964 1723 1008 armoniam?

260 1033 358 1076 Hoc
397 1035 547 1076 autem
586 1036 755 1077 certum
794 1037 873 1084 est,
913 1034 1018 1091 quia
1055 1033 1200 1077 tutius
1249 1036 1317 1077 est
1354 1033 1509 1077 cordas
1554 1034 1724 1077 remitti

258 1101 477 1145 intensius
516 1117 649 1159 quam
687 1103 905 1160 protendi.
968 1103 1268 1146 Remissarum
1307 1117 1497 1160 namque
1534 1103 1723 1147 intensio

259 1171 443 1214 artificis
462 1172 624 1228 peritia
642 1172 909 1215 conualescit
935 1175 980 1216 et
1004 1173 1198 1215 debitam
1223 1172 1319 1215 soni
1339 1172 1486 1216 reddit
1504 1172 1723 1230 gratiam3

218 1254 244 1284 c
260 1241 336 1284 sed
366 1255 479 1298 quae
508 1242 642 1285 semel
671 1245 806 1299 rupta
834 1246 913 1295 est,
942 1243 1065 1286 nullo
1095 1242 1282 1285 artificio
1311 1245 1555 1299 reparatur.
1617 1241 1720 1286 Pro·
1740 1257 1779 1292 15

258 1310 387 1362 fecto,
407 1311 445 1354 si
466 1326 599 1354 sonus
619 1311 815 1368 exigitur
834 1327 965 1369 quem
984 1327 1074 1355 non
1092 1312 1271 1364 habent,
1287 1311 1457 1355 frustra
1475 1311 1723 1355 tenduntur

258 1382 304 1422 et
324 1395 452 1437 saepe
479 1380 611 1424 citius
639 1381 821 1424 uenitur
846 1381 903 1424 ad
928 1381 1101 1424 nullum
1127 1396 1260 1438 quam
1287 1381 1344 1423 ad
1368 1395 1469 1424 eum
1493 1381 1570 1438 qui
1589 1380 1722 1424 nimis
1790 1428 1801 1434 Γ
1870 1421 1874 1430 ,

257 1449 465 1506 exigitur.
524 1449 605 1492 Ait
624 1450 821 1493 ethicus:
1872 1438 1878 1448 Α

374 1522 455 1566 Est
483 1524 610 1580 piger
638 1524 695 1566 ad
725 1538 860 1581 penas
889 1524 1103 1581 princeps,
1133 1524 1191 1567 ad
1219 1524 1417 1581 praemia
1444 1524 1589 1575 uelox,
1827 1554 1831 1566 ,

430 1582 594 1638 quique
623 1582 754 1634 dolet,
783 1582 985 1639 quotiens
1014 1582 1188 1639 cogitur
1217 1597 1309 1625 esse
1338 1581 1478 1626 ferox.
1739 1589 1782 1619 τό
1823 1599 1833 1644 ².

256 1661 461 1704 Alterum
490 1676 681 1718 namque
710 1662 920 1715 iustitiae,
943 1662 1132 1705 alterum
1162 1662 1342 1719 pietatis
1371 1665 1449 1713 est,
1469 1677 1582 1719 quae
1611 1662 1721 1705 adeo

257 1730 446 1787 principi
479 1731 748 1773 necessariae
782 1734 898 1782 sunt,
918 1734 971 1774 ut
999 1731 1199 1788 quisquis
1230 1731 1324 1774 sine
1354 1731 1442 1774 illis
1470 1746 1560 1774 non
1589 1731 1720 1775 modo

256 1799 555 1855 principatum
585 1799 661 1842 sed
693 1800 934 1856 quemlibet
962 1800 1275 1857 magistratum
1303 1800 1523 1852 uendicat,
1552 1799 1722 1843 frustra

257 1882 304 1911 se
343 1868 489 1925 ipsum
523 1868 719 1921 irrideat,
749 1869 826 1912 sed
866 1871 912 1911 et
950 1868 1137 1912 aliorum
1177 1869 1226 1911 in
1257 1884 1303 1912 se
1336 1871 1548 1926 prouocat
1581 1869 1720 1912 risum
1842 1911 1845 1922 ,

203 1925 207 1930 ’
255 1940 559 1994 contemptum
598 1940 644 1980 et
682 1937 843 1980 odium.
915 1937 1227 1990 Misericordia,
1262 1938 1421 1995 inquit,
1465 1941 1511 1981 et
1553 1937 1719 1981 ueritas
1737 1943 1778 1985 ²5
1828 1983 1829 1986 ,
1867 1933 1878 1950 ⁴

255 2021 346 2049 non
380 2009 426 2050 te
458 2006 672 2060 deserant,
707 2007 930 2050 circumda
962 2021 1035 2049 eas
1066 2007 1241 2064 gutturi
1272 2009 1351 2050 tuo
1393 2010 1439 2050 et
1471 2007 1612 2051 scribe
1646 2022 1719 2051 eas
1863 1996 1867 2003 ’

256 2075 305 2117 111
339 2075 504 2118 tabulis
538 2076 682 2119 cordis
713 2076 794 2125 tui,
824 2078 870 2118 et
901 2075 1100 2118 inuenies
1133 2076 1326 2133 gratiam
1360 2078 1406 2119 et
1441 2076 1720 2134 disciplinam

256 2144 417 2187 bonam
437 2158 584 2188 coram
613 2145 708 2188 Deo
738 2147 784 2188 et
812 2145 1076 2188 hominibus.
1138 2145 1294 2188 Gratia
1319 2159 1510 2202 namque
1534 2147 1720 2190 debetur

209 2210 239 2251 d
257 2214 591 2267 misericordiae,
622 2214 820 2257 iustitiae
850 2214 1093 2271 disciplina.
1152 2214 1318 2270 Vtique
1346 2214 1494 2271 gratia
1521 2218 1567 2258 et
1596 2229 1720 2259 amor

255 2282 564 2333 subiectorum,
585 2298 718 2340 quam
744 2283 899 2325 diuina
917 2282 1122 2340 producit
1139 2282 1297 2340 gratia,
1317 2283 1534 2340 optimum
1553 2283 1718 2327 instru-
1735 2291 1778 2325 30

254 2354 455 2395 mentum
505 2355 572 2395 est
620 2352 818 2395 omnium
860 2352 1166 2409 gerendorum.
1237 2351 1325 2395 Sed
1369 2355 1415 2396 et
1457 2367 1581 2396 amor
1624 2353 1719 2396 sine

255 2420 488 2477 disciplina
530 2436 619 2464 non
665 2421 851 2478 proficit,
895 2421 1000 2477 quia
1048 2424 1245 2464 cessante
1293 2421 1491 2464 iustitiae
1539 2421 1720 2465 stimulo
1771 2414 1782 2424 ⁹

254 2489 444 2545 populus
487 2504 533 2532 se
576 2490 623 2532 in
663 2490 820 2533 illicita
862 2490 1056 2533 resoluit.
1130 2489 1375 2533 Meditatur
1413 2504 1517 2547 ergo
1555 2490 1720 2548 iugiter

254 2557 692 2622 :Tei—mredus—-S——5
720 2576 879 2613 reddant
894 2575 1112 2612 unanimem
1127 2575 1174 2611 A¹
1316 2585 1339 2622 9
1363 2573 1458 2612 facit
1474 2574 1522 2610 A¹

304 2653 326 2688 9
350 2646 542 2680 unanimes
565 2648 606 2681 in
631 2648 756 2682 domo:
781 2645 839 2681 Pa.
859 2644 962 2682 lxvii.
983 2654 1003 2690 7
1021 2657 1091 2681 sec.
1110 2644 1320 2682 versionem
1337 2644 1536 2690 antiquam
1557 2643 1599 2679 in
1621 2643 1719 2681 Psal-

255 2690 352 2727 terio
371 2690 539 2728 Romano
557 2694 746 2729 seruatam
761 2705 770 2734 ;
795 2705 825 2728 v.
844 2691 1018 2729 Sabatier
1033 2694 1126 2728 Bibl.
1146 2694 1247 2729 Sacr.
1263 2694 1346 2728 Lat.
1372 2693 1468 2727 Vers.
1482 2693 1568 2727 Ant.
1583 2691 1624 2728 ii.
1638 2700 1716 2737 131.

260 2747 303 2782 ¹9
327 2739 394 2773 Est
404 2739 513 2791 piyer
527 2741 620 2776 etc.:
648 2740 712 2776 Ov.
730 2741 834 2775 Pont.
851 2739 875 2775 i.
895 2750 928 2775 2.
952 2750 1030 2785 123,
1051 2750 1128 2784 124.
1288 2747 1330 2792 25
1357 2740 1607 2776 Misericordia
1623 2740 1715 2776 etc.:

228 2793 230 2796 ’
254 2783 360 2821 Prov.
377 2783 432 2819 111.
452 2795 485 2830 3,
503 2795 538 2830 4.
680 2797 726 2833 33
750 2788 951 2823 Meditatur
966 2788 1062 2824 etc.:
1087 2799 1120 2824 v.
1138 2786 1196 2822 Pe.
1216 2797 1340 2823 xxm.
1359 2797 1417 2832 30.

364 2856 431 2898 264
