<?xml version="1.0" encoding="UTF-8"?>
<!DOCTYPE html PUBLIC "-//W3C//DTD XHTML 1.0 Transitional//EN"
    "http://www.w3.org/TR/xhtml1/DTD/xhtml1-transitional.dtd">
<html xmlns="http://www.w3.org/1999/xhtml" xml:lang="en" lang="en">
 <head>
  <title>
</title>
<meta http-equiv="Content-Type" content="text/html;charset=utf-8" />
  <meta name='ocr-system' content='tesseract 3.04.00' />
  <meta name='ocr-capabilities' content='ocr_page ocr_carea ocr_par ocr_line ocrx_word'/>
</head>
<body>
  <div class='ocr_page' id='page_1' title='image "./ioannissaresberi01johnuoft_0270.png"; bbox 0 0 1878 3172; ppageno 0'>
   <div class='ocr_carea' id='block_1_1' title="bbox 190 168 321 217">
    <p class='ocr_par' dir='ltr' id='par_1_1' title="bbox 190 168 321 217">
     <span class='ocr_line' id='line_1_1' title="bbox 190 168 321 217; baseline 0.008 -10"><span class='ocrx_word' id='word_1_1' title='bbox 190 176 273 217; x_wconf 82' lang='lat'><strong>502</strong></span> <span class='ocrx_word' id='word_1_2' title='bbox 291 168 321 208; x_wconf 86' lang='lat' dir='ltr'><strong>b</strong></span> 
     </span>
    </p>
   </div>
   <div class='ocr_carea' id='block_1_2' title="bbox 665 162 1804 225">
    <p class='ocr_par' dir='ltr' id='par_1_2' title="bbox 665 162 1804 225">
     <span class='ocr_line' id='line_1_2' title="bbox 665 162 1804 225; baseline 0.003 -18"><span class='ocrx_word' id='word_1_3' title='bbox 665 164 924 208; x_wconf 88' lang='lat' dir='ltr'>IOANNIS</span> <span class='ocrx_word' id='word_1_4' title='bbox 964 163 1475 208; x_wconf 86' lang='lat' dir='ltr'>SARESBERIENSIS</span> <span class='ocrx_word' id='word_1_5' title='bbox 1610 162 1720 225; x_wconf 71' lang='grc' dir='ltr'><strong>[ΗΒ.</strong></span> <span class='ocrx_word' id='word_1_6' title='bbox 1737 177 1804 210; x_wconf 84' lang='lat'>111·</span> 
     </span>
    </p>
   </div>
   <div class='ocr_carea' id='block_1_3' title="bbox 296 284 1802 1380">
    <p class='ocr_par' dir='ltr' id='par_1_3' title="bbox 296 284 1802 1380">
     <span class='ocr_line' id='line_1_3' title="bbox 339 284 1799 342; baseline 0.001 -14"><span class='ocrx_word' id='word_1_7' title='bbox 339 285 485 342; x_wconf 89' lang='lat' dir='ltr'><strong>ipsum</strong></span> <span class='ocrx_word' id='word_1_8' title='bbox 515 284 604 327; x_wconf 92' lang='lat' dir='ltr'><strong>iam</strong></span> <span class='ocrx_word' id='word_1_9' title='bbox 633 284 859 342; x_wconf 81' lang='lat' dir='ltr'><strong>cognitum</strong></span> <span class='ocrx_word' id='word_1_10' title='bbox 885 284 1069 328; x_wconf 90' lang='lat' dir='ltr'><strong>cornicis</strong></span> <span class='ocrx_word' id='word_1_11' title='bbox 1097 284 1336 342; x_wconf 70' lang='lat' dir='ltr'>garrulitas</span> <span class='ocrx_word' id='word_1_12' title='bbox 1364 284 1609 342; x_wconf 70' lang='lat' dir='ltr'><strong>publicaret</strong></span> <span class='ocrx_word' id='word_1_13' title='bbox 1621 298 1631 338; x_wconf 83' lang='lat'><em>3</em></span> <span class='ocrx_word' id='word_1_14' title='bbox 1669 285 1799 336; x_wconf 90' lang='lat' dir='ltr'><strong>unde,</strong></span> 
     </span>
     <span class='ocr_line' id='line_1_4' title="bbox 341 353 1800 411; baseline 0.001 -15"><span class='ocrx_word' id='word_1_15' title='bbox 341 354 445 411; x_wconf 89' lang='lat' dir='ltr'><strong>quia</strong></span> <span class='ocrx_word' id='word_1_16' title='bbox 463 353 597 396; x_wconf 90' lang='lat' dir='ltr'><strong>alieni</strong></span> <span class='ocrx_word' id='word_1_17' title='bbox 617 353 797 396; x_wconf 82' lang='lat' dir='ltr'><strong>admissi</strong></span> <span class='ocrx_word' id='word_1_18' title='bbox 817 354 1009 397; x_wconf 74' lang='lat' dir='ltr'><strong>delatrix</strong></span> <span class='ocrx_word' id='word_1_19' title='bbox 1036 353 1127 398; x_wconf 84' lang='lat' dir='ltr'><strong>fuit</strong></span> <span class='ocrx_word' id='word_1_20' title='bbox 1151 357 1196 397; x_wconf 92' lang='lat' dir='ltr'><strong>et</strong></span> <span class='ocrx_word' id='word_1_21' title='bbox 1222 354 1404 404; x_wconf 91' lang='lat' dir='ltr'><strong>conscia,</strong></span> <span class='ocrx_word' id='word_1_22' title='bbox 1425 353 1580 397; x_wconf 88' lang='lat' dir='ltr'><strong>coloris</strong></span> <span class='ocrx_word' id='word_1_23' title='bbox 1605 354 1800 411; x_wconf 89' lang='lat' dir='ltr'><strong>perdidit</strong></span> 
     </span>
     <span class='ocr_line' id='line_1_5' title="bbox 340 423 1801 481; baseline 0.001 -16"><span class='ocrx_word' id='word_1_24' title='bbox 340 425 621 466; x_wconf 87' lang='lat' dir='ltr'><strong>uenustatem</strong></span> <span class='ocrx_word' id='word_1_25' title='bbox 669 425 715 466; x_wconf 92' lang='lat' dir='ltr'><strong>et</strong></span> <span class='ocrx_word' id='word_1_26' title='bbox 762 423 1040 481; x_wconf 69' lang='lat' dir='ltr'><strong>garrulitatis</strong></span> <span class='ocrx_word' id='word_1_27' title='bbox 1090 423 1278 467; x_wconf 84' lang='lat' dir='ltr'><strong>incurrit</strong></span> <span class='ocrx_word' id='word_1_28' title='bbox 1325 426 1489 466; x_wconf 89' lang='lat' dir='ltr'><strong>notam.</strong></span> <span class='ocrx_word' id='word_1_29' title='bbox 1569 423 1801 466; x_wconf 89' lang='lat' dir='ltr'><strong>Praeterea</strong></span> 
     </span>
     <span class='ocr_line' id='line_1_6' title="bbox 340 491 1800 549; baseline 0 -14"><span class='ocrx_word' id='word_1_30' title='bbox 340 492 564 535; x_wconf 81' lang='lat' dir='ltr'><strong>secretarii</strong></span> <span class='ocrx_word' id='word_1_31' title='bbox 615 492 807 535; x_wconf 91' lang='lat' dir='ltr'><strong>diuitum</strong></span> <span class='ocrx_word' id='word_1_32' title='bbox 846 493 972 549; x_wconf 87' lang='lat' dir='ltr'><strong>quasi</strong></span> <span class='ocrx_word' id='word_1_33' title='bbox 1012 493 1191 549; x_wconf 89' lang='lat' dir='ltr'><strong>quidam</strong></span> <span class='ocrx_word' id='word_1_34' title='bbox 1229 492 1431 536; x_wconf 87' lang='lat' dir='ltr'><strong>tolutarii</strong></span> <span class='ocrx_word' id='word_1_35' title='bbox 1470 492 1541 535; x_wconf 89' lang='lat' dir='ltr'><strong>uel</strong></span> <span class='ocrx_word' id='word_1_36' title='bbox 1580 491 1800 535; x_wconf 87' lang='lat' dir='ltr'><strong>clitellarii</strong></span> 
     </span>
     <span class='ocr_line' id='line_1_7' title="bbox 340 561 1799 618; baseline 0.001 -14"><span class='ocrx_word' id='word_1_37' title='bbox 340 564 446 604; x_wconf 90' lang='lat' dir='ltr'><strong>sunt</strong></span> <span class='ocrx_word' id='word_1_38' title='bbox 479 564 525 604; x_wconf 91' lang='lat' dir='ltr'><strong>et</strong></span> <span class='ocrx_word' id='word_1_39' title='bbox 563 562 639 618; x_wconf 93' lang='lat' dir='ltr'><strong>qui</strong></span> <span class='ocrx_word' id='word_1_40' title='bbox 675 576 826 604; x_wconf 87' lang='lat' dir='ltr'><strong>eorum</strong></span> <span class='ocrx_word' id='word_1_41' title='bbox 860 561 1031 605; x_wconf 91' lang='lat' dir='ltr'><strong>delictis</strong></span> <span class='ocrx_word' id='word_1_42' title='bbox 1065 564 1315 604; x_wconf 84' lang='lat' dir='ltr'><strong>onerentur.</strong></span> <span class='ocrx_word' id='word_1_43' title='bbox 1387 561 1607 618; x_wconf 80' lang='lat' dir='ltr'><strong>Quicquid</strong></span> <span class='ocrx_word' id='word_1_44' title='bbox 1640 561 1698 604; x_wconf 88' lang='lat' dir='ltr'><strong>ab</strong></span> <span class='ocrx_word' id='word_1_45' title='bbox 1737 562 1799 605; x_wconf 90' lang='lat' dir='ltr'><strong>eis</strong></span> 
     </span>
     <span class='ocr_line' id='line_1_8' title="bbox 339 630 1801 687; baseline 0 -13"><span class='ocrx_word' id='word_1_46' title='bbox 339 631 625 687; x_wconf 90' lang='lat' dir='ltr'><strong>delinquitur,</strong></span> <span class='ocrx_word' id='word_1_47' title='bbox 655 631 703 673; x_wconf 88' lang='lat' dir='ltr'><strong>in</strong></span> <span class='ocrx_word' id='word_1_48' title='bbox 733 631 922 674; x_wconf 90' lang='lat' dir='ltr'><strong>istorum</strong></span> <span class='ocrx_word' id='word_1_49' title='bbox 968 631 1200 673; x_wconf 81' lang='lat' dir='ltr'><strong>infamiam</strong></span> <span class='ocrx_word' id='word_1_50' title='bbox 1239 630 1428 681; x_wconf 90' lang='lat' dir='ltr'><strong>cuditur,</strong></span> <span class='ocrx_word' id='word_1_51' title='bbox 1466 630 1554 673; x_wconf 91' lang='lat' dir='ltr'><strong>nisi</strong></span> <span class='ocrx_word' id='word_1_52' title='bbox 1593 630 1709 674; x_wconf 81' lang='lat' dir='ltr'><strong>forte</strong></span> <span class='ocrx_word' id='word_1_53' title='bbox 1747 645 1801 674; x_wconf 86' lang='lat' dir='ltr'><strong>ea</strong></span> 
     </span>
     <span class='ocr_line' id='line_1_9' title="bbox 296 699 1800 757; baseline -0.001 -13"><span class='ocrx_word' id='word_1_54' title='bbox 296 717 322 746; x_wconf 89' lang='lat' dir='ltr'><strong>c</strong></span> <span class='ocrx_word' id='word_1_55' title='bbox 340 700 400 743; x_wconf 85' lang='lat' dir='ltr'><strong>sit</strong></span> <span class='ocrx_word' id='word_1_56' title='bbox 435 700 489 743; x_wconf 90' lang='lat' dir='ltr'><strong>de</strong></span> <span class='ocrx_word' id='word_1_57' title='bbox 520 703 701 757; x_wconf 89' lang='lat' dir='ltr'><strong>potente</strong></span> <span class='ocrx_word' id='word_1_58' title='bbox 735 700 895 756; x_wconf 91' lang='lat' dir='ltr'><strong>opinio,</strong></span> <span class='ocrx_word' id='word_1_59' title='bbox 929 702 981 742; x_wconf 94' lang='lat' dir='ltr'><strong>ut</strong></span> <span class='ocrx_word' id='word_1_60' title='bbox 1015 700 1137 742; x_wconf 92' lang='lat' dir='ltr'><strong>nullo</strong></span> <span class='ocrx_word' id='word_1_61' title='bbox 1167 700 1307 757; x_wconf 85' lang='lat' dir='ltr'><strong>possit</strong></span> <span class='ocrx_word' id='word_1_62' title='bbox 1340 700 1520 743; x_wconf 88' lang='lat' dir='ltr'><strong>consilio</strong></span> <span class='ocrx_word' id='word_1_63' title='bbox 1554 699 1800 757; x_wconf 89' lang='lat' dir='ltr'><strong>deprauari.</strong></span> 
     </span>
     <span class='ocr_line' id='line_1_10' title="bbox 339 768 1801 826; baseline -0.001 -13"><span class='ocrx_word' id='word_1_64' title='bbox 339 769 389 813; x_wconf 85' lang='lat' dir='ltr'><strong>Si</strong></span> <span class='ocrx_word' id='word_1_65' title='bbox 409 769 526 812; x_wconf 93' lang='lat' dir='ltr'><strong>enim</strong></span> <span class='ocrx_word' id='word_1_66' title='bbox 547 769 738 812; x_wconf 91' lang='lat' dir='ltr'><strong>solennis</strong></span> <span class='ocrx_word' id='word_1_67' title='bbox 758 772 825 812; x_wconf 89' lang='lat' dir='ltr'><strong>est</strong></span> <span class='ocrx_word' id='word_1_68' title='bbox 851 769 1023 811; x_wconf 87' lang='lat' dir='ltr'><strong>malitia</strong></span> <span class='ocrx_word' id='word_1_69' title='bbox 1050 769 1155 821; x_wconf 91' lang='lat' dir='ltr'><strong>eius,</strong></span> <span class='ocrx_word' id='word_1_70' title='bbox 1175 769 1213 812; x_wconf 90' lang='lat' dir='ltr'><strong>si</strong></span> <span class='ocrx_word' id='word_1_71' title='bbox 1240 768 1411 812; x_wconf 83' lang='lat' dir='ltr'><strong>fraudis</strong></span> <span class='ocrx_word' id='word_1_72' title='bbox 1438 772 1483 812; x_wconf 91' lang='lat' dir='ltr'><strong>et</strong></span> <span class='ocrx_word' id='word_1_73' title='bbox 1506 769 1596 812; x_wconf 91' lang='lat' dir='ltr'><strong>doli</strong></span> <span class='ocrx_word' id='word_1_74' title='bbox 1615 769 1801 826; x_wconf 88' lang='lat' dir='ltr'><strong>uulgata</strong></span> 
     </span>
     <span class='ocr_line' id='line_1_11' title="bbox 339 836 1802 896; baseline -0.001 -14"><span class='ocrx_word' id='word_1_75' title='bbox 339 839 499 896; x_wconf 86' lang='lat' dir='ltr'><strong>opinio,</strong></span> <span class='ocrx_word' id='word_1_76' title='bbox 519 836 657 881; x_wconf 84' lang='lat' dir='ltr'><strong>totius</strong></span> <span class='ocrx_word' id='word_1_77' title='bbox 677 838 872 881; x_wconf 84' lang='lat' dir='ltr'><strong>familiae</strong></span> <span class='ocrx_word' id='word_1_78' title='bbox 899 837 1021 881; x_wconf 76' lang='lat' dir='ltr'><strong>fama</strong></span> <span class='ocrx_word' id='word_1_79' title='bbox 1046 841 1275 896; x_wconf 80' lang='lat' dir='ltr'><strong>purgatur,</strong></span> <span class='ocrx_word' id='word_1_80' title='bbox 1296 853 1346 882; x_wconf 85' lang='lat' dir='ltr'><strong>ac</strong></span> <span class='ocrx_word' id='word_1_81' title='bbox 1375 838 1413 881; x_wconf 92' lang='lat' dir='ltr'><strong>si</strong></span> <span class='ocrx_word' id='word_1_82' title='bbox 1437 838 1594 896; x_wconf 90' lang='lat' dir='ltr'><strong>capitis</strong></span> <span class='ocrx_word' id='word_1_83' title='bbox 1613 838 1802 895; x_wconf 87' lang='lat' dir='ltr'><strong>languor</strong></span> 
     </span>
     <span class='ocr_line' id='line_1_12' title="bbox 339 907 1797 966; baseline -0.001 -15"><span class='ocrx_word' id='word_1_84' title='bbox 339 908 661 951; x_wconf 87' lang='lat' dir='ltr'><strong>infirmantium</strong></span> <span class='ocrx_word' id='word_1_85' title='bbox 682 908 885 966; x_wconf 87' lang='lat' dir='ltr'><strong>denigret</strong></span> <span class='ocrx_word' id='word_1_86' title='bbox 906 908 1100 951; x_wconf 91' lang='lat' dir='ltr'><strong>dolorem</strong></span> <span class='ocrx_word' id='word_1_87' title='bbox 1119 908 1322 952; x_wconf 88' lang='lat' dir='ltr'><strong>laterum.</strong></span> <span class='ocrx_word' id='word_1_88' title='bbox 1380 907 1602 964; x_wconf 86' lang='lat' dir='ltr'><strong>Alioquin,</strong></span> <span class='ocrx_word' id='word_1_89' title='bbox 1617 908 1655 950; x_wconf 92' lang='lat' dir='ltr'><strong>si</strong></span> <span class='ocrx_word' id='word_1_90' title='bbox 1676 908 1797 950; x_wconf 85' lang='lat' dir='ltr'><strong>beni-</strong></span> 
     </span>
     <span class='ocr_line' id='line_1_13' title="bbox 339 977 1800 1035; baseline 0 -15"><span class='ocrx_word' id='word_1_91' title='bbox 339 977 479 1035; x_wconf 86' lang='lat' dir='ltr'><strong>gnior,</strong></span> <span class='ocrx_word' id='word_1_92' title='bbox 494 978 531 1020; x_wconf 91' lang='lat' dir='ltr'><strong>si</strong></span> <span class='ocrx_word' id='word_1_93' title='bbox 548 977 720 1020; x_wconf 90' lang='lat' dir='ltr'><strong>ciuilior</strong></span> <span class='ocrx_word' id='word_1_94' title='bbox 738 977 934 1020; x_wconf 90' lang='lat' dir='ltr'><strong>creditur</strong></span> <span class='ocrx_word' id='word_1_95' title='bbox 947 979 1215 1034; x_wconf 87' lang='lat' dir='ltr'><strong>potentatus,</strong></span> <span class='ocrx_word' id='word_1_96' title='bbox 1231 977 1379 1019; x_wconf 91' lang='lat' dir='ltr'><strong>omnia</strong></span> <span class='ocrx_word' id='word_1_97' title='bbox 1398 977 1686 1019; x_wconf 90' lang='lat' dir='ltr'><strong>deliramenta</strong></span> <span class='ocrx_word' id='word_1_98' title='bbox 1705 977 1800 1020; x_wconf 93' lang='lat' dir='ltr'><strong>eius</strong></span> 
     </span>
     <span class='ocr_line' id='line_1_14' title="bbox 340 1046 1801 1103; baseline 0.001 -15"><span class='ocrx_word' id='word_1_99' title='bbox 340 1046 582 1089; x_wconf 83' lang='lat' dir='ltr'><strong>familiares</strong></span> <span class='ocrx_word' id='word_1_100' title='bbox 610 1046 736 1103; x_wconf 89' lang='lat' dir='ltr'><strong>quasi</strong></span> <span class='ocrx_word' id='word_1_101' title='bbox 762 1046 983 1089; x_wconf 89' lang='lat' dir='ltr'><strong>clitellarii</strong></span> <span class='ocrx_word' id='word_1_102' title='bbox 1009 1046 1273 1103; x_wconf 90' lang='lat' dir='ltr'><strong>quibusdam</strong></span> <span class='ocrx_word' id='word_1_103' title='bbox 1301 1046 1491 1089; x_wconf 85' lang='lat' dir='ltr'><strong>nominis</strong></span> <span class='ocrx_word' id='word_1_104' title='bbox 1517 1046 1586 1089; x_wconf 82' lang='lat' dir='ltr'><strong>sui</strong></span> <span class='ocrx_word' id='word_1_105' title='bbox 1606 1046 1801 1089; x_wconf 87' lang='lat' dir='ltr'><strong>humeris</strong></span> 
     </span>
     <span class='ocr_line' id='line_1_15' title="bbox 338 1115 1800 1173; baseline -0.001 -15"><span class='ocrx_word' id='word_1_106' title='bbox 338 1118 533 1172; x_wconf 89' lang='lat' dir='ltr'><strong>portant,</strong></span> <span class='ocrx_word' id='word_1_107' title='bbox 550 1115 627 1159; x_wconf 90' lang='lat' dir='ltr'><strong>sed</strong></span> <span class='ocrx_word' id='word_1_108' title='bbox 650 1120 766 1158; x_wconf 87' lang='lat' dir='ltr'><strong>recte</strong></span> <span class='ocrx_word' id='word_1_109' title='bbox 785 1119 1009 1173; x_wconf 89' lang='lat' dir='ltr'><strong>gestorum</strong></span> <span class='ocrx_word' id='word_1_110' title='bbox 1025 1115 1089 1157; x_wconf 91' lang='lat' dir='ltr'><strong>nil</strong></span> <span class='ocrx_word' id='word_1_111' title='bbox 1104 1115 1190 1158; x_wconf 91' lang='lat' dir='ltr'><strong>nisi</strong></span> <span class='ocrx_word' id='word_1_112' title='bbox 1204 1115 1470 1172; x_wconf 87' lang='lat' dir='ltr'><strong>benignitati</strong></span> <span class='ocrx_word' id='word_1_113' title='bbox 1494 1117 1573 1158; x_wconf 88' lang='lat' dir='ltr'><strong>aut</strong></span> <span class='ocrx_word' id='word_1_114' title='bbox 1593 1115 1800 1159; x_wconf 85' lang='lat' dir='ltr'><strong>ciuilitati</strong></span> 
     </span>
     <span class='ocr_line' id='line_1_16' title="bbox 338 1184 1800 1241; baseline -0.001 -14"><span class='ocrx_word' id='word_1_115' title='bbox 338 1185 533 1241; x_wconf 89' lang='lat' dir='ltr'><strong>potentis</strong></span> <span class='ocrx_word' id='word_1_116' title='bbox 573 1185 849 1228; x_wconf 88' lang='lat' dir='ltr'><strong>adscribitur.</strong></span> <span class='ocrx_word' id='word_1_117' title='bbox 930 1185 999 1235; x_wconf 90' lang='lat' dir='ltr'><strong>Et,</strong></span> <span class='ocrx_word' id='word_1_118' title='bbox 1025 1185 1063 1227; x_wconf 93' lang='lat' dir='ltr'><strong>si</strong></span> <span class='ocrx_word' id='word_1_119' title='bbox 1098 1184 1360 1241; x_wconf 90' lang='lat' dir='ltr'><strong>quandoque</strong></span> <span class='ocrx_word' id='word_1_120' title='bbox 1394 1184 1586 1228; x_wconf 91' lang='lat' dir='ltr'><strong>calculus</strong></span> <span class='ocrx_word' id='word_1_121' title='bbox 1619 1184 1800 1241; x_wconf 86' lang='lat' dir='ltr'><strong>grauior</strong></span> 
     </span>
     <span class='ocr_line' id='line_1_17' title="bbox 338 1253 1798 1311; baseline 0.001 -16"><span class='ocrx_word' id='word_1_122' title='bbox 338 1253 552 1306; x_wconf 90' lang='lat' dir='ltr'><strong>imminet,</strong></span> <span class='ocrx_word' id='word_1_123' title='bbox 572 1254 698 1310; x_wconf 89' lang='lat' dir='ltr'><strong>quasi</strong></span> <span class='ocrx_word' id='word_1_124' title='bbox 718 1254 876 1311; x_wconf 89' lang='lat' dir='ltr'><strong>pellem</strong></span> <span class='ocrx_word' id='word_1_125' title='bbox 906 1269 986 1311; x_wconf 90' lang='lat' dir='ltr'><strong>pro</strong></span> <span class='ocrx_word' id='word_1_126' title='bbox 1012 1254 1124 1310; x_wconf 92' lang='lat' dir='ltr'><strong>pelle</strong></span> <span class='ocrx_word' id='word_1_127' title='bbox 1158 1254 1351 1296; x_wconf 92' lang='lat' dir='ltr'><strong>animam</strong></span> <span class='ocrx_word' id='word_1_128' title='bbox 1377 1256 1502 1297; x_wconf 88' lang='lat' dir='ltr'><strong>tuam</strong></span> <span class='ocrx_word' id='word_1_129' title='bbox 1525 1253 1651 1297; x_wconf 86' lang='lat' dir='ltr'><strong>dabit</strong></span> <span class='ocrx_word' id='word_1_130' title='bbox 1674 1253 1798 1297; x_wconf 88' lang='lat' dir='ltr'><strong>diues</strong></span> 
     </span>
     <span class='ocr_line' id='line_1_18' title="bbox 338 1323 1799 1380; baseline 0 -14"><span class='ocrx_word' id='word_1_131' title='bbox 338 1338 418 1380; x_wconf 92' lang='lat' dir='ltr'><strong>pro</strong></span> <span class='ocrx_word' id='word_1_132' title='bbox 448 1323 570 1366; x_wconf 79' lang='lat' dir='ltr'><strong>fama</strong></span> <span class='ocrx_word' id='word_1_133' title='bbox 599 1338 679 1366; x_wconf 90' lang='lat' dir='ltr'><strong>sua</strong></span> <span class='ocrx_word' id='word_1_134' title='bbox 708 1327 765 1376; x_wconf 91' lang='lat' dir='ltr'><strong>et,</strong></span> <span class='ocrx_word' id='word_1_135' title='bbox 786 1327 839 1366; x_wconf 92' lang='lat' dir='ltr'><strong>ut</strong></span> <span class='ocrx_word' id='word_1_136' title='bbox 868 1324 915 1366; x_wconf 92' lang='lat' dir='ltr'><strong>in</strong></span> <span class='ocrx_word' id='word_1_137' title='bbox 945 1326 991 1366; x_wconf 91' lang='lat' dir='ltr'><strong>te</strong></span> <span class='ocrx_word' id='word_1_138' title='bbox 1020 1325 1273 1380; x_wconf 89' lang='lat' dir='ltr'><strong>retorqueat</strong></span> <span class='ocrx_word' id='word_1_139' title='bbox 1301 1323 1475 1380; x_wconf 89' lang='lat' dir='ltr'><strong>culpam</strong></span> <span class='ocrx_word' id='word_1_140' title='bbox 1505 1338 1642 1374; x_wconf 87' lang='lat' dir='ltr'><strong>suam,</strong></span> <span class='ocrx_word' id='word_1_141' title='bbox 1665 1326 1799 1380; x_wconf 90' lang='lat' dir='ltr'><strong>caput</strong></span> 
     </span>
    </p>
   </div>
   <div class='ocr_carea' id='block_1_4' title="bbox 338 1392 1864 1448">
    <p class='ocr_par' dir='ltr' id='par_1_4' title="bbox 338 1392 1864 1448">
     <span class='ocr_line' id='line_1_19' title="bbox 338 1392 1864 1448; baseline 0.001 -12"><span class='ocrx_word' id='word_1_142' title='bbox 338 1395 468 1436; x_wconf 84' lang='lat' dir='ltr'><strong>tuum</strong></span> <span class='ocrx_word' id='word_1_143' title='bbox 506 1392 677 1435; x_wconf 86' lang='lat' dir='ltr'><strong>meritis</strong></span> <span class='ocrx_word' id='word_1_144' title='bbox 715 1392 961 1442; x_wconf 87' lang='lat' dir='ltr'><strong>criminum,</strong></span> <span class='ocrx_word' id='word_1_145' title='bbox 1000 1392 1125 1448; x_wconf 90' lang='lat' dir='ltr'><strong>penis</strong></span> <span class='ocrx_word' id='word_1_146' title='bbox 1171 1406 1259 1435; x_wconf 92' lang='lat' dir='ltr'><strong>non</strong></span> <span class='ocrx_word' id='word_1_147' title='bbox 1302 1393 1529 1435; x_wconf 89' lang='lat' dir='ltr'><strong>uerebitur</strong></span> <span class='ocrx_word' id='word_1_148' title='bbox 1570 1392 1800 1438; x_wconf 82' lang='lat' dir='ltr'><strong>obiectare.</strong></span> <span class='ocrx_word' id='word_1_149' title='bbox 1858 1392 1864 1397; x_wconf 78' lang='lat'>&#39;</span> 
     </span>
    </p>
   </div>
   <div class='ocr_carea' id='block_1_5' title="bbox 296 1461 1801 1796">
    <p class='ocr_par' dir='ltr' id='par_1_5' title="bbox 296 1461 1801 1796">
     <span class='ocr_line' id='line_1_20' title="bbox 342 1461 1801 1518; baseline 0 -14"><span class='ocrx_word' id='word_1_150' title='bbox 342 1461 441 1512; x_wconf 88' lang='lat' dir='ltr'><strong>Sed,</strong></span> <span class='ocrx_word' id='word_1_151' title='bbox 485 1461 602 1518; x_wconf 93' lang='lat' dir='ltr'><strong>quod</strong></span> <span class='ocrx_word' id='word_1_152' title='bbox 644 1461 786 1518; x_wconf 86' lang='lat' dir='ltr'><strong>magis</strong></span> <span class='ocrx_word' id='word_1_153' title='bbox 824 1461 1035 1512; x_wconf 87' lang='lat' dir='ltr'><strong>mirabile,</strong></span> <span class='ocrx_word' id='word_1_154' title='bbox 1074 1461 1384 1518; x_wconf 84' lang='lat' dir='ltr'><strong>gratulabitur,</strong></span> <span class='ocrx_word' id='word_1_155' title='bbox 1423 1462 1461 1505; x_wconf 91' lang='lat' dir='ltr'><strong>si</strong></span> <span class='ocrx_word' id='word_1_156' title='bbox 1507 1462 1674 1504; x_wconf 89' lang='lat' dir='ltr'><strong>astutia</strong></span> <span class='ocrx_word' id='word_1_157' title='bbox 1719 1475 1801 1505; x_wconf 88' lang='lat' dir='ltr'><strong>sua</strong></span> 
     </span>
     <span class='ocr_line' id='line_1_21' title="bbox 296 1530 1799 1574; baseline 0.001 -1"><span class='ocrx_word' id='word_1_158' title='bbox 296 1533 326 1574; x_wconf 83' lang='lat' dir='ltr'><strong>d</strong></span> <span class='ocrx_word' id='word_1_159' title='bbox 341 1530 586 1573; x_wconf 88' lang='lat' dir='ltr'><strong>industriae</strong></span> <span class='ocrx_word' id='word_1_160' title='bbox 606 1533 710 1573; x_wconf 87' lang='lat' dir='ltr'><strong>tuae</strong></span> <span class='ocrx_word' id='word_1_161' title='bbox 730 1530 900 1573; x_wconf 89' lang='lat' dir='ltr'><strong>labores</strong></span> <span class='ocrx_word' id='word_1_162' title='bbox 927 1533 973 1573; x_wconf 92' lang='lat' dir='ltr'><strong>et</strong></span> <span class='ocrx_word' id='word_1_163' title='bbox 998 1530 1314 1573; x_wconf 89' lang='lat' dir='ltr'><strong>sollicitudines</strong></span> <span class='ocrx_word' id='word_1_164' title='bbox 1341 1530 1423 1573; x_wconf 88' lang='lat' dir='ltr'><strong>hac</strong></span> <span class='ocrx_word' id='word_1_165' title='bbox 1447 1531 1644 1574; x_wconf 86' lang='lat' dir='ltr'><strong>mercede</strong></span> <span class='ocrx_word' id='word_1_166' title='bbox 1665 1531 1799 1574; x_wconf 84' lang='lat' dir='ltr'><strong>dona-</strong></span> 
     </span>
     <span class='ocr_line' id='line_1_22' title="bbox 341 1598 1799 1652; baseline 0.001 -10"><span class='ocrx_word' id='word_1_167' title='bbox 341 1599 469 1649; x_wconf 87' lang='lat' dir='ltr'><strong>uerit,</strong></span> <span class='ocrx_word' id='word_1_168' title='bbox 507 1601 560 1642; x_wconf 93' lang='lat' dir='ltr'><strong>ut</strong></span> <span class='ocrx_word' id='word_1_169' title='bbox 598 1602 643 1642; x_wconf 90' lang='lat' dir='ltr'><strong>te</strong></span> <span class='ocrx_word' id='word_1_170' title='bbox 682 1599 839 1642; x_wconf 90' lang='lat' dir='ltr'><strong>reddat</strong></span> <span class='ocrx_word' id='word_1_171' title='bbox 877 1598 1100 1649; x_wconf 76' lang='lat' dir='ltr'><strong>infamem,</strong></span> <span class='ocrx_word' id='word_1_172' title='bbox 1140 1601 1185 1642; x_wconf 92' lang='lat' dir='ltr'><strong>et</strong></span> <span class='ocrx_word' id='word_1_173' title='bbox 1224 1598 1379 1642; x_wconf 86' lang='lat' dir='ltr'><strong>fecerit</strong></span> <span class='ocrx_word' id='word_1_174' title='bbox 1416 1602 1496 1642; x_wconf 90' lang='lat' dir='ltr'><strong>aut</strong></span> <span class='ocrx_word' id='word_1_175' title='bbox 1535 1600 1716 1652; x_wconf 65' lang='lat' dir='ltr'><strong>finxerit</strong></span> <span class='ocrx_word' id='word_1_176' title='bbox 1753 1603 1799 1643; x_wconf 91' lang='lat' dir='ltr'><strong>te</strong></span> 
     </span>
     <span class='ocr_line' id='line_1_23' title="bbox 340 1667 1801 1712; baseline -0.001 0"><span class='ocrx_word' id='word_1_177' title='bbox 340 1668 597 1712; x_wconf 88' lang='lat' dir='ltr'><strong>criminibus</strong></span> <span class='ocrx_word' id='word_1_178' title='bbox 627 1668 840 1711; x_wconf 86' lang='lat' dir='ltr'><strong>inauditis</strong></span> <span class='ocrx_word' id='word_1_179' title='bbox 873 1668 1123 1711; x_wconf 84' lang='lat' dir='ltr'><strong>obnoxium.</strong></span> <span class='ocrx_word' id='word_1_180' title='bbox 1183 1667 1286 1711; x_wconf 92' lang='lat' dir='ltr'><strong>Non</strong></span> <span class='ocrx_word' id='word_1_181' title='bbox 1315 1671 1383 1712; x_wconf 88' lang='lat' dir='ltr'><strong>est</strong></span> <span class='ocrx_word' id='word_1_182' title='bbox 1411 1669 1529 1712; x_wconf 89' lang='lat' dir='ltr'><strong>enim</strong></span> <span class='ocrx_word' id='word_1_183' title='bbox 1557 1669 1724 1712; x_wconf 90' lang='lat' dir='ltr'><strong>malum</strong></span> <span class='ocrx_word' id='word_1_184' title='bbox 1753 1669 1801 1711; x_wconf 91' lang='lat' dir='ltr'><strong>in</strong></span> 
     </span>
     <span class='ocr_line' id='line_1_24' title="bbox 341 1737 1801 1796; baseline 0.001 -16"><span class='ocrx_word' id='word_1_185' title='bbox 341 1737 524 1780; x_wconf 86' lang='lat' dir='ltr'><strong>ciuitate</strong></span> <span class='ocrx_word' id='word_1_186' title='bbox 554 1737 671 1794; x_wconf 93' lang='lat' dir='ltr'><strong>quod</strong></span> <span class='ocrx_word' id='word_1_187' title='bbox 700 1751 789 1780; x_wconf 92' lang='lat' dir='ltr'><strong>non</strong></span> <span class='ocrx_word' id='word_1_188' title='bbox 819 1737 866 1778; x_wconf 93' lang='lat' dir='ltr'><strong>in</strong></span> <span class='ocrx_word' id='word_1_189' title='bbox 895 1737 1049 1780; x_wconf 91' lang='lat' dir='ltr'><strong>diuitis</strong></span> <span class='ocrx_word' id='word_1_190' title='bbox 1083 1737 1352 1781; x_wconf 85' lang='lat' dir='ltr'><strong>consiliarios</strong></span> <span class='ocrx_word' id='word_1_191' title='bbox 1386 1738 1671 1796; x_wconf 86' lang='lat' dir='ltr'><strong>impingatur,</strong></span> <span class='ocrx_word' id='word_1_192' title='bbox 1700 1753 1801 1782; x_wconf 89' lang='lat' dir='ltr'><strong>cum</strong></span> 
     </span>
    </p>
   </div>
   <div class='ocr_carea' id='block_1_6' title="bbox 1818 581 1837 616">
    <p class='ocr_par' dir='ltr' id='par_1_6' title="bbox 1818 581 1837 616">
     <span class='ocr_line' id='line_1_25' title="bbox 1818 581 1837 616; baseline 0 0"><span class='ocrx_word' id='word_1_193' title='bbox 1818 581 1837 616; x_wconf 87' lang='grc'>5</span> 
     </span>
    </p>
   </div>
   <div class='ocr_carea' id='block_1_7' title="bbox 1819 926 1861 950">
    <p class='ocr_par' dir='ltr' id='par_1_7' title="bbox 1819 926 1861 950">
     <span class='ocr_line' id='line_1_26' title="bbox 1819 926 1861 950; baseline 0 0"><span class='ocrx_word' id='word_1_194' title='bbox 1819 926 1861 950; x_wconf 87' lang='lat'><strong>10</strong></span> 
     </span>
    </p>
   </div>
   <div class='ocr_carea' id='block_1_8' title="bbox 1818 1273 1878 1308">
    <p class='ocr_par' dir='ltr' id='par_1_8' title="bbox 1818 1273 1878 1308">
     <span class='ocr_line' id='line_1_27' title="bbox 1818 1273 1878 1308; baseline 0 -10"><span class='ocrx_word' id='word_1_195' title='bbox 1818 1273 1878 1308; x_wconf 84' lang='lat'><strong>15·</strong></span> 
     </span>
    </p>
   </div>
   <div class='ocr_carea' id='block_1_9' title="bbox 1818 1617 1860 1642">
    <p class='ocr_par' dir='ltr' id='par_1_9' title="bbox 1818 1617 1860 1642">
     <span class='ocr_line' id='line_1_28' title="bbox 1818 1617 1860 1642; baseline 0.024 -1"><span class='ocrx_word' id='word_1_196' title='bbox 1818 1617 1860 1642; x_wconf 83' lang='grc'><strong>20</strong></span> 
     </span>
    </p>
   </div>
   <div class='ocr_carea' id='block_1_10' title="bbox 342 1806 1822 1864">
    <p class='ocr_par' dir='ltr' id='par_1_10' title="bbox 342 1806 1822 1864">
     <span class='ocr_line' id='line_1_29' title="bbox 342 1806 1822 1864; baseline 0.001 -16"><span class='ocrx_word' id='word_1_197' title='bbox 342 1806 487 1848; x_wconf 89' lang='lat' dir='ltr'><strong>inanis</strong></span> <span class='ocrx_word' id='word_1_198' title='bbox 507 1806 567 1848; x_wconf 92' lang='lat' dir='ltr'><strong>sit</strong></span> <span class='ocrx_word' id='word_1_199' title='bbox 587 1806 822 1856; x_wconf 80' lang='lat' dir='ltr'><strong>excusatio,</strong></span> <span class='ocrx_word' id='word_1_200' title='bbox 844 1820 895 1848; x_wconf 93' lang='lat' dir='ltr'><strong>eo</strong></span> <span class='ocrx_word' id='word_1_201' title='bbox 915 1806 1031 1862; x_wconf 93' lang='lat' dir='ltr'><strong>quod</strong></span> <span class='ocrx_word' id='word_1_202' title='bbox 1059 1821 1186 1849; x_wconf 92' lang='lat' dir='ltr'><strong>omne</strong></span> <span class='ocrx_word' id='word_1_203' title='bbox 1216 1806 1406 1850; x_wconf 90' lang='lat' dir='ltr'><strong>officium</strong></span> <span class='ocrx_word' id='word_1_204' title='bbox 1432 1807 1517 1850; x_wconf 94' lang='lat' dir='ltr'><strong>sibi</strong></span> <span class='ocrx_word' id='word_1_205' title='bbox 1543 1809 1800 1864; x_wconf 88' lang='lat' dir='ltr'><strong>potentatus</strong></span> <span class='ocrx_word' id='word_1_206' title='bbox 1819 1832 1822 1834; x_wconf 93' lang='lat'><em>-</em></span> 
     </span>
    </p>
   </div>
   <div class='ocr_carea' id='block_1_11' title="bbox 340 1875 1800 2279">
    <p class='ocr_par' dir='ltr' id='par_1_11' title="bbox 340 1875 1800 2279">
     <span class='ocr_line' id='line_1_30' title="bbox 341 1875 1798 1933; baseline 0 -15"><span class='ocrx_word' id='word_1_207' title='bbox 341 1875 600 1928; x_wconf 83' lang='lat' dir='ltr'><strong>conformat,</strong></span> <span class='ocrx_word' id='word_1_208' title='bbox 634 1889 848 1931; x_wconf 90' lang='lat' dir='ltr'><strong>nemoque</strong></span> <span class='ocrx_word' id='word_1_209' title='bbox 883 1875 1056 1932; x_wconf 88' lang='lat' dir='ltr'><strong>sapiens</strong></span> <span class='ocrx_word' id='word_1_210' title='bbox 1091 1875 1168 1918; x_wconf 90' lang='lat' dir='ltr'><strong>diu</strong></span> <span class='ocrx_word' id='word_1_211' title='bbox 1198 1876 1386 1919; x_wconf 90' lang='lat' dir='ltr'><strong>fluctuat</strong></span> <span class='ocrx_word' id='word_1_212' title='bbox 1419 1876 1599 1919; x_wconf 90' lang='lat' dir='ltr'><strong>consilio</strong></span> <span class='ocrx_word' id='word_1_213' title='bbox 1633 1876 1798 1933; x_wconf 90' lang='lat' dir='ltr'><strong>impru-</strong></span> 
     </span>
     <span class='ocr_line' id='line_1_31' title="bbox 342 1944 1797 2001; baseline 0.001 -15"><span class='ocrx_word' id='word_1_214' title='bbox 342 1944 549 1996; x_wconf 84' lang='lat' dir='ltr'><strong>dentum3</strong></span> <span class='ocrx_word' id='word_1_215' title='bbox 590 1944 738 1987; x_wconf 90' lang='lat' dir='ltr'><strong>omnia</strong></span> <span class='ocrx_word' id='word_1_216' title='bbox 776 1959 966 2001; x_wconf 90' lang='lat' dir='ltr'><strong>namque</strong></span> <span class='ocrx_word' id='word_1_217' title='bbox 1006 1944 1215 1988; x_wconf 89' lang='lat' dir='ltr'><strong>discernit</strong></span> <span class='ocrx_word' id='word_1_218' title='bbox 1254 1947 1299 1988; x_wconf 89' lang='lat' dir='ltr'><strong>et</strong></span> <span class='ocrx_word' id='word_1_219' title='bbox 1337 1945 1515 1989; x_wconf 90' lang='lat' dir='ltr'><strong>iudicat.</strong></span> <span class='ocrx_word' id='word_1_220' title='bbox 1586 1945 1659 1988; x_wconf 89' lang='lat' dir='ltr'><strong>An</strong></span> <span class='ocrx_word' id='word_1_221' title='bbox 1697 1960 1797 1988; x_wconf 91' lang='lat' dir='ltr'><strong>eum</strong></span> 
     </span>
     <span class='ocr_line' id='line_1_32' title="bbox 340 2013 1798 2071; baseline 0.001 -15"><span class='ocrx_word' id='word_1_222' title='bbox 340 2016 472 2070; x_wconf 88' lang='lat' dir='ltr'><strong>putas</strong></span> <span class='ocrx_word' id='word_1_223' title='bbox 502 2014 549 2055; x_wconf 94' lang='lat' dir='ltr'><strong>in</strong></span> <span class='ocrx_word' id='word_1_224' title='bbox 575 2013 841 2057; x_wconf 89' lang='lat' dir='ltr'><strong>conscientia</strong></span> <span class='ocrx_word' id='word_1_225' title='bbox 864 2028 944 2056; x_wconf 92' lang='lat' dir='ltr'><strong>sua</strong></span> <span class='ocrx_word' id='word_1_226' title='bbox 971 2028 1172 2057; x_wconf 91' lang='lat' dir='ltr'><strong>securum</strong></span> <span class='ocrx_word' id='word_1_227' title='bbox 1202 2015 1432 2071; x_wconf 90' lang='lat' dir='ltr'><strong>quiescere,</strong></span> <span class='ocrx_word' id='word_1_228' title='bbox 1455 2015 1580 2059; x_wconf 92' lang='lat' dir='ltr'><strong>cuius</strong></span> <span class='ocrx_word' id='word_1_229' title='bbox 1605 2015 1798 2071; x_wconf 87' lang='lat' dir='ltr'><strong>turpitu-</strong></span> 
     </span>
     <span class='ocr_line' id='line_1_33' title="bbox 341 2083 1800 2141; baseline 0.001 -17"><span class='ocrx_word' id='word_1_230' title='bbox 341 2083 489 2125; x_wconf 86' lang='lat' dir='ltr'><strong>dinem</strong></span> <span class='ocrx_word' id='word_1_231' title='bbox 513 2083 752 2139; x_wconf 89' lang='lat' dir='ltr'><strong>producere</strong></span> <span class='ocrx_word' id='word_1_232' title='bbox 774 2086 899 2140; x_wconf 91' lang='lat' dir='ltr'><strong>potes</strong></span> <span class='ocrx_word' id='word_1_233' title='bbox 926 2083 973 2125; x_wconf 91' lang='lat' dir='ltr'><strong>in</strong></span> <span class='ocrx_word' id='word_1_234' title='bbox 1000 2083 1142 2126; x_wconf 92' lang='lat' dir='ltr'><strong>lucem</strong></span> <span class='ocrx_word' id='word_1_235' title='bbox 1172 2087 1217 2126; x_wconf 94' lang='lat' dir='ltr'><strong>et</strong></span> <span class='ocrx_word' id='word_1_236' title='bbox 1243 2083 1440 2141; x_wconf 85' lang='lat' dir='ltr'><strong>proferre</strong></span> <span class='ocrx_word' id='word_1_237' title='bbox 1467 2084 1515 2126; x_wconf 94' lang='lat' dir='ltr'><strong>in</strong></span> <span class='ocrx_word' id='word_1_238' title='bbox 1541 2083 1800 2141; x_wconf 76' lang='lat' dir='ltr'><strong>publicum?</strong></span> 
     </span>
     <span class='ocr_line' id='line_1_34' title="bbox 342 2150 1800 2210; baseline 0.001 -16"><span class='ocrx_word' id='word_1_239' title='bbox 342 2150 473 2195; x_wconf 85' lang='lat' dir='ltr'><strong>Certe</strong></span> <span class='ocrx_word' id='word_1_240' title='bbox 512 2152 654 2195; x_wconf 92' lang='lat' dir='ltr'><strong>omnis</strong></span> <span class='ocrx_word' id='word_1_241' title='bbox 698 2152 775 2209; x_wconf 93' lang='lat' dir='ltr'><strong>qui</strong></span> <span class='ocrx_word' id='word_1_242' title='bbox 814 2153 957 2196; x_wconf 90' lang='lat' dir='ltr'><strong>malus</strong></span> <span class='ocrx_word' id='word_1_243' title='bbox 997 2156 1065 2196; x_wconf 91' lang='lat' dir='ltr'><strong>est</strong></span> <span class='ocrx_word' id='word_1_244' title='bbox 1104 2153 1199 2196; x_wconf 86' lang='lat' dir='ltr'><strong>odit</strong></span> <span class='ocrx_word' id='word_1_245' title='bbox 1237 2153 1392 2206; x_wconf 88' lang='lat' dir='ltr'><strong>lucem,</strong></span> <span class='ocrx_word' id='word_1_246' title='bbox 1423 2156 1469 2197; x_wconf 91' lang='lat' dir='ltr'><strong>et</strong></span> <span class='ocrx_word' id='word_1_247' title='bbox 1514 2167 1624 2210; x_wconf 89' lang='lat' dir='ltr'><strong>opus</strong></span> <span class='ocrx_word' id='word_1_248' title='bbox 1672 2167 1800 2196; x_wconf 89' lang='lat' dir='ltr'><strong>omne</strong></span> 
     </span>
     <span class='ocr_line' id='line_1_35' title="bbox 340 2221 1800 2279; baseline 0.001 -16"><span class='ocrx_word' id='word_1_249' title='bbox 340 2221 523 2264; x_wconf 89' lang='lat' dir='ltr'><strong>artificis</strong></span> <span class='ocrx_word' id='word_1_250' title='bbox 564 2221 633 2263; x_wconf 91' lang='lat' dir='ltr'><strong>sui</strong></span> <span class='ocrx_word' id='word_1_251' title='bbox 672 2221 834 2264; x_wconf 90' lang='lat' dir='ltr'><strong>habere</strong></span> <span class='ocrx_word' id='word_1_252' title='bbox 880 2221 1060 2265; x_wconf 90' lang='lat' dir='ltr'><strong>uidetur</strong></span> <span class='ocrx_word' id='word_1_253' title='bbox 1098 2222 1346 2279; x_wconf 88' lang='lat' dir='ltr'><strong>imaginem.</strong></span> <span class='ocrx_word' id='word_1_254' title='bbox 1424 2222 1800 2265; x_wconf 86' lang='lat' dir='ltr'><strong>Meretricantium</strong></span> 
     </span>
    </p>
   </div>
   <div class='ocr_carea' id='block_1_12' title="bbox 339 2334 1800 2383">
    <p class='ocr_par' dir='ltr' id='par_1_12' title="bbox 339 2334 1800 2383">
     <span class='ocr_line' id='line_1_36' title="bbox 339 2334 1800 2383; baseline -0.001 -10"><span class='ocrx_word' id='word_1_255' title='bbox 339 2338 361 2373; x_wconf 91' lang='lat'>8</span> <span class='ocrx_word' id='word_1_256' title='bbox 385 2335 565 2373; x_wconf 68' lang='lat' dir='ltr'><strong>sollennia</strong></span> <span class='ocrx_word' id='word_1_257' title='bbox 581 2336 633 2372; x_wconf 83' lang='lat' dir='ltr'><strong>A:</strong></span> <span class='ocrx_word' id='word_1_258' title='bbox 659 2335 879 2382; x_wconf 84' lang='lat' dir='ltr'><strong>sollempnis</strong></span> <span class='ocrx_word' id='word_1_259' title='bbox 896 2334 921 2372; x_wconf 82' lang='lat' dir='ltr'>S</span> <span class='ocrx_word' id='word_1_260' title='bbox 1086 2346 1110 2383; x_wconf 90' lang='lat'>9</span> <span class='ocrx_word' id='word_1_261' title='bbox 1135 2335 1287 2383; x_wconf 89' lang='lat' dir='ltr'><strong>oppinio</strong></span> <span class='ocrx_word' id='word_1_262' title='bbox 1304 2336 1330 2373; x_wconf 82' lang='lat' dir='ltr'>S</span> <span class='ocrx_word' id='word_1_263' title='bbox 1498 2347 1541 2381; x_wconf 90' lang='lat'><strong>14</strong></span> <span class='ocrx_word' id='word_1_264' title='bbox 1566 2336 1716 2382; x_wconf 87' lang='lat' dir='ltr'><strong>quando</strong></span> <span class='ocrx_word' id='word_1_265' title='bbox 1733 2335 1800 2372; x_wconf 82' lang='lat' dir='ltr'><strong>SM</strong></span> 
     </span>
    </p>
   </div>
   <div class='ocr_carea' id='block_1_13' title="bbox 1818 1966 1858 2000">
    <p class='ocr_par' dir='ltr' id='par_1_13' title="bbox 1818 1966 1858 2000">
     <span class='ocr_line' id='line_1_37' title="bbox 1818 1966 1858 2000; baseline 0 0"><span class='ocrx_word' id='word_1_266' title='bbox 1818 1966 1858 2000; x_wconf 83' lang='lat'><strong>²5</strong></span> 
     </span>
    </p>
   </div>
   <div class='ocr_carea' id='block_1_14' title="bbox 341 2382 1867 2430">
    <p class='ocr_par' dir='ltr' id='par_1_14' title="bbox 341 2382 1867 2430">
     <span class='ocr_line' id='line_1_38' title="bbox 341 2382 1867 2430; baseline 0.001 -12"><span class='ocrx_word' id='word_1_267' title='bbox 341 2393 387 2418; x_wconf 89' lang='lat'><strong>20</strong></span> <span class='ocrx_word' id='word_1_268' title='bbox 408 2389 487 2429; x_wconf 78' lang='lat' dir='ltr'><strong>post</strong></span> <span class='ocrx_word' id='word_1_269' title='bbox 515 2385 554 2420; x_wconf 90' lang='lat' dir='ltr'><strong>et</strong></span> <span class='ocrx_word' id='word_1_270' title='bbox 580 2385 664 2420; x_wconf 84' lang='lat' dir='ltr'><strong>add.</strong></span> <span class='ocrx_word' id='word_1_271' title='bbox 690 2382 723 2419; x_wconf 86' lang='lat' dir='ltr'><strong>si</strong></span> <span class='ocrx_word' id='word_1_272' title='bbox 753 2383 792 2419; x_wconf 88' lang='lat' dir='ltr'>M</span> <span class='ocrx_word' id='word_1_273' title='bbox 957 2385 1002 2420; x_wconf 87' lang='lat'><strong>28</strong></span> <span class='ocrx_word' id='word_1_274' title='bbox 1035 2395 1146 2421; x_wconf 89' lang='lat' dir='ltr'><strong>omne</strong></span> <span class='ocrx_word' id='word_1_275' title='bbox 1173 2395 1263 2430; x_wconf 85' lang='lat' dir='ltr'><strong>opus</strong></span> <span class='ocrx_word' id='word_1_276' title='bbox 1292 2383 1326 2419; x_wconf 88' lang='lat' dir='ltr'>A</span> <span class='ocrx_word' id='word_1_277' title='bbox 1500 2394 1547 2429; x_wconf 89' lang='lat'><strong>29</strong></span> <span class='ocrx_word' id='word_1_278' title='bbox 1581 2383 1798 2430; x_wconf 82' lang='lat' dir='ltr'><strong>ymaginem</strong></span> <span class='ocrx_word' id='word_1_279' title='bbox 1865 2393 1867 2395; x_wconf 86' lang='grc'><strong><em>·</em></strong></span> 
     </span>
    </p>
   </div>
   <div class='ocr_carea' id='block_1_15' title="bbox 339 2430 413 2465">
    <p class='ocr_par' dir='ltr' id='par_1_15' title="bbox 339 2430 413 2465">
     <span class='ocr_line' id='line_1_39' title="bbox 339 2430 413 2465; baseline 0 0"><span class='ocrx_word' id='word_1_280' title='bbox 339 2430 413 2465; x_wconf 88' lang='grc' dir='ltr'><strong>ΑΜ</strong></span> 
     </span>
    </p>
   </div>
   <div class='ocr_carea' id='block_1_16' title="bbox 340 2538 1802 2809">
    <p class='ocr_par' dir='ltr' id='par_1_16' title="bbox 340 2538 1802 2809">
     <span class='ocr_line' id='line_1_40' title="bbox 388 2538 1799 2585; baseline 0.001 -12"><span class='ocrx_word' id='word_1_281' title='bbox 388 2548 411 2582; x_wconf 88' lang='grc'>4</span> <span class='ocrx_word' id='word_1_282' title='bbox 434 2540 617 2574; x_wconf 77' lang='lat' dir='ltr'><strong>tolutarii:</strong></span> <span class='ocrx_word' id='word_1_283' title='bbox 642 2551 673 2574; x_wconf 90' lang='lat' dir='ltr'><strong>v.</strong></span> <span class='ocrx_word' id='word_1_284' title='bbox 690 2539 778 2575; x_wconf 85' lang='lat' dir='ltr'><strong>Sen.</strong></span> <span class='ocrx_word' id='word_1_285' title='bbox 795 2540 868 2585; x_wconf 81' lang='lat' dir='ltr'><strong>Ep.</strong></span> <span class='ocrx_word' id='word_1_286' title='bbox 884 2540 927 2583; x_wconf 90' lang='lat'><strong>87</strong></span> <span class='ocrx_word' id='word_1_287' title='bbox 944 2538 962 2585; x_wconf 64' lang='grc' dir='ltr'><strong>ξ</strong></span> <span class='ocrx_word' id='word_1_288' title='bbox 979 2549 1032 2575; x_wconf 90' lang='lat'><strong>10.</strong></span> <span class='ocrx_word' id='word_1_289' title='bbox 1104 2540 1306 2575; x_wconf 79' lang='lat' dir='ltr'><strong>clitellarii:</strong></span> <span class='ocrx_word' id='word_1_290' title='bbox 1324 2540 1475 2575; x_wconf 72' lang='lat' dir='ltr'><strong>clitellas</strong></span> <span class='ocrx_word' id='word_1_291' title='bbox 1486 2539 1587 2585; x_wconf 88' lang='lat' dir='ltr'><strong>apud</strong></span> <span class='ocrx_word' id='word_1_292' title='bbox 1599 2539 1799 2576; x_wconf 90' lang='lat' dir='ltr'><strong>Horatium</strong></span> 
     </span>
     <span class='ocr_line' id='line_1_41' title="bbox 343 2585 1799 2633; baseline 0.001 -13"><span class='ocrx_word' id='word_1_293' title='bbox 343 2585 431 2627; x_wconf 83' lang='lat' dir='ltr'><strong>(Sat.</strong></span> <span class='ocrx_word' id='word_1_294' title='bbox 449 2585 474 2621; x_wconf 91' lang='lat' dir='ltr'><strong>i.</strong></span> <span class='ocrx_word' id='word_1_295' title='bbox 494 2594 523 2631; x_wconf 86' lang='lat'><strong>5.</strong></span> <span class='ocrx_word' id='word_1_296' title='bbox 542 2595 611 2630; x_wconf 83' lang='lat'><strong>473</strong></span> <span class='ocrx_word' id='word_1_297' title='bbox 637 2588 707 2631; x_wconf 83' lang='lat' dir='ltr'><strong>Ep.</strong></span> <span class='ocrx_word' id='word_1_298' title='bbox 725 2586 749 2622; x_wconf 89' lang='lat' dir='ltr'><strong>i.</strong></span> <span class='ocrx_word' id='word_1_299' title='bbox 773 2597 825 2631; x_wconf 88' lang='lat'><strong>13.</strong></span> <span class='ocrx_word' id='word_1_300' title='bbox 844 2586 893 2630; x_wconf 86' lang='lat'><strong>8),</strong></span> <span class='ocrx_word' id='word_1_301' title='bbox 911 2585 1100 2631; x_wconf 85' lang='lat' dir='ltr'><strong>invenies;</strong></span> <span class='ocrx_word' id='word_1_302' title='bbox 1128 2587 1335 2622; x_wconf 78' lang='lat' dir='ltr'><strong>clitellarios</strong></span> <span class='ocrx_word' id='word_1_303' title='bbox 1350 2589 1479 2622; x_wconf 88' lang='lat' dir='ltr'><strong>tamen</strong></span> <span class='ocrx_word' id='word_1_304' title='bbox 1497 2598 1573 2623; x_wconf 89' lang='lat' dir='ltr'><strong>non</strong></span> <span class='ocrx_word' id='word_1_305' title='bbox 1595 2586 1669 2622; x_wconf 86' lang='lat' dir='ltr'><strong>nisi</strong></span> <span class='ocrx_word' id='word_1_306' title='bbox 1695 2587 1799 2633; x_wconf 88' lang='lat' dir='ltr'><strong>apud</strong></span> 
     </span>
     <span class='ocr_line' id='line_1_42' title="bbox 341 2631 1796 2679; baseline 0.002 -11"><span class='ocrx_word' id='word_1_307' title='bbox 341 2631 473 2668; x_wconf 85' lang='lat' dir='ltr'><strong>Caton.</strong></span> <span class='ocrx_word' id='word_1_308' title='bbox 493 2634 535 2667; x_wconf 87' lang='lat' dir='ltr'><strong>de</strong></span> <span class='ocrx_word' id='word_1_309' title='bbox 549 2634 640 2678; x_wconf 73' lang='lat' dir='ltr'><strong>Aym‘</strong></span> <span class='ocrx_word' id='word_1_310' title='bbox 657 2635 808 2669; x_wconf 79' lang='lat' dir='ltr'><strong>Cultura</strong></span> <span class='ocrx_word' id='word_1_311' title='bbox 825 2645 856 2669; x_wconf 91' lang='lat' dir='ltr'><strong>c.</strong></span> <span class='ocrx_word' id='word_1_312' title='bbox 873 2643 915 2669; x_wconf 90' lang='lat'><strong>10</strong></span> <span class='ocrx_word' id='word_1_313' title='bbox 933 2632 950 2679; x_wconf 84' lang='lat'>§</span> <span class='ocrx_word' id='word_1_314' title='bbox 975 2643 1004 2677; x_wconf 89' lang='lat'><strong>1,</strong></span> <span class='ocrx_word' id='word_1_315' title='bbox 1018 2631 1265 2669; x_wconf 84' lang='lat' dir='ltr'><strong>Columellam</strong></span> <span class='ocrx_word' id='word_1_316' title='bbox 1277 2632 1317 2669; x_wconf 90' lang='lat' dir='ltr'><strong>ii.</strong></span> <span class='ocrx_word' id='word_1_317' title='bbox 1331 2643 1386 2669; x_wconf 86' lang='lat'><strong>21.</strong></span> <span class='ocrx_word' id='word_1_318' title='bbox 1485 2644 1529 2669; x_wconf 92' lang='lat'><strong>10</strong></span> <span class='ocrx_word' id='word_1_319' title='bbox 1546 2635 1720 2670; x_wconf 77' lang='lat' dir='ltr'><strong>laterum:</strong></span> <span class='ocrx_word' id='word_1_320' title='bbox 1746 2634 1796 2671; x_wconf 87' lang='lat' dir='ltr'><strong>cf.</strong></span> 
     </span>
     <span class='ocr_line' id='line_1_43' title="bbox 340 2678 1802 2727; baseline 0.001 -14"><span class='ocrx_word' id='word_1_321' title='bbox 340 2678 442 2714; x_wconf 87' lang='lat' dir='ltr'><strong>infra</strong></span> <span class='ocrx_word' id='word_1_322' title='bbox 465 2680 593 2714; x_wconf 72' lang='lat' dir='ltr'><strong>Polior.</strong></span> <span class='ocrx_word' id='word_1_323' title='bbox 612 2692 644 2715; x_wconf 87' lang='lat' dir='ltr'><strong>v.</strong></span> <span class='ocrx_word' id='word_1_324' title='bbox 663 2690 683 2715; x_wconf 92' lang='lat'><strong>2</strong></span> <span class='ocrx_word' id='word_1_325' title='bbox 703 2681 850 2725; x_wconf 83' lang='lat'>(5400).</span> <span class='ocrx_word' id='word_1_326' title='bbox 975 2690 1018 2725; x_wconf 87' lang='lat'><strong>14</strong></span> <span class='ocrx_word' id='word_1_327' title='bbox 1041 2682 1200 2716; x_wconf 79' lang='lat' dir='ltr'><strong>calculus</strong></span> <span class='ocrx_word' id='word_1_328' title='bbox 1221 2682 1391 2726; x_wconf 63' lang='lat' dir='ltr'><strong>grauior:</strong></span> <span class='ocrx_word' id='word_1_329' title='bbox 1419 2679 1578 2727; x_wconf 85' lang='lat' dir='ltr'><strong>Anglice</strong></span> <span class='ocrx_word' id='word_1_330' title='bbox 1603 2693 1626 2716; x_wconf 89' lang='lat' dir='ltr'><strong>a</strong></span> <span class='ocrx_word' id='word_1_331' title='bbox 1658 2682 1802 2717; x_wconf 79' lang='lat' dir='ltr'><strong>heavier</strong></span> 
     </span>
     <span class='ocr_line' id='line_1_44' title="bbox 341 2726 1796 2809; baseline 0.002 -48"><span class='ocrx_word' id='word_1_332' title='bbox 341 2727 541 2809; x_wconf 48' lang='lat' dir='ltr'><strong>{echoniast</strong></span> <span class='ocrx_word' id='word_1_333' title='bbox 688 2736 726 2773; x_wconf 83' lang='lat'><strong>15</strong></span> <span class='ocrx_word' id='word_1_334' title='bbox 748 2729 879 2773; x_wconf 81' lang='lat' dir='ltr'><strong>pellem</strong></span> <span class='ocrx_word' id='word_1_335' title='bbox 906 2728 1002 2764; x_wconf 85' lang='lat' dir='ltr'><strong>etc.:</strong></span> <span class='ocrx_word' id='word_1_336' title='bbox 1026 2739 1057 2763; x_wconf 89' lang='lat' dir='ltr'><strong>v.</strong></span> <span class='ocrx_word' id='word_1_337' title='bbox 1089 2727 1156 2763; x_wconf 91' lang='lat' dir='ltr'><strong>Iob</strong></span> <span class='ocrx_word' id='word_1_338' title='bbox 1184 2726 1224 2763; x_wconf 86' lang='lat' dir='ltr'><strong>ii.</strong></span> <span class='ocrx_word' id='word_1_339' title='bbox 1252 2738 1285 2772; x_wconf 91' lang='lat'><strong>4.</strong></span> <span class='ocrx_word' id='word_1_340' title='bbox 1429 2729 1473 2764; x_wconf 89' lang='lat'><strong>28</strong></span> <span class='ocrx_word' id='word_1_341' title='bbox 1498 2729 1614 2764; x_wconf 77' lang='lat' dir='ltr'><strong>omnis</strong></span> <span class='ocrx_word' id='word_1_342' title='bbox 1637 2730 1730 2764; x_wconf 63' lang='lat' dir='ltr'><strong>eta:</strong></span> <span class='ocrx_word' id='word_1_343' title='bbox 1763 2740 1796 2764; x_wconf 86' lang='lat' dir='ltr'><strong>v.</strong></span> 
     </span>
    </p>

    <p class='ocr_par' dir='ltr' id='par_1_17' title="bbox 363 2782 619 2809">
     <span class='ocr_line' id='line_1_45' title="bbox 363 2782 619 2809; baseline 0 0"><span class='ocrx_word' id='word_1_344' title='bbox 363 2783 471 2809; x_wconf 87' lang='lat' dir='ltr'><strong>oann.</strong></span> <span class='ocrx_word' id='word_1_345' title='bbox 490 2784 545 2809; x_wconf 87' lang='lat'>111.</span> <span class='ocrx_word' id='word_1_346' title='bbox 564 2782 619 2809; x_wconf 87' lang='lat'><strong>20.</strong></span> 
     </span>
    </p>
   </div>
   <div class='ocr_carea' id='block_1_17' title="bbox 452 2853 516 2886">
    <p class='ocr_par' dir='ltr' id='par_1_18' title="bbox 452 2853 516 2886">
     <span class='ocr_line' id='line_1_46' title="bbox 452 2853 516 2886; baseline 0 -10"><span class='ocrx_word' id='word_1_347' title='bbox 452 2853 516 2886; x_wconf 84' lang='lat'><strong>2¹4</strong></span> 
     </span>
    </p>
   </div>
  </div>
 </body>
</html>
