1878 3172
216 149 285 190 571
305 150 335 179 a
680 138 941 183 IOANNIS
982 137 1497 183 SARESBERIENSIS
1657 137 1767 199 [ΗΒ.
1783 150 1814 182 v
1859 167 1861 170 -

303 280 333 308 a
350 259 551 302 Gratiam
578 260 744 317 fingere
770 260 818 302 in
844 259 956 311 odio,
976 260 1194 302 instruere
1220 258 1339 302 inter
1363 258 1676 302 concordantes
1701 258 1813 310 odia,
1864 263 1865 266 ’

348 328 469 385 apud
506 331 746 386 utrumque
780 329 973 386 gratiam
1009 343 1218 385 quaerere
1247 327 1500 385 sollempnis
1533 327 1601 370 illi
1633 342 1812 372 consue-

347 398 468 441 tudo.
527 397 654 442 Inter
673 399 779 442 haec
800 398 1050 455 eloquentia
1072 400 1117 440 et
1143 397 1330 455 insignis
1351 397 1505 450 oratio,
1526 397 1742 441 acuminis
1767 400 1814 441 ct

348 467 569 510 sollertiae
602 467 743 524 plena,
775 470 828 511 ut
857 482 936 511 nec
965 467 1143 510 ornatui
1173 466 1365 510 facilitas
1394 480 1474 509 nec
1502 465 1709 510 facilitati
1744 467 1811 509 in·

348 536 609 579 uentionum
641 536 811 580 deesset
844 539 1039 581 ornatus.
1110 536 1228 579 Huic
1268 535 1522 578 Alexander
1559 535 1679 578 filius
1716 549 1811 579 suc·
1831 552 1851 586 5

349 606 490 656 cessit,
528 608 574 648 ct
606 605 776 649 uirtute
807 608 853 649 et
885 606 1011 649 uitiis
1044 608 1172 663 patre
1202 605 1354 649 maior.
1413 604 1572 662 Itaque
1606 605 1811 648 uincendi

349 675 465 717 ratio
483 674 661 730 utrique
682 674 868 719 diuersa.
927 675 1014 718 Hic
1034 678 1198 732 aperta,
1220 675 1295 717 ille
1314 673 1487 717 artibus
1509 673 1626 716 bella
1651 676 1812 717 tracta-

348 744 437 787 bat.
516 744 723 800 Deceptis
765 744 840 787 ille
888 745 1081 802 gaudere
1119 744 1332 794 hostibus,
1371 743 1444 786 hic
1492 743 1640 800 palam
1688 742 1812 787 fusis.

349 813 615 856 Prudentior
642 813 717 856 ille
746 813 938 865 consilio,
967 814 1039 857 hic
1074 814 1222 857 animo
1255 812 1618 870 magnificentior.
1690 812 1812 856 Iram

348 886 475 940 pater
505 882 793 933 dissimulare,
821 883 1079 940 plerumque
1110 883 1245 926 etiam
1283 882 1459 925 uincere
1479 895 1490 934 ;
1529 881 1600 924 hic
1629 881 1707 924 ubi
1736 896 1811 930 ex·
1831 897 1847 923 1

348 952 539 1002 arsisset,
567 966 647 994 nec
677 951 833 994 dilatio
862 952 1044 995 ultionis
1073 966 1153 996 nec
1182 951 1339 994 modus
1368 952 1475 994 erat.
1544 950 1650 993 Vini
1680 951 1812 994 nimis

347 1024 534 1077 uterque
566 1021 735 1071 auidus,
771 1021 846 1064 sed
881 1021 1109 1064 ebrietatis
1149 1021 1325 1063 diuersa
1363 1020 1488 1063 uitia.
1560 1019 1683 1062 Patri
1717 1034 1812 1063 mos

348 1093 445 1132 erat
479 1089 614 1132 etiam
646 1090 701 1133 de
732 1091 937 1134 conuiuio
970 1091 1019 1133 in
1053 1091 1225 1134 hostem
1263 1103 1531 1147 procurrere,
1563 1103 1610 1132 se
1647 1091 1812 1132 temere

349 1159 555 1215 periculis
586 1160 768 1212 offerre3
810 1160 1065 1203 Alexander
1101 1174 1191 1202 non
1228 1159 1277 1201 in
1307 1159 1479 1202 hostem
1513 1158 1589 1202 sed
1628 1158 1676 1201 in
1710 1173 1824 1218 suos·

304 1224 333 1262 b
350 1229 588 1272 saeuiebat.
628 1228 923 1281 Quamobrem
939 1244 1068 1286 saepe
1085 1229 1338 1286 Philippum
1349 1228 1633 1271 uulneratum
1645 1228 1813 1285 praelia
1831 1246 1847 1271 1

351 1298 625 1349 remiserunt,
639 1299 711 1342 hic
730 1299 971 1342 amicorum
991 1298 1325 1342 interfectorum
1337 1297 1543 1341 conuiuio
1556 1297 1812 1355 frequenter
1867 1338 1870 1339 γ

350 1367 548 1409 excessit.
608 1367 809 1424 Regnare
839 1368 913 1410 ille
943 1382 1043 1411 cum
1073 1367 1225 1410 amicis
1254 1366 1445 1418 uolebat,
1474 1366 1545 1409 hic
1574 1366 1622 1408 in
1650 1367 1812 1410 amicos
1864 1400 1866 1409 2

350 1450 487 1493 regna
507 1437 749 1479 exercebat.
790 1437 945 1479 Amari
965 1439 1093 1493 pater
1106 1436 1249 1486 malle,
1262 1436 1334 1479 hic
1348 1435 1498 1478 metui.
1541 1435 1811 1479 Litterarum
1867 1434 1878 1512 Ξ

349 1504 496 1547 cultus
525 1504 703 1560 utrique
732 1505 899 1548 similis.
959 1505 1191 1548 Sollertiae
1220 1507 1348 1561 pater
1375 1503 1566 1556 maioris,
1594 1504 1666 1547 hic
1694 1504 1810 1547 fidei.
1871 1513 1875 1519 '

350 1572 508 1615 Verbis
546 1574 680 1628 atque
726 1573 924 1616 oratione
973 1573 1215 1630 Philippus,
1254 1572 1326 1615 hic
1364 1572 1495 1615 rebus
1533 1572 1810 1617 moderatior.
1829 1521 1878 1634 ολ

351 1641 563 1684 Parcendi
615 1641 747 1684 uictis
801 1642 894 1684 fflio
949 1641 1123 1685 animus
1177 1640 1424 1698 promptior
1481 1643 1527 1684 et
1574 1641 1810 1686 honestior.

351 1710 620 1767 Frugalitati
668 1713 806 1767 pater,
854 1711 1058 1753 luxuriae
1110 1710 1229 1752 fflius
1278 1709 1420 1767 magis
1473 1709 1649 1753 deditus
1701 1714 1810 1754 erat.
1870 1752 1873 1763 ,

351 1779 523 1832 Quibus
571 1779 742 1822 artibus
790 1780 909 1823 orbis
958 1779 1133 1836 imperii
1182 1779 1475 1822 fimdamenta
1522 1782 1651 1836 pater
1697 1780 1811 1833 iecit,
1866 1774 1873 1815 ἔ

349 1849 494 1905 operis
519 1849 637 1892 tanti
663 1849 850 1907 gloriam
876 1850 996 1892 filius
1020 1848 1356 1893 consummauit.
1415 1847 1501 1891 Ast
1527 1849 1575 1891 111
1603 1863 1692 1892 uno
1720 1864 1810 1893 non

350 1917 479 1960 modo
518 1917 659 1974 patris
698 1918 775 1961 sed
813 1918 1011 1961 omnium
1049 1918 1342 1975 ingenuorum
1375 1917 1649 1960 transcendit
1685 1918 1811 1970 uitia,
1828 1920 1878 1979 ιφ

351 1987 468 2044 quod
487 1987 939 2031 incontinentissimae
959 1987 1049 2030 fuit
1067 1987 1275 2038 inuidiae,
1287 1986 1396 2030 adeo
1415 1989 1468 2029 ut
1482 1986 1617 2029 etiam
1636 1987 1810 2044 paterni

309 2065 333 2095 c
350 2057 566 2114 triumphi
593 2057 633 2099 ei
660 2057 863 2100 lacrimas
891 2059 1205 2113 extorquerent
1235 2070 1286 2099 ac
1315 2055 1353 2099 si
1382 2055 1423 2098 ei
1451 2056 1598 2099 uirtus
1626 2059 1812 2113 paterna
1876 2053 1878 2100 ἶ

349 2126 546 2168 omnium
575 2126 868 2183 gerendorum
896 2126 1166 2183 praeriperet
1194 2125 1393 2182 gloriam.
1453 2125 1539 2168 Eos
1568 2125 1703 2168 etiam
1731 2129 1813 2168 aut
1876 2127 1878 2140 ¹

348 2195 539 2252 propriis
576 2195 781 2238 manibus
819 2195 1112 2238 interficiebat
1151 2196 1231 2236 aut
1270 2193 1368 2250 rapi
1416 2194 1714 2251 praecipiebat
1751 2194 1809 2238 ad

348 2279 519 2321 penam,
545 2264 621 2320 qui
644 2266 855 2321 paternae
886 2263 1069 2306 uirtutis
1103 2262 1336 2320 praeconia
1361 2262 1688 2319 praedicabant.
1745 2262 1809 2307 At
1828 2276 1865 2312 ³⁶

349 2332 579 2390 Pitagoras
608 2332 727 2389 apud
760 2332 1042 2389 philosophos
1071 2334 1224 2374 tantae
1259 2331 1413 2374 extitit
1448 2330 1728 2374 auctoritatis
1757 2334 1811 2374 ut

349 2401 406 2444 ad
432 2401 629 2445 omnium
659 2401 967 2457 quaestionum
997 2400 1260 2443 decisionem
1290 2399 1519 2452 sufficeret,
1548 2399 1586 2442 si
1610 2399 1658 2442 in
1683 2403 1811 2457 parte

347 2473 833 2527 mnis
849 2488 890 2524 M
988 2497 1028 2534 15
1047 2487 1275 2534 phylippum
1292 2487 1334 2523 M
1430 2497 1471 2533 17
1490 2499 1576 2524 cum
1593 2486 1726 2524 amicis
1742 2486 1810 2526 ille

350 2536 390 2572 M
484 2547 524 2572 21
544 2536 728 2582 promtior
738 2536 834 2572 CBA
936 2545 979 2581 31
997 2534 1218 2582 pithagoras
1230 2534 1319 2571 CAS
1430 2545 1475 2580 32
1494 2534 1742 2572 demisionem
1754 2533 1810 2574 OS

401 2612 441 2647 17
459 2605 614 2639 uolebat:
633 2605 772 2639 nolebat
784 2602 917 2639 Iustin.
1028 2612 1074 2646 24
1091 2603 1203 2638 tanti:
1229 2602 1339 2637 totius
1351 2599 1486 2637 Iustin.
1605 2602 1651 2638 26
1667 2603 1755 2638 adeo
1769 2606 1811 2638 ut

351 2652 439 2687 etc.:
457 2650 539 2685 Hoc
551 2650 596 2686 de
606 2649 820 2686 Alexandro
832 2650 960 2685 narrat
971 2648 1194 2703 Plutarchus
1209 2650 1277 2684 Vit.
1286 2649 1390 2684 Alex.
1401 2659 1432 2684 c.
1449 2657 1467 2694 5
1482 2647 1544 2693 (cf.
1551 2649 1809 2694 Apophtheym.

354 2706 422 2742 179
429 2698 500 2780 t13>);
491 2697 616 2742 ,apud
630 2697 783 2733 Latinos
796 2699 926 2733 tamen
938 2708 1015 2732 non
1032 2695 1172 2732 inveni.
1217 2697 1296 2778 agg
1297 2696 1500 2777 ⁶333,erss
1502 2696 1657 2778 Ieltptmv
1645 2695 1811 2796 1ο1-11186111ξ114

350 2743 476 2828 fxoisan
488 2746 842 2837 legilzoIdoggiei‘e‘lnma
861 2754 1226 2837 ἕζαῗιῖἒέἶῖαὲἑΐορτ
1243 2801 1275 2826 v.
1287 2787 1361 2826 Cic.
1372 2790 1415 2825 de
1427 2790 1511 2825 Nat.
1523 2790 1627 2826 Deor.
1641 2788 1667 2825 i.
1685 2797 1704 2836 5
1720 2788 1809 2836 §10-

460 2844 526 2888 336
