1878 3172
105 170 205 205 on.
217 159 288 216 Ἡ]
620 157 1054 202 POLICRATICVS
1579 165 1665 205 ⁴⁰2
1683 167 1715 196 a

105 277 291 321 arbitrio
320 291 400 321 suo
429 291 547 320 nunc
576 276 722 329 deicit,
746 291 863 319 nunc
890 275 1077 320 extollit.
1153 274 1296 327 Certe,
1324 274 1407 318 etsi
1438 273 1564 317 nulla

105 347 277 390 ratione
305 346 365 389 sit
393 346 587 403 spiritus,
611 360 708 388 eam
734 344 954 402 quoddam
983 343 1236 387 uehiculum
1265 343 1448 400 spiritus
1471 358 1564 387 esse

105 415 398 459 certissimum
419 418 508 467 est3
537 418 583 457 et
601 428 718 457 nunc
739 413 916 471 quidem
936 413 1192 465 humanum,
1212 427 1330 456 nunc
1349 412 1564 464 diuinum,

106 498 225 526 nunc
244 487 290 527 et
309 483 584 540 phitonicum
603 483 731 540 gerit.
790 482 903 526 Cum
922 496 1028 524 uero
1047 482 1189 524 modis
1209 482 1300 524 suis
1320 482 1565 539 elegantius

30 569 35 573 ·
69 573 89 606 5
108 552 247 595 fuerit
265 553 469 603 colorata,
489 555 723 595 uenustate
743 552 812 594 sui
832 557 1002 594 mentes
1022 551 1155 594 etiam
1175 551 1415 593 seueriores
1434 551 1565 607 capit,

108 625 154 664 et
174 621 363 678 quadam
384 621 589 664 inductae
610 621 849 664 hilaritatis
867 621 1015 677 gratia
1034 620 1160 677 pellit
1179 620 1432 672 tristitiam3
1463 623 1509 663 et
1528 620 1565 662 si

109 690 216 747 quid
249 690 446 747 pulueris
479 693 559 732 aut
593 690 785 732 turbinis
819 693 899 732 aut
932 690 1192 732 nebularum
1224 689 1567 746 cogitationibus

108 759 217 816 ipsis
265 759 500 810 inheserat,
546 762 750 815 potenter
799 759 1028 816 abstergit.
1104 758 1176 800 Ad
1224 773 1367 801 mores
1415 758 1565 814 itaque

109 828 390 870 instruendos
424 832 469 870 et
499 828 668 870 animos
697 827 970 870 exultatione
1003 827 1187 870 uirtutis
1220 827 1485 870 traiciendos
1520 827 1568 868 in

51 915 94 939 10
109 897 279 940 cultum
318 896 510 948 Domini,
545 911 633 939 non
673 897 802 939 modo
842 900 1100 939 concentum
1140 896 1368 939 hominum
1407 896 1484 939 sed
1523 901 1569 938 et

110 965 505 1008 instrumentorum
546 965 696 1008 modos
728 968 992 1008 censuerunt
1026 965 1167 1008 sancti
1199 968 1347 1022 patres
1377 965 1569 1007 Domino

110 1034 405 1091 applicandos,
439 1048 539 1076 cum
579 1034 733 1090 templi
777 1034 1069 1077 reuerentiam
1109 1034 1359 1077 dilatarent.
1433 1034 1492 1076 Et
1530 1034 1565 1076 si

111 1102 348 1145 militantis
394 1102 598 1145 ecclesiae
651 1103 735 1145 tibi
785 1117 926 1159 parua
975 1102 1156 1145 uidetur
1205 1102 1457 1152 auctoritas,
1496 1103 1568 1145 uel
1586 1099 1615 1138 b

111 1171 432 1227 triumphatrix
471 1171 549 1213 illa
587 1171 820 1227 praeconia
857 1171 1049 1214 musicae
1097 1186 1186 1213 non
1234 1171 1410 1222 tacebit,
1445 1171 1570 1214 cuius

54 1257 95 1292 ¹5
113 1240 305 1283 seniores
337 1239 454 1282 uidit
485 1244 530 1282 et
564 1240 647 1282 tibi
686 1240 952 1282 monstrauit
982 1240 1171 1282 tonitrui
1204 1240 1334 1290 filius,
1364 1242 1410 1282 et
1442 1254 1572 1282 uoces

114 1323 265 1352 eorum
294 1309 409 1351 sicut
437 1309 762 1352 citharedorum
792 1309 1149 1351 citharizantium
1178 1309 1226 1350 in
1255 1308 1438 1351 citharis
1467 1308 1571 1351 suis.

114 1377 243 1430 Quod
276 1377 314 1420 si
346 1377 445 1420 illos
476 1378 671 1420 nondum
704 1378 881 1429 audisti,
916 1392 1063 1435 regem
1094 1378 1250 1420 audias
1284 1377 1571 1426 exultantem,

112 1445 189 1502 qui
209 1449 254 1488 te
273 1447 398 1503 regni
419 1450 464 1489 et
483 1447 771 1489 exultationis
790 1461 894 1489 suae
914 1447 1015 1489 uult
1042 1461 1134 1489 esse
1163 1446 1434 1503 participem.
1491 1446 1572 1488 Ait

115 1515 255 1557 enim:
285 1514 457 1558 Sumite
477 1516 707 1572 psalmum,
727 1516 829 1558 date
849 1519 1124 1572 tympanum,
1146 1515 1403 1572 psalterium
1423 1515 1571 1558 iocun-

56 1603 100 1626 20
117 1583 223 1626 dum
251 1599 351 1627 cum
377 1585 560 1629 cithara.
629 1586 701 1627 Ad
726 1586 844 1642 quid,
868 1585 1045 1642 inquis?
1115 1585 1180 1627 Vt
1203 1585 1393 1627 laudetis
1420 1584 1571 1627 Domi-

115 1667 223 1696 num
257 1653 304 1695 in
338 1657 553 1710 tympano
580 1658 625 1697 et
654 1655 798 1705 choro,
822 1655 869 1696 in
901 1655 1044 1697 cordis
1076 1657 1121 1697 et
1150 1669 1326 1711 organo.
1387 1654 1474 1696 Hic
1505 1656 1572 1695 est

115 1721 232 1764 enim
253 1737 359 1765 usus
378 1723 569 1765 musicae
593 1726 672 1766 aut
699 1723 817 1766 solus
836 1726 915 1765 aut
938 1723 1210 1780 praecipuus.
1269 1723 1306 1765 F
1305 1723 1446 1785 gigius
1466 1736 1572 1764 uero

114 1790 270 1833 modus
301 1794 346 1833 et
374 1794 519 1834 cetera
548 1792 842 1848 corruptionis
871 1792 1087 1834 lenocinia
1116 1806 1248 1834 sanae
1278 1791 1572 1834 institutionis

118 1873 208 1901 non
226 1859 393 1902 habent
420 1874 563 1911 usum,
582 1861 658 1902 sed
681 1861 875 1917 produnt
902 1860 1118 1903 malitiam
1147 1861 1383 1903 abutentis.
1441 1860 1574 1902 Dolet

59 1944 101 1978 ²5
120 1927 260 1984 igitur
299 1931 344 1970 et
382 1929 630 1985 ingemiscit
663 1929 827 1985 species
864 1929 1099 1971 laudabilis
1138 1929 1405 1985 disciplinae,
1436 1943 1482 1971 se
1517 1928 1574 1970 ab
1591 1939 1616 1968 c

119 1996 262 2038 alieno
281 1996 394 2038 uitio
414 1996 663 2048 deformari,
678 2001 724 2040 et
744 1997 859 2054 quod
880 1997 1014 2040 facies
1034 1998 1275 2040 meretricis
1295 1997 1415 2039 facta
1434 2000 1502 2039 est
1521 1996 1574 2047 ei,

118 2079 231 2120 quae
259 2065 410 2107 uiriles
437 2080 609 2121 quoque
635 2067 805 2108 animos
833 2067 1065 2108 accendere
1092 2069 1378 2108 consueuerat
1403 2065 1460 2107 ad
1484 2065 1574 2107 uir-

117 2136 272 2175 tutem.
342 2134 572 2176 Amatoria
611 2134 904 2177 bucolicorum
944 2135 1062 2190 apud
1108 2135 1227 2176 uiros
1272 2148 1430 2190 graues
1470 2148 1574 2184 esse,

118 2201 268 2244 fuerat
286 2201 482 2244 criminis
495 2216 505 2254 3
534 2217 650 2244 nunc
671 2217 775 2244 uero
790 2203 911 2244 laudi
926 2203 1115 2254 ducitur,
1131 2203 1168 2244 si
1183 2202 1335 2244 uideas
1349 2202 1575 2258 grauiores

60 2287 103 2320 30
119 2270 347 2322 amatoria,
368 2285 480 2325 quae
500 2271 556 2312 ab
575 2270 683 2327 ipsis
702 2271 910 2313 dicuntur
937 2271 1181 2328 elegantius
1201 2271 1456 2322 stulticinia,
1476 2285 1573 2326 per-

119 2353 285 2381 sonare.
356 2339 509 2395 Ipsum
549 2354 721 2395 quoque
760 2339 927 2381 cultum
967 2339 1190 2396 religionis
1228 2339 1425 2389 incestat,
1457 2339 1574 2395 quod

119 2410 223 2450 ante
253 2410 533 2463 conspectum
567 2407 747 2450 Domini
779 2408 826 2449 in
861 2408 968 2464 ipsis
999 2408 1299 2464 penetralibus
1333 2408 1574 2450 sanctuarii

120 2532 142 2557 2
166 2521 355 2558 ueiculum
373 2522 397 2558 S
527 2533 551 2567 4
576 2521 825 2568 phytonicum
843 2521 882 2556 M
1012 2522 1035 2558 6
1058 2520 1275 2567 hylaritatis
1291 2520 1393 2556 CBM
1533 2522 1575 2557 16

121 2579 230 2604 uoces
242 2575 325 2613 post
342 2570 439 2606 sicut
456 2571 540 2605 add.
557 2570 590 2604 A
684 2569 851 2614 cytharis
868 2568 908 2603 M
1053 2578 1096 2614 19
1120 2568 1337 2614 timpanum
1354 2568 1386 2602 A
1529 2579 1577 2604 20

121 2615 280 2660 cythara
296 2616 334 2650 M
478 2627 519 2652 21
547 2616 722 2662 timpano
738 2615 797 2651 AS

172 2733 212 2770 15
238 2728 509 2770 tonitruifilius
524 2728 597 2762 etc.
618 2738 626 2762 ε
653 2738 683 2761 v.
703 2725 818 2771 Apoc.
836 2723 908 2759 xiv.
927 2734 969 2766 2;
995 2723 1041 2760 cf.
1059 2723 1176 2759 Marc.
1194 2723 1250 2759 iii.
1271 2733 1325 2767 17.
1533 2733 1576 2768 19

122 2772 258 2807 Sumite
274 2775 345 2808 etc.
361 2785 370 2808 ι
398 2773 456 2809 Ps.
474 2773 575 2808 lxxx.
597 2783 628 2808 2.
771 2782 817 2807 20
841 2772 995 2807 laudetis
1012 2772 1105 2808 etc.:
1134 2770 1193 2807 Pe.
1208 2771 1253 2807 cl.
1270 2781 1305 2816 4.

178 2850 258 2869 wm
846 2840 873 2867 G
1422 2841 1463 2873 41

1630 1041 1664 1051 x
