1878 3172
31 178 44 194 Α,
60 147 160 182 σΑι».
179 137 274 199 xn]
570 141 968 188 POLICRATICV
969 143 1002 187 S
1524 154 1597 195 57ι
1616 156 1641 185 0

59 256 311 315 crederetur
342 257 571 317 Pitagoras
611 260 821 304 extitisse.
891 261 1082 304 Tantum
1130 276 1319 318 namque
1360 262 1509 319 opinio

58 325 359 382 praeiudicata
386 330 562 384 poterat
594 331 647 371 ut
684 330 820 372 nichil
857 330 1177 373 conualesceret
1211 331 1267 372 ab
1297 331 1509 387 opposito,

58 393 165 437 dum
191 395 274 439 hoc
298 395 392 453 ipse
419 395 583 440 dixisse
612 397 841 449 diceretur,
866 403 911 442 et
940 414 996 442 ex
1023 414 1108 443 usu
1136 400 1510 456 adquiescentium

58 476 150 505 uox
185 463 282 520 ipsa
325 465 595 521 pronominis
640 466 892 523 Pitagoram
929 467 1162 511 indicabat.
1240 467 1354 511 Gum
1392 468 1509 511 enim

20 546 43 582 5
60 531 318 588 simpliciter
336 533 587 576 dicebatur:
617 534 719 591 Ipse
738 536 820 579 hoc
846 536 987 588 dixit;
1016 552 1073 579 ex
1100 540 1332 593 praecepta
1359 541 1506 580 aucto-

57 593 203 651 ritate‚
241 603 354 645 teste
392 602 548 655 Tullio,
583 603 834 661 Pitagoram
873 605 1064 662 intelligi
1105 606 1346 662 oportebat.
1420 605 1507 648 Hic

57 670 208 711 tamen
245 672 342 712 tota
378 672 642 715 auctoritate
680 687 761 715 sua
799 687 1076 730 nequaquam
1121 673 1333 716 iudicium
1370 674 1507 723 flexit,

57 737 135 780 sed
153 738 297 782 adhuc
314 738 636 783 interueniente
655 741 865 784 dilatione
890 745 1070 798 propter
1089 742 1152 784 rei
1172 742 1507 799 ambiguitatem

58 806 221 862 pendet
238 809 468 852 sententia.
526 809 691 852 Thema
710 810 886 867 quidem
906 811 1158 854 huiusmodi
1178 814 1267 854 est:
1524 809 1553 848 d

84 913 91 923 ,
117 875 298 920 Euallus
335 877 584 921 adolescens
622 879 746 922 diues
784 880 1057 936 eloquentiae
1095 880 1326 923 discendae
1362 880 1509 937 gratia

60 957 298 1002 causasque
315 947 470 989 orandi
490 948 668 1004 cupiens
693 947 792 991 fuit.
851 949 938 992 Hic
957 949 1005 990 in
1024 949 1256 1005 disciplina
1275 949 1508 1006 Pitagorae

58 1026 106 1055 se
123 1013 257 1065 dedit,
276 1015 539 1072 promittens
564 1017 794 1073 pecuniam
820 1020 1032 1073 quantam
1059 1018 1286 1075 Pitagoras
1309 1018 1509 1074 petierat,

58 1080 165 1124 data
204 1082 439 1126 medietate
478 1087 715 1141 antequam
754 1085 1069 1142 ingrederetur,
1100 1086 1285 1128 daturus
1324 1086 1509 1128 alteram

10 1151 17 1162 ⁹
58 1163 146 1206 quo
163 1150 355 1207 primum
374 1151 446 1194 die
465 1167 640 1195 eausam
661 1154 778 1209 apud
804 1154 969 1196 iudices
988 1157 1232 1210 perorasset
1255 1157 1300 1197 et
1319 1154 1508 1198 uicisset.

23 1229 44 1264 5
60 1217 216 1261 Postea
249 1233 349 1262 cum
377 1220 545 1264 diutius
578 1222 755 1264 auditor
783 1225 1057 1278 assertorque
1092 1223 1322 1280 Pitagorae
1350 1223 1509 1266 fuisset

61 1285 399 1344 facundiamque
423 1290 714 1345 promouisset
739 1305 766 1333 a
792 1291 939 1334 studio
963 1295 1008 1334 et
1033 1295 1284 1334 transcurso
1310 1295 1506 1348 tempore

57 1353 244 1412 longiori
272 1358 555 1401 causantibus
582 1360 875 1415 patrocinium
904 1361 1151 1418 denegaret,
1174 1364 1226 1403 ut
1254 1361 1507 1417 putabatur,

58 1438 115 1466 ne
139 1424 328 1468 doctoris
358 1426 561 1483 impleret
585 1428 837 1479 mercedem,
864 1429 1016 1472 habito
1046 1430 1225 1472 consilio
1253 1430 1378 1472 litem
1407 1444 1508 1472 cum

59 1506 111 1534 eo
140 1492 368 1550 Pitagoras
396 1498 680 1540 contestatur.
738 1496 851 1540 Cum
880 1512 984 1554 ergo
1012 1498 1070 1540 ad
1098 1498 1262 1540 iudices
1291 1497 1508 1540 ineundae

59 1561 474 1619 constituendaeque
516 1578 671 1607 causae
713 1566 937 1608 uenissent
978 1567 1135 1622 gratia,
1178 1566 1406 1623 Pitagoras
1444 1565 1507 1608 sic

59 1642 239 1673 exorsus
267 1634 356 1674 est:
390 1631 531 1683 Disce,
559 1633 715 1689 inquit,
745 1635 1002 1677 stultissime
1030 1635 1290 1687 adolescens,
1319 1638 1506 1690 utroque
1522 1642 1600 1683 572
1619 1644 1650 1672 a

59 1696 107 1740 id
132 1699 261 1742 modo
284 1699 379 1743 fore
398 1702 467 1743 uti
492 1702 649 1744 reddas
676 1703 791 1758 quod
817 1707 931 1759 peto,
952 1704 1045 1746 siue
1072 1718 1152 1760 pro
1177 1707 1223 1746 te
1248 1704 1506 1760 pronuntia-

58 1768 156 1808 tum
189 1767 275 1810 erit
307 1768 401 1810 siue
429 1772 582 1811 contra
610 1773 666 1812 te.
725 1770 842 1812 Nam
871 1771 909 1814 si
937 1775 1091 1814 contra
1120 1775 1166 1814 te
1194 1772 1248 1814 lis
1278 1772 1384 1814 data
1412 1771 1508 1823 erit,

59 1848 224 1878 merces
260 1836 394 1878 michi
433 1852 490 1879 ex
527 1839 747 1880 sententia
778 1839 1021 1890 debebitur,
1056 1840 1159 1896 quia
1198 1855 1279 1896 ego
1313 1841 1510 1891 euicer03

23 1916 45 1952 5
60 1901 131 1944 sin
149 1917 254 1946 uero
273 1904 511 1946 secundum
530 1907 576 1947 te
595 1906 837 1948 iudicatum
858 1907 954 1959 erit,
970 1922 1132 1949 merces
1151 1908 1284 1950 michi
1305 1923 1361 1950 ex
1379 1910 1509 1963 pacto

12 1972 15 1976 ’
60 1969 302 2020 debebitur,
329 1971 433 2026 quia
461 1975 513 2014 tu
539 1973 707 2015 uiceris.
765 1974 837 2015 Ad
864 1989 915 2016 ea
940 1974 1108 2030 placide
1136 1975 1339 2017 Euallus:
1379 1975 1508 2031 Opto,

58 2037 216 2094 inquit,
236 2038 338 2081 huic
357 2042 460 2081 tuae
479 2042 573 2081 tam
591 2040 773 2096 ancipiti
793 2041 985 2097 captioni
1004 2042 1089 2084 isse
1108 2042 1295 2092 obuiam,
1315 2043 1352 2084 si
1372 2043 1509 2084 uerba

57 2119 148 2148 non
170 2105 263 2162 ipse
289 2105 478 2149 facerem
498 2110 629 2162 atque
656 2108 743 2150 alio
769 2112 955 2164 patrono
975 2112 1134 2152 uterer.
1194 2109 1281 2152 Sed
1301 2111 1441 2166 magis
1460 2111 1509 2152 in

58 2173 147 2216 ista
174 2174 360 2216 uictoria
388 2175 638 2231 proludium
669 2178 746 2225 est,
775 2190 875 2219 cum
904 2179 950 2218 te
978 2191 1066 2218 non
1095 2176 1142 2218 in
1171 2191 1302 2219 causa
1331 2180 1508 2220 tantum

61 2291 80 2320 1
106 2282 324 2328 pithagoras
344 2282 420 2319 OS:
448 2284 648 2328 pytagoras
666 2282 707 2318 M
822 2293 844 2327 4
870 2282 1109 2329 pithagoram
1126 2282 1200 2318 OS:
1224 2285 1449 2330 pytagoram
1465 2283 1505 2319 M

58 2329 83 2366 6
105 2329 345 2411 pithagoram
361 2329 439 2366 CS:
464 2331 662 2375 ptagoram
678 2329 708 2364 B
838 2340 881 2364 10
904 2330 1142 2365 adholescens
1158 2331 1191 2364 A
1318 2341 1359 2366 12
1384 2330 1507 2376 pitha-

57 2386 169 2458 {om
184 2376 212 2412 C
314 2386 328 2412 1
336 2386 354 2429 5
372 2375 570 2429 pithagore
587 2376 611 2411 S
694 2386 746 2429 ¹9:
761 2386 817 2411 20.
835 2375 1053 2423 pithagoras
1070 2375 1124 2411 CS
1173 2423 1180 2430 ·
1202 2386 1245 2412 21
1265 2376 1504 2413 adholescens

55 2480 84 2516 1)
85 2468 165 2506 mla
166 2433 271 2505 diui}
287 2422 381 2504 {ff}
399 2422 514 2459 fuerit
529 2423 563 2456 A
685 2425 757 2459 ent
774 2423 864 2458 data
880 2423 919 2458 M
1053 2433 1098 2467 24
1123 2425 1281 2459 euistero
1298 2423 1326 2459 C
1459 2434 1504 2470 29

109 2577 155 2603 ιο
165 2568 323 2603 Ειιαῑῑιιε
334 2567 535 2603 adolescens
547 2566 637 2602 etc.:
654 2577 685 2601 v.
700 2564 797 2602 Gen.
809 2578 840 2601 v.
857 2576 914 2607 10:
930 2565 971 2600 in
982 2565 1147 2603 editione
1160 2566 1273 2604 Gellii
1284 2579 1352 2603 sua
1364 2566 1504 2603 maiore

59 2611 330 2660 discrepantias
347 2613 499 2649 Ioannis
514 2624 538 2648 a
549 2614 656 2648 textu
669 2613 821 2658 vulgato
835 2612 996 2648 contulit
1008 2613 1194 2649 Hertzius.
1262 2617 1403 2658 qratia:
1430 2625 1504 2650 om.

0 2683 4 2687 -
61 2658 159 2696 Gell.
302 2669 342 2696 11
360 2662 566 2704 Pitayorae:
583 2661 797 2703 Protaqorae
810 2658 904 2694 Gell.
916 2659 1073 2704 passim3
1095 2663 1137 2695 ut
1154 2660 1246 2696 dicit
1259 2661 1394 2697 Noster
1405 2661 1505 2697 infra

63 2714 129 2752 572
141 2715 178 2742 B.
297 2716 338 2752 13
355 2708 442 2742 data
458 2717 574 2751 usque
591 2705 640 2740 ad
656 2707 825 2740 alteram:
857 2707 1112 2752 dimidiumque
1128 2709 1204 2742 eius
1219 2709 1315 2742 dedit
1332 2710 1405 2742 iam
1421 2713 1506 2743 tunc

60 2754 182 2788 atatim
191 2755 407 2800 priusquam
421 2755 566 2790 disceret
577 2754 781 2798 pepiqitque
796 2757 837 2787 ut
853 2754 1029 2800 reliquum
1045 2755 1236 2789 dimidium
1252 2756 1362 2797 daret,
1382 2754 1478 2790 Gell.

115 2823 196 2843 vm
745 2821 775 2847 x
792 2822 820 2848 x
1334 2822 1394 2857 337
