1878 3172
124 150 201 189 414
219 137 249 178 d
595 135 855 180 IOANNIS
895 134 1411 180 SARESBERIENSIS
1588 133 1699 194 [ΗΒ.
1714 147 1734 179 1

218 277 248 317 d
323 274 459 316 Terra
489 287 662 330 quoque
693 273 790 329 ipsa
819 272 1133 329 mysteriorum
1163 271 1336 315 conscia
1363 274 1442 323 est,
1472 271 1549 314 sed
1577 272 1736 329 grauia

265 343 414 386 omnia
449 342 727 399 frequentius
761 343 924 398 portat,
955 356 1006 384 eo
1038 340 1155 398 quod
1186 340 1378 383 fundata
1403 355 1536 398 super
1564 341 1734 384 stabili-

263 415 404 455 tatem
439 426 564 454 suam
596 411 770 454 mauult
804 411 1026 467 quiescere
1062 424 1195 467 quam
1225 409 1406 453 moueri.
1478 408 1593 454 Cum
1629 425 1735 468 ergo

264 482 463 539 mugitus
499 481 594 523 eius
629 480 823 535 auditur,
859 480 1022 522 amaris
1054 479 1289 522 euentibus
1323 478 1537 530 condolet,
1567 482 1614 523 et
1647 494 1735 537 quo

265 552 425 595 affectu
450 551 542 594 suis
568 550 866 607 compatiatur
892 549 1126 606 alumpnis‚
1147 548 1268 592 uocis
1296 563 1401 592 suae
1424 548 1612 592 tristitia
1634 564 1734 607 pro·
1754 561 1773 594 5

265 624 489 673 testatum
547 634 711 677 magna
751 619 969 676 siquidem
1009 621 1055 661 et
1097 618 1172 675 pia
1213 632 1374 675 parens
1418 618 1615 661 omnium
1656 621 1734 662 est.

267 690 511 732 Studuerat
531 690 638 732 haec
666 689 723 731 ab
749 688 958 745 amplexu
985 687 1174 744 hospitis
1201 701 1348 731 arcere
1369 687 1638 739 Phenissam‚
1658 688 1735 731 sed

267 759 372 815 quia
405 758 684 801 conciliatrix
719 757 902 814 hospitii
937 757 1089 799 Venus
1128 756 1218 798 iam
1253 756 1575 813 praeualuerat‚
1614 759 1736 800 tacta

225 834 234 846 ''
266 828 415 870 dolore
445 827 588 870 cordis
618 827 884 869 intrinsecus
914 826 1089 882 mugiit,
1117 825 1326 882 quoniam
1356 825 1397 868 ei
1426 825 1626 883 mugitus
1654 840 1736 883 pro

266 897 436 954 gemitu
456 899 533 939 est.
595 895 718 938 Haec
749 895 900 938 eadem
931 895 1135 951 quotiens
1164 894 1332 947 tremit,
1354 894 1459 938 filiis
1488 895 1580 938 suis
1609 909 1734 952 prae-
1754 910 1796 934 ιο

265 965 391 1008 uidet
424 964 593 1021 aliquid
628 964 926 1014 metuendum,
956 963 1043 1007 nisi
1079 963 1195 1006 forte
1229 963 1518 1020 parturiendo
1551 963 1735 1008 laboret.

266 1035 389 1078 Tunc
418 1049 526 1078 uero
556 1033 628 1076 uel
658 1034 837 1076 omnino
858 1033 968 1076 facit
999 1033 1217 1084 abortum,
1247 1035 1328 1076 aut
1356 1032 1561 1076 inutilem
1591 1032 1735 1076 fetum

265 1104 396 1161 parit,
417 1103 521 1160 quia
541 1106 593 1145 ut
612 1103 816 1155 multum,
839 1117 968 1160 saepe
989 1116 1089 1145 cum

127 1196 200 1236 415
219 1198 249 1226 a
439 1188 697 1246 parturiunt
726 1191 910 1238 montes,
939 1187 1137 1245 procedit
1166 1187 1378 1230 ridiculus
1406 1202 1518 1230 mus.

268 1276 389 1318 Haec
418 1278 524 1318 sunt
553 1274 714 1331 quibus
742 1277 885 1317 totam
914 1273 1196 1332 uigilantiam
1226 1288 1352 1316 suam
1381 1273 1534 1316 uideas
1564 1287 1731 1317 accom-
1752 1289 1792 1324 15

268 1345 447 1388 modare
467 1358 600 1401 quam
620 1343 846 1400 plurimos.

124 1433 203 1482 416
224 1444 253 1473 a
386 1424 545 1468 Cetera
575 1424 629 1466 de
658 1438 818 1480 genere
847 1424 928 1466 hoc
958 1423 1067 1466 adeo
1095 1426 1202 1466 sunt
1229 1422 1384 1475 multa,
1413 1422 1640 1479 loquacem

384 1485 436 1524 ut
465 1482 629 1524 lassare
658 1485 823 1538 queant
852 1481 1051 1531 Fabium,

265 1563 425 1620 quibus
445 1576 744 1618 quaecumque
763 1562 919 1604 domus
937 1561 1166 1613 institerit,
1181 1575 1278 1603 eam
1297 1575 1377 1604 nec
1397 1561 1454 1604 ab
1473 1561 1570 1618 ipsa
1588 1561 1732 1605 salute

265 1632 458 1675 arbitror
477 1645 602 1688 posse
623 1631 798 1674 saluari.
1749 1648 1793 1672 20

698 1757 909 1788 EXPLICIT
940 1756 1081 1787 LIBER
1112 1756 1296 1788 PRIMVS.

268 1877 283 1903 1
312 1864 566 1902 misteriorum
583 1863 642 1900 AS
787 1875 808 1900 2
835 1863 963 1901 omina
980 1863 1046 1899 SM
1207 1872 1225 1909 5
1253 1862 1419 1899 alumnis
1436 1862 1525 1899 GBS
1687 1872 1730 1900 12

265 1913 438 1950 oborsum
456 1912 522 1949 SM
669 1922 710 1956 14
737 1911 1042 1958 comparturiunt
1059 1910 1083 1947 S
1219 1910 1409 1957 procedit]
1427 1912 1606 1948 nascetur
1622 1909 1653 1946 P

315 2031 334 2067 7
360 2024 555 2058 studuerat
572 2024 667 2059 etc.:
694 2034 726 2057 v.
746 2021 858 2067 Verg.
881 2022 970 2057 Aen.
986 2020 1034 2056 iv.
1057 2021 1134 2057 166.
1327 2030 1370 2065 14
1394 2022 1616 2056 Parturiunt
1632 2021 1730 2056 etc.=

266 2070 357 2106 Hor.
374 2071 420 2106 A.
437 2071 477 2106 P.
499 2080 574 2115 139.
710 2077 750 2113 17
780 2070 903 2105 Cetera
920 2070 1014 2105 etc.:
1039 2068 1127 2104 Hor.
1145 2069 1221 2104 Sat.
1236 2066 1262 2103 i.
1282 2077 1312 2104 1.
1334 2078 1389 2114 13,
1407 2078 1462 2113 14.
1584 2077 1627 2114 19
1650 2079 1730 2104 eam

267 2119 338 2154 etc.
355 2129 364 2152 ι
390 2129 421 2154 ν.
438 2117 522 2154 Ter.
541 2118 611 2153 Ad.
630 2115 677 2152 iv.
695 2125 715 2161 7
730 2116 791 2153 fin.
