1878 3172
111 116 198 205 *416
216 154 247 198 α
590 148 850 195 1011111118
889 145 1401 192 SARESBERIENSIS
1558 143 1666 206 [m.
1683 155 1724 188 11

357 312 467 398 Cap.
496 354 536 386 2.
587 341 695 384 Non
724 337 1103 395 contempnendas
1132 352 1216 381 esse
1245 336 1437 380 omnim>
1466 349 1624 380 remma

646 409 948 452 naturalium
975 406 1336 464 siynfflcationes.

319 517 423 561 Non
454 520 617 567 tamen,
646 516 750 559 licet
788 516 936 559 omina
975 530 1093 557 uana
1131 529 1236 565 esse,
1270 514 1489 571 fidemque
1528 513 1728 571 auguriis

262 601 454 630 asseram
478 601 568 629 non
597 585 859 636 habendam,
879 585 978 627 ideo
1003 585 1242 642 signorum,
1263 598 1376 640 quae
1395 598 1423 626 a
1441 583 1728 640 dispositione

262 656 418 699 diuina
450 656 507 698 ad
542 655 827 698 erudiendam
861 657 1111 697 creaturam
1142 668 1345 696 concessa
1375 655 1492 703 sunt,
1517 652 1650 695 fidem
1684 654 1730 695 et
1747 666 1768 700 ⁵

265 724 462 768 fructum
497 739 673 777 euacua).
734 723 1023 780 Multipharie
1062 723 1281 779 siquidem
1314 722 1554 778 multisque
1587 720 1730 764 modis

127 810 199 850 417
219 811 250 841 a
266 809 391 837 suam
421 794 542 837 Deus
565 793 749 836 instruit
775 796 1035 842 creaturam,
1057 795 1102 834 et
1126 807 1244 835 nunc
1267 792 1585 834 elementorum
1610 790 1730 834 uoci-

266 863 349 906 bus
368 877 486 906 nunc
505 862 779 906 sensibilium
801 865 880 904 aut
895 861 1218 904 insensibilium
1233 875 1382 904 rerum
1397 859 1583 925 indiciis,
1597 863 1731 917 prout

266 932 415 976 electis
454 931 631 974 nouerit
669 931 888 988 expedire,
923 945 1036 987 quae
1075 933 1266 973 uentura
1305 932 1411 972 sunt
1458 928 1731 972 manifestat.

266 1001 460 1044 Futuras
485 1001 635 1057 itaque
660 1003 945 1057 tempestates
972 1003 1052 1042 aut
1078 999 1338 1042 serenitates
1364 999 1492 1057 signa
1516 998 1732 1055 quaedam
1752 1012 1792 1036 10
1865 1032 1878 1064 f

266 1070 572 1113 antecedentia
591 1069 954 1126 praeloquuntur,
975 1072 1027 1111 ut
1046 1069 1189 1121 homo,
1211 1068 1287 1125 qui
1307 1068 1365 1110 ad
1385 1068 1579 1111 laborem
1598 1070 1733 1110 natus

266 1141 345 1189 est,
365 1153 422 1181 ex
448 1139 518 1181 his
542 1138 682 1195 possit
708 1138 919 1181 exercitia
945 1153 1026 1181 sua
1051 1141 1310 1194 temperare.
1370 1137 1489 1180 Hinc
1515 1136 1733 1194 agricolae

265 1208 370 1251 hinc
389 1210 552 1250 nautae
572 1207 868 1250 familiaribus
888 1207 1153 1264 quibusdam
1174 1206 1487 1263 experimentis
1511 1206 1618 1263 quid
1646 1220 1733 1263 quo

265 1281 462 1334 tempore
482 1277 577 1334 geri
596 1280 798 1334 oporteat
821 1277 1048 1334 colligunt,
1069 1276 1331 1333 qualitatem
1351 1276 1562 1333 temporis
1588 1275 1732 1318 futuri

268 1361 324 1389 ex
354 1361 404 1389 eo
434 1346 551 1402 quod
580 1346 810 1403 praeteriit
840 1346 1084 1389 metientes.
1143 1345 1199 1387 In
1230 1359 1318 1402 qua
1347 1359 1395 1387 re
1426 1360 1507 1388 nec
1533 1360 1650 1396 aues,
1677 1345 1732 1388 de
1752 1359 1792 1394 15

269 1415 430 1471 quibus
449 1430 591 1458 sermo
610 1415 859 1471 praecessit,
879 1415 1077 1472 parentis
1097 1417 1283 1457 naturae
1310 1414 1520 1457 beneficio
1540 1414 1734 1457 arbitror

269 1484 519 1527 destitutas.
599 1484 790 1541 Mergus,
820 1484 974 1536 alcion,
1004 1484 1159 1541 cignus
1199 1484 1392 1526 archana
1422 1487 1609 1526 naturae
1644 1483 1733 1526 fre-

271 1556 457 1609 quenter
503 1553 722 1609 aperiunt.
807 1552 921 1596 Cum
960 1553 1124 1596 etenim
1170 1553 1285 1596 circa
1327 1553 1522 1595 medium
1561 1552 1736 1609 hyemis

227 1628 254 1666 b
273 1622 461 1665 alciones
486 1621 712 1665 nidificare
733 1636 903 1678 ouaque
925 1621 1075 1665 fouere
1096 1621 1387 1679 conspexeris,
1402 1621 1456 1664 de
1484 1622 1734 1678 quindecim

272 1691 443 1734 dierum
481 1691 735 1748 gratissima
778 1691 1015 1733 serenitate
1054 1707 1110 1734 ne
1150 1691 1337 1741 dubites,
1376 1706 1535 1748 eosque
1570 1694 1734 1735 nautae
1754 1704 1797 1728 ²0
1872 1683 1878 1717 ³

270 1760 414 1803 solent
453 1759 711 1816 diligentius
751 1760 997 1811 obseruare,
1031 1760 1326 1817 dicunturque
1365 1760 1458 1804 dies
1490 1760 1736 1812 alcionitae,

272 1829 433 1885 quibus
451 1829 532 1871 uix
551 1829 622 1871 uel
642 1829 789 1872 tenuis
809 1831 943 1872 flatus
958 1844 1068 1872 aura
1083 1830 1284 1872 sentitur.
1346 1829 1440 1872 Hos
1460 1829 1517 1872 ad
1536 1844 1735 1887 procrea-

271 1898 438 1941 tionem
468 1898 691 1955 pullorum
720 1913 900 1941 suorum
924 1899 1009 1941 sibi
1036 1914 1063 1941 a
1089 1902 1252 1942 natura
1275 1913 1498 1942 concessos
1517 1899 1735 1942 uerisimi-

272 1966 377 2010 liter
405 1967 664 2024 opinaberis.
724 1967 838 2012 Gum
873 1983 979 2011 uero
1012 1968 1262 2011 fluuialium
1293 1968 1446 2011 auium
1475 1983 1659 2026 corpora
1688 1968 1736 2011 in

273 2036 400 2092 aquis
443 2036 619 2079 auidius
665 2037 804 2094 mergi
854 2038 1105 2094 conspicies,
1145 2038 1307 2080 imbres
1353 2040 1548 2095 expecta.
1622 2037 1736 2082 Cum
1756 2051 1796 2084 ²5

273 2105 508 2149 clamorem
528 2106 713 2149 cornicis
734 2106 887 2149 audies
906 2107 1191 2160 matutinum,
1212 2107 1412 2164 pluuiam
1432 2107 1557 2164 petit.

449 2196 576 2239 Haut
605 2197 703 2240 ideo
732 2198 862 2241 credo
891 2199 996 2254 quia
1025 2199 1085 2242 sit
1114 2199 1310 2242 diuinius
1339 2199 1429 2241 illis

448 2254 687 2311 ingenium,
718 2259 797 2298 aut
827 2271 974 2299 rerum
1005 2256 1101 2300 fato
1130 2257 1367 2314 prudentia
1395 2256 1548 2312 maior,

278 2384 294 2410 1
323 2373 726 2420 Concontempnendas
746 2375 787 2412 M
942 2387 980 2413 11
1007 2376 1277 2423 praelocuntur
1294 2376 1334 2413 M
1387 2422 1390 2425 Δ
1488 2387 1530 2413 12
1555 2375 1741 2414 exercicia

276 2432 344 2456 sua
360 2421 412 2456 B:
433 2421 614 2458 exerticia
630 2434 698 2459 sua
713 2423 747 2458 A
905 2433 946 2469 17
972 2423 1120 2461 alcione
1137 2423 1197 2460 CB
1354 2434 1397 2471 19
1421 2434 1469 2459 xv
1485 2423 1552 2460 SM
1694 2425 1740 2461 26

277 2467 439 2504 audieris
456 2468 496 2504 M

325 2577 348 2612 6
373 2577 613 2622 Multipharie
633 2579 726 2614 eta:
752 2579 847 2615 Heb.
865 2579 889 2615 i.
911 2589 940 2615 1.
1083 2589 1121 2615 11
1149 2579 1250 2616 homo
1267 2581 1361 2615 eta:
1386 2578 1452 2614 Iob
1469 2591 1501 2615 v.
1519 2587 1552 2624 7.
1699 2588 1740 2624 17

278 2624 446 2676 Mqryus:
471 2635 501 2659 v.
519 2623 617 2678 ljlin.
634 2627 684 2661 Η.
702 2627 747 2662 Ν.
766 2626 869 2663 xviii.
886 2628 942 2671 87.
1078 2628 1196 2662 alcion
1212 2639 1221 2663 ε
1248 2638 1279 2662 v.
1298 2626 1404 2662 Varr-
1423 2638 1483 2673 ap.
1500 2625 1596 2663 Gell.
1610 2626 1663 2662 iii.
1686 2637 1741 2672 10,

280 2669 377 2705 Phn.
396 2671 444 2706 H.
463 2672 507 2705 N.
525 2683 563 2707 11.
580 2680 636 2715 47,
654 2684 689 2708 x.
707 2682 765 2718 47,
782 2673 884 2708 xviii.
902 2675 958 2717 62,
978 2673 1042 2710 Ov.
1058 2675 1144 2709 Met.
1161 2673 1211 2709 xi.
1229 2682 1295 2719 745
1310 2685 1385 2719 seq.
1529 2674 1575 2710 26
1591 2675 1743 2710 comicis

279 2719 350 2753 etc.
366 2728 374 2753 :
403 2729 435 2751 v.
454 2717 564 2765 Verg.
585 2720 708 2764 Georq.
724 2719 748 2755 i.
766 2722 848 2765 388,
868 2720 963 2757 Plin.
980 2722 1028 2757 H.
1046 2723 1091 2756 N.
1110 2719 1212 2757 xviii.
1233 2722 1290 2765 87.
1457 2730 1501 2766 27
1526 2723 1631 2758 Haut
1647 2722 1742 2758 etc.:

279 2764 390 2811 Verg.
412 2765 537 2811 Georq.
553 2764 578 2802 i.
594 2775 674 2812 415,
694 2768 776 2812 416.

390 2834 433 2868 68
