1878 3172
77 165 177 202 car.
190 155 346 218 xxvn]
589 156 992 202 POLICRA'I'ICV
993 157 1026 201 S
1542 157 1628 207 468
1647 167 1674 198 c

75 275 234 320 faeiem
262 291 387 320 suam
415 276 463 318 in
492 279 668 327 terram,
696 279 742 319 et
774 276 989 319 adorauit.
1060 275 1264 319 Formam
1297 276 1417 319 illius
1450 276 1528 333 qui

74 345 317 401 apparebat
353 345 589 402 diligenter
625 345 823 401 inquirit,
858 344 974 388 forte
1007 345 1241 401 gentilium
1275 359 1420 388 errore
1454 345 1528 388 de-

74 416 239 470 ceptus,
276 413 460 456 eandem
498 413 678 456 habitus
715 417 762 456 et
798 413 1075 470 negotiorum
1114 413 1303 455 formam
1341 413 1529 470 singulis

73 482 194 539 apud
231 482 398 526 inferos
434 483 625 534 credens,
663 497 752 540 qua
788 483 1047 540 superstites
1086 482 1268 526 fuerant
1314 483 1528 540 insigniti.

35 561 58 596 8
75 550 203 594 Vnde
230 551 370 595 illud:

647 609 771 662 Quae
798 609 944 666 gratia
972 622 1182 652 curruum

187 681 497 723 armorumque
525 666 616 710 fuit
643 667 771 717 uiuis,
801 681 913 723 quae
942 681 1048 710 cura
1076 666 1269 709 nitentes

187 738 364 780 pascere
392 739 537 780 equos,
566 724 717 767 eadem
746 724 947 781 sequitur
974 724 1132 767 tellure
1162 728 1369 780 repostos.

74 815 163 859 Sed
181 830 327 858 nonne
345 818 551 872 potuerat
576 816 717 859 sancti
746 816 834 858 uiri
853 816 1013 859 clarior
1038 830 1131 858 esse
1156 815 1309 872 gloria,
1329 819 1409 859 aut
1428 819 1528 873 post

15 900 58 928 ιο
73 887 259 927 mortem
287 885 482 928 uiuentis
510 885 690 927 habitus
721 885 982 927 immutari?
1039 884 1099 927 Et
1132 884 1309 940 quidem
1343 886 1527 941 prouide

72 955 119 996 et
137 953 328 996 fideliter
345 967 434 996 non
462 953 571 996 dicit
594 953 823 1010 Scriptura
847 952 1095 996 Samuelem
1121 953 1317 1008 phitonis
1343 953 1527 1010 imperio

71 1021 344 1074 suscitatum,
363 1021 440 1064 sed
459 1022 687 1064 cecitatem
716 1021 842 1078 impii
865 1035 1017 1064 sensus
1039 1021 1280 1077 prudenter
1298 1021 1526 1078 expressit.

70 1090 151 1132 Ait
187 1090 329 1133 enim:
372 1089 541 1132 Audita
571 1089 716 1132 forma
744 1090 832 1132 uiri
870 1093 917 1132 et
954 1090 1122 1140 habitu,
1156 1090 1378 1132 intellexit
1415 1090 1524 1133 Saul

70 1159 188 1216 quod
207 1158 386 1202 Samuel
405 1162 530 1201 esset.
578 1158 798 1215 Deceptus
817 1159 971 1215 utique
990 1158 1236 1210 intellexit3
1266 1159 1382 1215 quod
1402 1162 1447 1202 et
1466 1174 1523 1202 ex
1538 1165 1568 1205 d

11 1240 55 1286 35
71 1242 122 1270 eo
139 1227 364 1284 probatur,
384 1227 502 1283 quod
530 1227 782 1284 subiungit:
832 1227 891 1269 Et
909 1227 1142 1270 inclinauit
1164 1241 1211 1269 se
1237 1231 1283 1269 et
1308 1228 1523 1271 adorauit.

14 1293 18 1301 ²
70 1295 121 1339 Si
158 1295 276 1338 enim
314 1294 473 1338 fuisset
514 1295 704 1347 Samuel,
742 1309 1020 1351 nequaquam
1064 1309 1111 1338 se
1155 1297 1425 1352 permisisset
1466 1297 1525 1340 ab

68 1364 246 1407 homine
267 1363 453 1414 adorari,
473 1363 550 1420 qui
568 1364 807 1406 secundum
827 1364 966 1420 legem
986 1364 1232 1407 crediderat
1254 1368 1299 1407 et
1317 1364 1527 1408 docuerat

68 1447 208 1477 unum
233 1431 378 1475 Deum
403 1435 449 1475 et
477 1432 716 1475 Dominum
744 1432 1029 1475 adorandum.
1087 1433 1318 1476 Praeterea
1346 1437 1524 1477 sanctae

8 1539 27 1553 ,⁷
70 1501 243 1544 animae
266 1514 295 1543 a
322 1503 541 1557 potestate
567 1501 860 1558 malignorum
889 1501 1126 1557 spirituum
1153 1506 1383 1559 exemptae
1406 1506 1524 1546 sunt.

9 1567 56 1621 ’ρο
71 1569 296 1613 Postremo
321 1569 492 1625 decepti
514 1569 705 1612 hominis
727 1584 817 1612 non
843 1569 1028 1613 fouisset
1057 1585 1259 1621 errorem,
1279 1571 1397 1628 quod
1422 1586 1524 1614 eum

7 1651 10 1655 ’
69 1653 127 1682 ex
151 1638 517 1694 subsequentibus
546 1637 699 1681 fecisse
724 1638 960 1696 colligitur.
1015 1639 1146 1682 Dixit
1171 1646 1320 1683 autem
1344 1640 1523 1683 Samuel

11 1711 13 1713 ’
68 1707 127 1750 ad
145 1706 349 1750 Saulem:
388 1707 535 1759 Quare
554 1706 811 1763 inquietasti
831 1722 901 1750 me
920 1711 973 1750 ut
992 1708 1255 1752 suscitarerte
1312 1709 1435 1752 Haec
1454 1713 1523 1752 est

8 1788 18 1826 j
68 1775 187 1818 enim
217 1774 521 1817 fraudulentia
553 1775 847 1831 malignorum
886 1776 1135 1832 spirituum,
1166 1780 1218 1819 ut
1251 1777 1369 1833 quod
1401 1777 1521 1820 ultro

68 1842 241 1887 faciunt
254 1847 301 1886 et
318 1843 490 1886 dictant
503 1843 754 1886 hominibus
769 1843 1018 1886 faciendum
1033 1859 1211 1901 operose
1230 1845 1523 1898 dissimulent,

0 1894 54 1980 ἐκ
68 1915 123 1955 ut
154 1912 237 1956 hoc
270 1911 414 1954 facere
447 1911 684 1954 uideantur
720 1911 866 1956 inuiti.
937 1912 1161 1955 Simulant
1190 1928 1237 1956 se
1270 1917 1441 1957 coactos
1475 1917 1521 1957 et
1537 1925 1626 1974 469
1645 1934 1676 1962 a

6 2014 14 2024 .
69 1981 195 2038 quasi
233 1980 572 2023 exorcismorum
617 1980 786 2022 uirtute
829 1983 1050 2023 extractos
1092 1982 1295 2038 fingunt;
1343 1986 1389 2024 et
1434 1997 1521 2038 quo

3 2039 7 2087 ᾗ
67 2050 215 2092 minus
242 2051 494 2098 caueantur,
514 2048 776 2090 exorcismos
806 2049 931 2104 quasi
961 2049 1008 2090 in
1031 2050 1207 2091 nomine
1234 2050 1413 2092 Domini
1442 2054 1523 2093 aut

7 2122 10 2143 ³
67 2118 117 2160 in
149 2118 237 2160 fide
274 2116 506 2159 Trinitatis
545 2120 625 2159 aut
662 2117 977 2159 incarnationis
1016 2120 1061 2159 et
1099 2118 1314 2173 passionis
1352 2118 1522 2161 uirtute

11 2234 14 2235 ⁷
66 2188 296 2242 conceptos
321 2188 589 2241 componunt
614 2185 871 2240 eosdemque
898 2185 1149 2228 hominibus
1172 2186 1369 2238 tradunt,
1397 2201 1522 2230 exer·

12 2281 19 2295 ⁴
68 2307 90 2334 2
115 2309 237 2334 errore
253 2294 513 2343 gentiliumM
655 2303 675 2338 7
700 2293 835 2340 inpost
851 2294 925 2330 fuit
941 2296 1024 2331 add.
1042 2294 1082 2329 M

19 2427 24 2435 ,
113 2398 138 2434 6
163 2398 371 2441 Qmeymtu·
370 2409 394 2431 (ι
410 2398 513 2432 etc.:
539 2394 648 2441 Verg.
666 2396 756 2430 Aen.
772 2394 819 2429 vi.
836 2396 1011 2448 653-655.
1155 2405 1198 2438 14
1223 2397 1399 2440 Deceptus
1419 2399 1515 2434 ete.:

68 2441 125 2480 De
141 2444 361 2489 quaestione
379 2454 428 2478 an
441 2442 553 2478 fuerit
564 2454 626 2477 rev
628 2453 693 2477 era
706 2441 876 2476 Samuel
866 2453 944 2487 lpse
959 2453 1070 2495 quem
1081 2442 1275 2478 suscitavit
1292 2442 1518 2488 Pythonissa

68 2501 119 2527 811
144 2502 232 2535 11011,
259 2490 361 2526 locos
389 2488 562 2525 classicos
593 2488 805 2523 habuerunt
833 2488 948 2524 medii
976 2489 1058 2541 aevi
1084 2489 1284 2534 scriptores
1312 2491 1516 2536 Augustini

67 2538 274 2573 tractatum
290 2539 332 2572 cle
349 2539 431 2572 Div.
450 2538 588 2579 Quaest.
608 2537 657 2570 ad
677 2537 953 2580 simplicianum
977 2535 1015 2570 ii.
1041 2546 1061 2581 3
1081 2536 1226 2582 ‘Migne
1242 2538 1282 2571 P.
1299 2538 1340 2572 L.
1358 2537 1411 2574 xl.
1433 2543 1514 2582 142)

39 2590 42 2594 ’
68 2581 209 2620 Baban.
226 2583 347 2619 Maur.
362 2585 405 2618 de
421 2584 523 2627 May·
523 2584 574 2618 cis
589 2584 671 2616 Aret
667 2583 739 2617 bus
755 2580 901 2627 (Migne
923 2583 963 2617 P
989 2584 1031 2618 L.
1058 2593 1113 2618 cx
1134 2585 1237 2627 1100)
1254 2595 1366 2628 quem
1390 2584 1516 2622 citant

67 2628 158 2666 Ivon
174 2630 324 2684 Carnot.
336 2632 471 2666 Dect-et.
489 2629 537 2664 xi.
554 2631 600 2674 69
619 2628 761 2674 (Migne
778 2630 818 2663 P.
835 2630 877 2664 L.
890 2629 977 2664 clxi.
989 2631 1068 2674 763,
1082 2631 1178 2673 764),
1192 2629 1394 2666 Gratianus
1411 2634 1465 2667 De
1448 2645 1514 2668 e.cr

67 2675 118 2711 11.
141 2688 239 2712 xxvi.
312 2677 384 2721 (ed.
412 2676 627 2722 Friedberg.
653 2675 678 2711 i.
707 2679 836 2721 1035);
862 2675 908 2711 cf.
926 2677 1083 2721 pseudo·
1085 2676 1181 2722 Aug.
1208 2679 1347 2720 Quaest.
1371 2690 1416 2713 ex
1445 2681 1515 2714 Vet.

72 2723 160 2759 Tm.
185 2733 206 2759 2
131 2677 420 2806 Ῑ(ιὲίὶ8118
414 2724 455 2758 P.
479 2724 521 2759 L.
547 2734 654 2758 xxxv
671 2732 772 2768 2230,
791 2724 913 2767 2231).
1048 2733 1089 2760 21
1117 2724 1224 2759 Dixit
1239 2730 1357 2760 autem
1371 2726 1518 2761 Samuel

156 2779 208 2807 :1
284 2782 311 2816 g
336 2769 463 2805 xxviii.
479 2778 531 2816 15.

1344 2850 1405 2884 15⁵
