1878 3172
80 172 180 206 οη.
195 158 276 221 ιιι]
598 157 1032 203 Pomcmfflovs
1551 157 1628 207 ⁵16
1647 157 1676 197 d

80 278 316 330 confertur,
349 278 527 322 honoris
559 277 792 335 priuilegio
825 276 1055 320 antecedit.
1115 275 1250 318 Porro
1278 275 1333 318 de
1361 274 1532 318 ratione

80 348 202 399 iuris,
220 348 315 391 eius
333 350 401 391 est
418 347 534 390 nolle
552 347 676 390 cuius
695 350 764 390 est
781 346 907 396 uelle,
921 349 967 388 et
985 345 1079 388 eius
1098 347 1166 388 est
1185 343 1358 387 auferre
1379 343 1455 400 qui
1478 342 1534 386 de

80 417 176 460 iure
203 415 401 459 conferre
428 418 583 472 potest.
642 415 800 458 Nonne
829 413 1007 457 Samuel
1036 413 1084 455 in
1114 412 1291 455 Saulem
1319 427 1376 455 ex
1404 425 1537 455 causa

62 484 402 528 inobedientiae
435 484 720 541 depositionis
753 483 1015 526 sententiam
1044 481 1162 532 tulit,
1189 484 1235 524 et
1265 481 1304 524 ei
1334 481 1382 523 in
1411 480 1537 538 regni

46 573 66 607 5
83 554 251 611 apicem
274 553 485 607 humilem
513 553 654 595 filium
681 552 790 595 Ysai
819 551 1108 609 subrogauit'l
1164 550 1214 593 Si
1243 564 1350 592 uero
1378 549 1539 592 consti·

0 676 1 680 Ἰ
83 626 211 667 tutus
247 622 449 679 princeps
487 623 736 678 susceptum
781 620 1073 663 ministerium
1114 618 1305 662 fideliter
1342 618 1539 675 gesserit,

84 694 238 735 tantus
252 691 392 734 honor
410 690 449 733 ei
465 689 736 732 exhibendus
750 692 817 732 est
838 692 883 732 et
909 688 1156 732 reuerentia
1170 690 1308 737 tanta,
1324 690 1539 743 quantum

0 787 1 818 3
85 762 220 816 caput
251 758 454 802 omnibus
483 758 690 800 membris
722 758 915 814 corporis
943 756 1193 800 antecellit.v
1236 756 1363 799 Gerit
1391 758 1540 798 autem

0 832 1 849 ³
86 825 379 871 ministerium
398 827 597 878 fideliter,
615 841 715 870 cum
735 841 839 869 suae
858 826 1121 870 conditionis
1140 840 1307 869 memor
1325 824 1540 867 uniuersi-

31 915 72 939 ιο
87 897 196 940 tatis
218 896 512 939 subiectorum
538 909 584 938 se
610 909 839 952 personam
865 910 1015 952 gerere
1038 895 1302 944 recordatur,
1322 897 1368 936 et
1387 908 1432 936 se
1451 907 1541 935 non

88 965 173 1008 sibi
211 957 336 1008 ‘suam
374 964 515 1007 uitam
548 964 624 1007 sed
658 964 757 1007 aliis
790 964 947 1007 debere
977 963 1210 1021 cognoscit,
1243 965 1289 1006 et
1322 977 1419 1005 eam
1453 960 1541 1003 illis

88 1034 292 1078 ordinata
329 1033 514 1077 caritate
551 1033 790 1076 distribuit.
848 1033 1008 1076 Totum
1049 1047 1152 1090 ergo
1190 1047 1237 1075 se
1275 1031 1369 1075 Deo
1400 1030 1541 1080 debet,
1558 1045 1626 1086 517
1648 1046 1677 1073 a

88 1102 328 1160 plurimum
361 1101 430 1144 sui
463 1101 645 1158 patriae,
677 1102 867 1144 multum
901 1101 1158 1158 parentibus
1196 1103 1242 1144 et
1274 1099 1543 1157 propinquis,

37 1218 48 1229 ⁶
91 1171 314 1214 extraneis
331 1170 573 1220 minimum,
591 1170 816 1213 nonnichil
835 1173 996 1213 tamen.
1056 1169 1340 1227 Sapientibus
1365 1182 1469 1225 ergo
1498 1170 1544 1210 et

34 1255 76 1291 ¹5
91 1238 400 1296 insipientibus
413 1238 586 1281 debitor
599 1242 676 1289 est,
691 1239 861 1296 pusillis
876 1242 921 1282 et
932 1238 1181 1282 maioribus.
1230 1238 1353 1291 Quae
1368 1236 1544 1294 quidem

10 1299 19 1332 ‘.
93 1307 305 1364 inspectio
323 1307 565 1350 communis
591 1310 659 1350 est
683 1308 878 1350 omnium
902 1307 1210 1385 praelatorum,
1229 1310 1274 1349 et
1297 1320 1447 1349 eorum
1468 1304 1545 1362 qui

92 1375 388 1434 spiritualium
413 1390 563 1418 curam
588 1379 760 1433 gerunt,
780 1379 826 1419 et
845 1376 921 1433 qui
945 1376 1183 1419 secularem
1202 1375 1547 1418 iurisdictionem

17 1497 22 1501 ,
94 1447 308 1489 exercent.
365 1444 493 1488 Vnde
521 1447 567 1488 et
596 1445 923 1495 Melchisedech,
936 1460 1065 1502 quem
1097 1445 1290 1502 primum
1319 1444 1549 1500 Scriptura

94 1528 242 1571 regem
266 1513 507 1557 introducit
531 1517 576 1557 et
601 1515 867 1558 sacerdotem
887 1514 958 1573 (ut
985 1515 1042 1557 ad
1071 1528 1276 1571 praesens
1300 1512 1549 1556 misterium

20 1601 80 1634 ¹nc>
95 1585 305 1633 taceatur,
324 1597 411 1639 quo
432 1583 701 1640 praefigurat
728 1582 967 1635 Christum,
987 1584 1062 1640 qui
1090 1584 1136 1625 in
1162 1583 1266 1626 celis
1292 1583 1386 1625 sine
1408 1584 1550 1624 matre

96 1654 143 1694 et
167 1651 215 1693 in
238 1651 369 1694 terris
394 1652 487 1694 sine
512 1655 639 1708 patre
665 1655 797 1695 natus
822 1653 931 1710 est);
960 1653 1045 1703 ille,
1064 1653 1256 1709 inquam,
1276 1666 1356 1695 nec
1378 1654 1550 1708 patrem

97 1734 176 1762 nec
205 1715 391 1762 matrem
422 1720 586 1777 legitur
614 1721 829 1771 habuisse,
863 1737 952 1765 non
986 1722 1103 1778 quod
1131 1725 1319 1778 utroque
1347 1719 1550 1771 caruerit,

15 1807 27 1848 1}
97 1788 176 1831 sed
204 1788 308 1845 quia
340 1803 524 1845 regnum
554 1792 600 1832 et
636 1790 927 1832 sacerdotium
961 1790 1016 1832 de
1044 1790 1215 1832 ratione
1248 1803 1338 1831 non
1368 1788 1551 1845 pariunt

20 1863 41 1911 T·
68 1901 74 1905 ,
99 1870 201 1900 caro
215 1859 260 1899 et
274 1857 464 1913 sanguis,
478 1871 577 1900 cum
591 1858 639 1899 in
653 1858 868 1901 alterutro
882 1859 1068 1901 creando
1082 1861 1315 1915 parentum
1328 1859 1551 1913 respectus
1567 1861 1597 1899 b

15 1943 85 1979 ,25
101 1924 214 1968 citra
237 1925 457 1967 uirtutum
482 1926 640 1968 merita
666 1927 919 1983 praeualere
941 1942 1030 1969 non
1059 1927 1227 1978 debeat,
1254 1926 1331 1968 sed
1358 1925 1552 1968 salubria

100 1993 395 2036 subiectorum
431 1984 639 2036 fidelium¹
664 1998 792 2046 uota3
835 1998 880 2037 et
917 2010 1016 2037 cum
1055 1995 1311 2037 alterutrius
1349 1993 1552 2036 culminis

102 2061 269 2118 apicem
296 2061 478 2117 quisque
498 2063 805 2115 conscenderit,
821 2063 1018 2106 obliuisci
1038 2063 1169 2105 debet
1187 2063 1391 2105 affectum
1411 2061 1555 2104 carnis

103 2132 149 2172 et
174 2129 222 2171 id
246 2129 387 2171 solum
413 2144 542 2186 agere
567 2131 683 2186 quod
709 2120 1006 2174 subiectorum=
1026 2131 1143 2174 salus
1172 2130 1378 2186 exposcit.
1437 2130 1553 2172 Sub-

102 2196 227 2240 iectis
245 2197 394 2254 itaque
413 2202 539 2254 pater
564 2199 623 2241 sit
649 2202 695 2241 et
722 2200 908 2242 maritus
935 2202 1024 2250 aut,
1045 2200 1082 2242 si
1101 2199 1361 2241 teneriorem
1380 2198 1557 2241 nouerit

45 2279 89 2314 30
103 2266 387 2318 affectionem,
415 2269 571 2309 utatur
593 2281 644 2309 ea
656 2281 666 2319 3
695 2267 833 2309 amari
861 2268 1002 2325 magis
1030 2267 1207 2310 studeat
1232 2281 1364 2323 quam
1394 2266 1554 2320 timeri,

150 2388 184 2425 ei
202 2389 325 2426 honor
340 2389 381 2425 M
557 2392 578 2426 8
605 2391 791 2437 corporeis
807 2390 898 2426 ΒΑΕ)
1076 2401 1099 2437 9
1124 2390 1287 2428 fideliter
1302 2390 1558 2427 ministerium

138 2434 198 2472 As
365 2447 406 2482 13
431 2448 517 2474 suae
536 2437 576 2473 S²
749 2449 791 2484 19
815 2438 1039 2484 mysterium
1056 2437 1095 2473 M
1270 2448 1317 2482 24
1339 2437 1557 2485 parentum]

106 2484 256 2528 patrum
273 2482 314 2518 M
458 2486 515 2528 26,
534 2494 577 2529 27
603 2484 749 2530 apicem
769 2484 947 2521 culminis
962 2486 995 2519 A
1138 2494 1181 2530 27
1208 2484 1456 2522 contenderit
1472 2486 1512 2522 M

155 2597 922 2651 2eiu⁸estnolleetc:v...Digl..17§3
1049 2599 1348 2644 3Samueletc:
1373 2599 1555 2646 v..1Reg

108 2652 166 2678 xv.
183 2644 239 2685 28,
256 2644 327 2680 xvi.
497 2655 538 2689 14
562 2646 789 2690 sapientibus
805 2648 899 2682 etc.:
927 2644 1033 2681 Rom.
1054 2645 1079 2681 i.
1101 2655 1153 2690 14.
1318 2655 1371 2692 15,
1394 2648 1436 2683 16
1463 2649 1562 2690 Quae

108 2690 279 2734 inspectio
294 2695 344 2726 est
359 2694 518 2727 omnium
528 2694 792 2737 praelatorum:
818 2691 843 2727 i.
857 2704 888 2728 e.
907 2693 965 2737 (ut
981 2691 1141 2730 videtur)
1159 2694 1326 2747 quodepe
1327 2700 1420 2730 dare
1436 2695 1562 2729 debent

110 2745 229 2771 omnes
251 2739 400 2782 mayistr
380 2744 492 2775 r.atu3
537 2739 648 2785 Apud
672 2738 960 2782 Quintilianum,
985 2741 1074 2775 Inst.
1094 2741 1190 2775 Orat.
1212 2739 1253 2776 ii.
1273 2750 1314 2785 17
1341 2740 1359 2787 ξ
1387 2751 1442 2782 42,
1459 2740 1498 2775 ii.
1518 2742 1561 2777 18

111 2780 165 2828 §1
184 2784 403 2828 inspecti-20
420 2786 541 2832 θεωρία
697 2787 737 2822 18
762 2787 1032 2822 Melchisedech:
1060 2799 1092 2823 v.
1111 2786 1201 2824 Gen.
1219 2786 1291 2824 xiv.
1313 2789 1366 2831 18,
1383 2788 1478 2824 Heb.
1497 2786 1558 2823 vii.

167 2852 247 2871 ω
797 2857 814 2884 1
834 2845 849 2884 i
1386 2863 1445 2896 241
