1878 3172
78 180 174 228 oAP.
189 169 331 230 xvm]
439 161 442 163 Δ
463 238 465 240 v
592 169 1026 215 POLICRATICVS

75 288 260 332 concilia
293 292 339 332 61
371 291 614 333 conuentus
647 289 702 332 de
730 291 858 332 nocte
895 292 1098 333 asserunt
1124 304 1374 342 conuocare,
1403 292 1531 335 uaria

71 357 287 400 ,celebrari
317 353 533 409 conuiuia,
563 358 909 401 ministeriorum
937 359 1102 415 species
1130 359 1317 403 diuersis
1346 375 1528 418 occupa—

76 426 273 470 tionibus
292 427 495 477 exerceri,
516 429 561 470 et
579 441 696 470 nunc
715 427 824 470 istos
843 427 900 470 ad
919 441 1078 484 penam
1105 429 1224 471 trahi
1250 443 1331 486 pro
1357 431 1527 474 meritis

75 488 194 538 nunc
213 495 312 538 illos
330 495 388 538 ad
405 495 592 553 gloriam
611 495 838 539 sullimari.
896 496 1128 539 Praeterea
1146 496 1341 541 infantes
1368 500 1529 557 exponi

38 553 223 620 '51amiis
257 566 303 607 et
340 578 458 607 nunc
496 563 747 607 frustratim
792 565 1032 622 discerptos
1077 565 1199 609 edaci
1245 566 1444 624 ingluuie
1482 569 1531 611 in

75 635 278 675 uentrem
310 633 517 676 traiectos
550 634 736 691 congeri,
767 648 884 677 nunc
922 634 1213 691 praesidentis
1251 636 1532 680 miseratione

76 700 260 744 reiectos
279 701 326 744 in
345 695 481 745 cunas
500 702 664 759 reponi.
723 702 834 756 Quis
856 703 928 746 uel
954 717 1080 747 cecus
1098 704 1180 747 hoc
1206 704 1530 748 ludificantium

75 769 311 812 demonum
341 785 431 813 non
464 771 616 814 uideat
649 786 741 815 esse
776 772 1054 829 nequitiam?
1123 773 1252 826 Quod
1286 774 1358 817 uel
1393 789 1449 817 ex
1480 789 1531 818 eo

76 841 213 894 patet,
233 839 350 895 quod
369 839 637 883 mulierculis
657 843 702 883 et
721 841 831 883 uiris
850 841 1188 898 simplicioribus
1208 845 1254 885 et
1279 843 1530 886 infirmiori-

18 927 61 951 10
77 906 161 949 bus
178 906 227 949 in
245 907 332 950 fide
358 908 446 950 ista
470 909 748 964 proueniunt.
807 909 857 952 Si
883 924 989 953 uero
1017 911 1249 967 quisquam
1276 926 1427 955 eorum
1454 913 1531 969 qui

75 975 159 1019 hac
197 975 400 1019 illusione
438 977 611 1019 laborat
649 978 707 1020 ab
745 978 893 1034 aliquo
926 982 1179 1022 constanter
1218 982 1264 1023 et
1302 995 1359 1023 ex
1392 981 1531 1038 signis

74 1044 297 1101 aliquibus
327 1049 553 1103 arguatur,
585 1046 837 1089 demonium
870 1048 1024 1090 statim
1058 1051 1138 1091 aut
1177 1052 1415 1106 superatur
1453 1053 1532 1093 aut

50 1135 59 1145 ·
74 1113 192 1156 cedit
214 1116 271 1164 et,
299 1117 352 1157 ut
380 1114 555 1166 dicitur,
584 1129 640 1158 ex
670 1130 757 1172 quo
786 1116 885 1172 quis
914 1117 962 1158 in
990 1117 1086 1160 luce
1115 1118 1330 1174 argnfitur,
1359 1122 1532 1162 cessant

74 1196 208 1239 opera
235 1182 527 1226 tenebrarum.
586 1184 733 1227 Huius
759 1188 908 1227 autem
937 1186 1074 1242 pestis
1101 1201 1208 1230 cura
1236 1187 1532 1231 efficacissima

17 1273 59 1308 15
77 1254 145 1294 631
163 1254 216 1295 111
234 1252 366 1295 fidem
386 1254 485 1310 quis
504 1253 734 1311 amplexus
760 1254 830 1296 his
853 1255 1091 1298 mendaciis
1115 1256 1350 1299 subtrahat
1370 1258 1532 1300 mentis

75 1321 279 1364 auditum
314 1325 360 1365 61
393 1337 670 1379 nequaquam
700 1324 906 1380 respiciat
935 1325 992 1367 ad
1027 1325 1279 1368 huiusmodi
1308 1327 1531 1371 uanitates

74 1393 120 1433 61
148 1390 343 1434 insanias
370 1391 517 1435 falsas.

75 1509 184 1568 Cap.
224 1510 289 1579 18.
367 1510 432 1554 De
477 1511 788 1567 fundamento
835 1513 1185 1565 mathematicae,
1233 1519 1274 1558 et
1325 1516 1531 1559 eaeo-citi)

188 1594 414 1630 semum,
447 1583 487 1623 et
516 1580 701 1625 uiribus
731 1582 928 1632 animae,
957 1586 995 1626 et
1023 1583 1225 1640 profectu
1254 1584 1463 1635 rationis,
1492 1589 1532 1628 et

18 1677 61 1701 ,ο
189 1647 382 1704 efficacia
399 1648 664 1693 liberalium
681 1651 1052 1707 disciplinam.

133 1736 276 1780 Possit
300 1738 473 1780 utinam
496 1741 589 1780 tam
616 1738 745 1782 facile
770 1740 1182 1784 mathematicorum
1204 1756 1326 1784 error
1351 1756 1379 1783 a
1405 1756 1531 1798 prae-

73 1806 361 1849 stantioribus
404 1807 563 1849 animis
601 1809 796 1850 amoueri
836 1823 968 1864 quam
1013 1809 1173 1852 leuiter
1210 1810 1258 1852 in
1297 1814 1531 1867 conspectu

71 1887 204 1917 uerae
222 1874 325 1916 fidei
345 1877 390 1917 et
404 1890 536 1918 sanae
550 1876 839 1919 conscientiae
853 1877 1039 1919 istarum
1054 1878 1307 1921 illusionum
1327 1879 1531 1922 demonia

73 1943 399 1999 conquiescunt.
454 1944 770 1987 Verumtamen
797 1960 847 1988 60
873 1946 1158 2002 periculosius
1185 1950 1347 1999 errant,
1368 1962 1455 2004 quo
1482 1949 1530 1990 in

16 2031 56 2064 ²5
74 2011 296 2054 soliditate
315 2015 500 2055 naturae
520 2015 565 2055 61
583 2013 736 2069 uigore
755 2014 940 2056 rationis
959 2029 1088 2057 suum
1112 2014 1301 2057 fundare
1320 2016 1531 2058 uidentur

72 2094 276 2123 errorem.
335 2081 632 2123 Temerarium
652 2082 867 2138 siquidem
886 2082 1065 2125 uidetur
1082 2083 1301 2126 uniuersis
1320 2084 1367 2125 in
1387 2085 1529 2142 legem

71 2151 258 2192 naturae
291 2149 597 2205 praeuaricari‚
632 2152 677 2192 et
710 2150 898 2192 stultum
932 2151 1072 2208 gratis
1110 2151 1342 2194 dissentire
1381 2153 1437 2195 ab
1477 2168 1528 2196 eo

72 2217 190 2274 quod
208 2218 323 2260 ratio
342 2218 571 2274 persuasit.
627 2218 669 2259 A
688 2218 805 2260 ueris
832 2233 936 2275 ergo
961 2222 1144 2262 sumunt
1169 2220 1359 2270 initium,
1378 2223 1431 2263 ut
1449 2236 1529 2277 per

71 2300 179 2328 uera
206 2285 374 2328 diutius
400 2286 650 2342 gradientes
679 2301 725 2329 se
754 2289 799 2329 et
824 2287 1083 2343 sequipedas
1109 2302 1210 2331 suos
1237 2289 1528 2346 praecipitent

70 2404 227 2441 nomine
262 2403 467 2450 Augustini
499 2403 592 2440 editi
624 2416 655 2440 c.
681 2405 726 2440 28
761 2404 921 2450 (Migne,
952 2406 994 2440 P.
1019 2407 1065 2441 L.
1095 2405 1146 2442 xl.
1180 2406 1276 2451 799),
1304 2406 1526 2444 Vincentius

70 2451 346 2488 Bellovacensis
368 2453 465 2497 Spec.
488 2453 578 2487 Mai.
604 2450 643 2487 ii.
674 2462 712 2487 11
743 2453 925 2495 Quaedam
948 2454 1176 2489 mulierculae
1197 2460 1276 2499 post
1301 2455 1416 2502 Satan
1441 2467 1525 2491 con-

70 2510 189 2535 versae
212 2500 427 2534 daemonum
453 2500 681 2534 illusionibus
705 2503 738 2534 et
755 2501 1042 2543 fantasmatibus
1065 2502 1227 2536 seductae
1256 2504 1404 2537 credunt
1429 2514 1465 2538 se
1494 2509 1527 2538 et

66 2548 285 2592 profitentur
298 2547 483 2580 nocturnis
496 2547 595 2581 horis
610 2558 690 2581 cum
707 2547 833 2581 Diana
848 2548 915 2581 dea
925 2547 1155 2591 Payanorum
1165 2549 1220 2583 vel
1230 2561 1310 2584 oum
1321 2550 1525 2585 Herodiade

67 2597 105 2627 et
134 2594 328 2628 innumera
358 2594 589 2627 multitudine
626 2594 809 2638 equitasse,
841 2604 1030 2640 earumque
1069 2596 1225 2631 ius-sibus
1262 2597 1522 2642 obtemperasse.

70 2637 166 2675 Vide
181 2638 335 2681 Grimm,
355 2641 519 2674 Deutsch.
536 2640 683 2684 Mythol.
700 2650 729 2675 c.
749 2650 802 2684 13,
818 2651 881 2685 pp.
901 2650 970 2685 234
987 2651 1097 2686 seqq„
1114 2653 1145 2677 6.
1168 2653 1226 2687 34,
1242 2655 1306 2690 pp.
1325 2646 1392 2689 382
1406 2657 1521 2691 seqq„

72 2688 143 2721 etc.
159 2687 338 2721 Herodias
359 2686 463 2722 inter
483 2685 617 2722 titulos
638 2688 796 2730 Kundry
810 2697 834 2722 a
854 2687 1031 2733 Klinysor
1044 2690 1085 2723 in
1101 2689 1143 2724 R.
1161 2690 1345 2737 Wagneri
1360 2693 1525 2738 Parsifal

72 2734 310 2768 enumeratos
325 2732 503 2769 invenies.
636 2743 677 2777 13
702 2739 743 2768 ut
758 2735 912 2769 dicitur:
938 2746 970 2770 v.
988 2734 1122 2771 Ioann.
1138 2736 1194 2772 iii.
1215 2748 1270 2783 19,
1289 2748 1346 2776 20.
1477 2750 1519 2778 21

71 2779 187 2814 Possit
202 2781 298 2815 etc.:
325 2791 407 2815 cum
427 2779 606 2826 capitulis
626 2781 738 2824 18—24
754 2780 801 2816 cf.
820 2780 914 2828 Aug.
933 2783 976 2817 de
995 2783 1067 2819 Civ.
1085 2785 1166 2828 Dei,
1182 2797 1215 2821 v.
1236 2795 1335 2822 1—11.

1349 2867 1410 2892 101

1548 175 1682 223 436³

1547 504 1577 543 b

1549 1342 1574 1371 C
