1878 3172
11 119 17 165 ζ
106 167 205 200 cu.
221 154 303 216 111]
608 135 1007 203 PomcssATicv
1008 157 1040 201 S
1572 167 1652 206 543
1671 169 1695 196 c

104 275 282 334 templo,
306 276 466 320 docens
490 291 664 320 omnem
689 277 1032 335 negotiationem
1058 277 1437 320 exterminandam
1463 291 1557 321 esse

103 359 134 388 a
151 345 281 388 domo
298 346 522 390 orationis.
579 346 635 388 In
661 346 760 389 aliis
785 361 892 389 uero
917 347 1001 390 etsi
1027 347 1137 390 assit
1162 346 1413 389 diuinitatis
1431 361 1555 404 prae-

67 458 73 462 ,
104 414 259 466 sentia,
287 414 518 472 plenitudo
546 415 641 458 eius
678 415 726 457 in
763 415 984 472 praesenti
1012 429 1290 472 nequaquam
1319 415 1446 459 adest
1479 416 1556 459 sed

104 496 416 541 usquequaque
446 484 584 527 latere
616 498 706 527 non
735 487 893 541 potest.
962 484 1043 527 Est
1072 484 1213 541 igitur
1241 484 1288 527 in
1327 485 1556 528 maiestate

66 561 87 595 5
105 552 331 605 mirabilis,
360 553 623 596 uenerabilis
651 553 701 595 in
728 553 957 611 sapientia,
986 568 1015 596 a
1042 553 1239 596 bonitate
1268 553 1482 604 amabilis,
1510 557 1557 596 et

104 621 224 664 hunc
259 621 428 664 cultum
465 622 579 665 citra
615 636 789 665 omnem
827 622 1108 665 medietatem
1146 625 1294 679 potest
1330 621 1372 665 ei
1413 622 1556 665 fidelis

104 689 356 746 impendere
388 693 599 733 creatura.
674 690 792 743 Quid
824 690 941 733 e'nim
974 705 1148 734 necesse
1181 693 1249 734 est
1279 690 1337 733 ad
1378 690 1471 741 hoc,
1502 694 1555 733 ut

105 771 207 800 eum
229 758 463 802 timeamus
480 772 740 801 ueneremur
766 761 812 801 et
837 759 1105 816 diligamus?
1162 758 1222 802 Et
1246 759 1318 802 hic
1344 762 1412 802 est
1437 758 1554 802 forte
1569 762 1598 801 d

106 822 331 866 funiculus
362 823 526 881 triplex
553 824 672 867 inter
699 827 939 867 creatorem
968 827 1014 868 et
1042 828 1289 868 creaturam
1318 825 1395 881 qui
1425 824 1555 868 facile

49 906 91 930 10
106 891 220 935 solui
245 906 335 935 non
361 895 516 949 potest.
575 892 664 936 Sed
689 893 885 936 omnium
911 894 1188 936 tenacissima
1210 897 1279 937 est
1297 894 1367 936 uis
1384 894 1558 937 amoris.

106 959 283 1004 Caritas
314 961 531 1018 siquidem
568 976 809 1019 numquam
841 962 1016 1013 excidit,
1050 977 1137 1019 qua
1165 963 1204 1006 si
1243 962 1342 1019 quis
1374 962 1558 1006 adheret

106 1028 213 1080 Deo,
241 1030 397 1072 unitur
429 1030 469 1073 ei
504 1034 549 1073 et
579 1045 679 1074 cum
710 1046 761 1074 eo
792 1045 908 1074 unus
940 1031 1124 1088 spiritus
1152 1034 1245 1083 est;
1284 1031 1438 1088 utique
1477 1032 1554 1088 qui

106 1097 261 1141 unitur
289 1098 330 1141 ei
356 1101 402 1142 et
430 1098 502 1149 sic,
531 1101 584 1142 ut
611 1113 727 1142 unus
756 1099 939 1156 spiritus
967 1100 1039 1150 sit,
1069 1099 1302 1142 familiaris
1331 1103 1399 1143 est
1427 1102 1474 1143 et
1501 1100 1559 1143 ab

105 1166 314 1223 obsequio
340 1167 446 1220 eius,
473 1168 591 1224 quod
617 1171 685 1211 est
712 1169 760 1210 in
786 1169 958 1225 spiritu,
976 1169 1115 1213 arceri
1142 1183 1232 1211 non
1260 1171 1416 1225 potest.
1476 1169 1558 1212 Ille

8 1283 20 1296 ‚
48 1247 90 1282 15
107 1238 256 1278 autem
281 1235 427 1279 cultus
451 1236 528 1293 qui
550 1237 599 1279 in
625 1237 854 1280 exterioris
879 1237 1023 1294 operis
1049 1237 1319 1280 exhibitione
1347 1237 1559 1288 consistit,

7 1324 22 1335 ν
106 1304 251 1347 medio
279 1304 460 1362 indiget,
490 1320 541 1349 eo
570 1306 687 1362 quod
721 1306 778 1348 ad
819 1306 1025 1362 spiritum
1054 1306 1290 1363 corporalis
1317 1306 1444 1349 nobis
1470 1321 1560 1349 non

106 1374 232 1428 patet
267 1386 485 1425 accessus3
531 1374 647 1430 quod
682 1377 728 1418 et
766 1375 892 1417 illum
926 1375 1108 1431 planum
1142 1382 1210 1417 cst
1243 1374 1450 1424 docuisse,
1485 1376 1561 1431 qui

106 1440 155 1482 in
175 1440 456 1484 Samaritana
482 1441 719 1486 Ecclesiam
745 1443 968 1486 instruens
994 1444 1084 1486 ait:
1114 1443 1309 1500 Spiritus
1335 1447 1402 1486 est
1427 1443 1561 1494 Deus,

109 1512 156 1552 et
185 1523 259 1552 eos
289 1509 366 1566 qui
398 1509 557 1553 uolunt
590 1510 784 1562 adorare,
813 1511 861 1554 in
894 1512 1055 1568 spiritu
1068 1515 1130 1561 ‚et
1163 1512 1353 1555 ueritate
1386 1516 1560 1569 oportet

50 1595 95 1620 ιο
110 1577 304 1620 adorare.
362 1577 426 1620 Vt
460 1581 610 1620 tamen
641 1579 699 1621 ad
731 1580 941 1622 thronum
975 1580 1094 1623 illius
1129 1595 1400 1637 quocumque
1431 1580 1560 1623 modo

108 1646 376 1689 humilitatis
393 1650 570 1690 nostrae
589 1648 850 1691 conscendat
868 1649 1103 1692 infirmitas
1122 1652 1168 1691 et
1187 1649 1380 1705 aliquam
1400 1650 1562 1692 habeat
1578 1658 1656 1697 544
1678 1659 1707 1685 a

19 1739 21 1741 ·
108 1714 341 1757 materiam
376 1716 648 1768 meritorum,
681 1717 942 1759 sensualiter
974 1717 1057 1760 coli
1091 1717 1236 1760 uoluit
1270 1717 1346 1773 qui
1385 1732 1561 1760 sensum

21 1826 23 1829 ,
108 1782 258 1835 dedit3
298 1786 344 1826 et
377 1784 454 1840 qui
493 1785 687 1827 animam
727 1785 991 1842 glorificabit
1030 1789 1076 1828 et
1112 1800 1299 1839 carnem,
1330 1787 1560 1842 utriusque

108 1851 282 1894 fidelem
311 1853 481 1908 expetit
510 1852 786 1896 famulatum.
846 1854 903 1896 Se
933 1868 1105 1910 quoque
1133 1855 1277 1897 uoluit
1306 1855 1439 1897 etiam
1469 1869 1559 1898 cor-

50 1937 92 1970 25
110 1920 321 1976 poraliter
351 1920 558 1963 honorari
592 1924 644 1964 ut
683 1923 919 1977 quantauis
953 1923 1141 1965 tarditas
1174 1923 1449 1966 infidelitatis
1482 1930 1561 1966 aut

109 1987 402 2045 negligentiae
432 1989 755 2032 excusationem
784 2004 873 2032 non
901 1990 1075 2032 habeat.

193 2076 299 2134 Cap.
318 2091 358 2130 4.
398 2078 462 2121 De
480 2079 733 2122 remeo-entia
747 2093 1051 2135 personarum
1070 2083 1109 2122 et
1128 2094 1293 2130 rerum,
1313 2085 1352 2123 et
1372 2085 1478 2136 quot

471 2141 616 2184 modi-s
630 2155 823 2197 persona
841 2141 900 2184 sit
918 2141 1202 2185 uenerabilis.

170 2213 435 2256 Reuerentia
474 2229 577 2271 ergo
618 2229 729 2271 quae
767 2215 1051 2271 corporaliter
1086 2215 1368 2272 impenditur,
1402 2219 1482 2259 aut
1515 2218 1561 2259 in

50 2300 96 2334 30
112 2282 309 2338 personis
346 2282 546 2325 consistit
579 2285 658 2325 aut
688 2283 736 2324 in
769 2283 909 2326 rebus,
979 2283 1267 2325 Personarum
1305 2297 1410 2327 uero
1449 2285 1562 2327 ratio

112 2371 134 2405 8
158 2369 257 2406 forte
273 2371 330 2406 est
346 2370 387 2405 M
483 2380 521 2406 11
550 2369 699 2406 Karitas
716 2369 783 2405 SM
880 2381 922 2413 14
946 2370 1079 2414 arceri]
1096 2370 1247 2415 arguiB
1342 2381 1390 2407 20
1411 2372 1564 2408 tronum

109 2415 145 2451 A
285 2426 328 2461 27
351 2422 432 2462 post
454 2417 667 2454 reverentia
689 2419 771 2452 add.
796 2418 836 2453 et
854 2416 956 2453 C²AS
982 2420 1023 2452 in
1047 2419 1164 2452 indice
1256 2429 1499 2464 personarum
1524 2421 1563 2456 et

110 2461 250 2508 rerum]
268 2474 393 2499 rerum
410 2475 651 2510 personarum
667 2462 749 2499 c¹S¹
766 2465 807 2498 in
823 2465 940 2499 indae'ce
1079 2474 1126 2509 29
1142 2462 1371 2501 Deuerentia
1387 2465 1426 2500 M

161 2547 184 2581 9
197 2539 395 2581 funiculus
414 2540 546 2583 triplex
567 2540 659 2574 etc:
685 2549 717 2574 v.
736 2536 874 2574 Eccles.
892 2538 939 2573 iv.
960 2547 1024 2580 12;
1049 2549 1157 2583 quem
1181 2538 1306 2575 locum
1330 2540 1499 2586 plerique
1516 2541 1562 2576 dc

111 2583 299 2620 Trinitate
315 2584 558 2630 interpretati
575 2586 674 2628 sunt,
686 2595 796 2620 nemo
807 2587 935 2620 autem
951 2585 1064 2630 (quod
1077 2585 1210 2627 sciam)
1222 2589 1374 2632 praeter
1386 2587 1562 2623 Nostrum

113 2630 160 2666 de
176 2629 324 2673 timore,
341 2631 598 2675 ueneratione,
615 2630 830 2667 dilectione.
1033 2642 1071 2668 11
1105 2633 1249 2668 Caritas
1265 2635 1335 2670 etc.
1353 2644 1362 2669 :
1388 2646 1420 2670 v.
1443 2645 1456 2670 1
1477 2633 1560 2670 Cor.

112 2676 193 2711 xiii.
212 2678 245 2720 8,
262 2676 313 2712 vij
330 2687 383 2722 17.
546 2680 586 2714 18
611 2679 771 2723 Spiritus
786 2683 836 2713 est
854 2679 951 2714 Deus
967 2680 1038 2714 etc.
1054 2689 1063 2713 ε
1090 2677 1219 2714 Ioann.
1236 2679 1284 2715 iv.
1303 2690 1360 2724 24.
1522 2692 1563 2725 19

111 2724 240 2758 uolunt
256 2726 429 2759 adorare:
453 2726 611 2760 adorant
627 2724 737 2770 Vulg.
893 2735 939 2770 29
962 2726 1198 2762 Reuerentia:
1225 2726 1283 2762 Ad
1299 2729 1563 2764 Imitationem

116 2770 273 2804 Traiani
289 2771 427 2808 reverti
446 2770 608 2808 videtur.

0 2834 6 3172 ι
167 2839 248 2857 m.
781 2831 807 2859 Ρ
832 2832 860 2870 p
1388 2828 1453 2871 ²89
