1878 3172
133 151 218 207 '425
235 157 265 196 b
609 151 868 197 IOANNIS
909 150 1422 196 SARESBERIENSIS
1577 149 1689 210 [ΗΒ.
1704 161 1745 194 11

281 288 460 324 annum,
479 287 560 331 per
578 273 776 316 diuersas
801 271 1052 329 prouincias
1072 270 1120 313 in
1140 271 1402 314 seruitutem
1421 271 1610 315 distrahi
1636 270 1746 314 iussi

281 345 398 394 sunt,
419 357 606 399 quorum
625 355 835 384 numerus
853 355 993 397 usque
1012 340 1070 382 ad
1096 340 1340 397 nonaginta
1359 340 1483 384 milia
1507 340 1746 398 perductus

238 427 264 456 c
282 414 360 456 est.
420 412 542 455 Haec
568 426 675 454 uero
694 410 842 454 omnia
865 412 991 466 gesta
1010 411 1117 452 sunt
1140 409 1329 452 seeundo
1349 424 1466 453 anno
1485 409 1745 467 Vespasiani

280 481 466 538 imperii,
481 481 610 523 iuxta
629 495 681 524 ea
696 494 808 537 quae
827 479 921 536 ipse
937 478 1154 522 Dominus
1174 481 1220 522 et
1236 478 1444 522 Saluator
1458 481 1609 522 noster
1620 478 1745 522 Iesus

281 549 487 594 Christus
515 549 821 607 praedixerat;
856 548 1019 605 quippe
1047 562 1149 591 eum
1181 562 1233 590 ea
1259 562 1371 604 quae
1398 548 1591 606 gerenda
1617 550 1746 592 erant
1763 563 1783 598 5

280 619 531 676 praesentia
567 619 751 662 uideret.
829 618 954 660 Tunc
993 632 1094 660 eum
1133 617 1374 660 seeundum
1413 617 1744 675 euangeliorum

279 689 412 732 fidem
433 689 589 731 uidens
609 688 837 732 ciuitatem
857 686 983 729 fleuit
1003 701 1136 743 super
1155 701 1253 729 eam
1278 689 1325 730 et
1348 686 1475 730 uelut
1493 686 1542 730 in
1561 687 1745 731 auribus

279 758 375 800 eius
409 758 661 815 prolocutus
692 759 759 800 est
789 757 896 800 haee
925 756 1088 798 uerba:
1135 755 1183 799 Si
1215 756 1482 813 agnouisses‚
1510 756 1669 813 inquit,
1698 758 1745 800 et

277 829 330 869 tu
360 827 408 869 in
445 827 527 870 hac
559 827 630 869 die
663 841 775 883 quae
805 826 864 868 ad
898 840 1050 882 pacem
1081 826 1165 868 tibi
1196 828 1312 876 sunt,
1338 840 1457 870 nune
1487 827 1638 870 autem
1665 826 1743 869 ab·

241 910 243 913 ·
278 897 478 939 scondita
509 899 615 939 sunt
647 896 705 938 ab
739 895 876 939 oculis
910 895 1025 948 tuis3
1066 895 1171 952 quia
1201 895 1384 938 uenient
1415 895 1508 939 dies
1538 895 1587 938 in
1619 897 1666 939 te
1697 898 1744 939 et
1762 914 1806 939 10

277 966 600 1009 circundabunt
637 968 683 1008 te
717 965 885 1008 inimici
922 965 992 1007 tui
1026 965 1146 1008 uallo
1181 966 1227 1008 et
1260 965 1583 1008 circundabunt
1612 967 1659 1008 te
1696 967 1744 1009 et

278 1036 581 1092 perurgebunt
605 1037 652 1078 te
681 1035 877 1091 undique
907 1037 953 1078 et
985 1034 1044 1077 ad
1075 1034 1218 1077 solum
1248 1034 1451 1092 redigent
1479 1037 1525 1078 te
1555 1037 1601 1078 et
1629 1035 1744 1078 filios

277 1106 379 1147 tuos
405 1105 452 1146 in
478 1107 537 1147 te.
597 1104 651 1146 In
683 1104 800 1146 hunc
829 1104 1009 1147 modum
1040 1118 1172 1160 quam
1202 1104 1394 1160 plurima
1423 1104 1602 1147 diuinae
1628 1119 1755 1165 eom--

281 1173 538 1216 minationis
567 1173 767 1216 tonitrua
796 1173 969 1230 publice
999 1173 1220 1216 induratis
1249 1173 1432 1216 auribus
1464 1174 1742 1224 resonabant,

231 1244 262 1285 d
280 1257 506 1299 quousque
541 1242 721 1299 sanguis
751 1242 980 1293 iustorum,
1011 1242 1087 1285 sed
1120 1244 1165 1285 et
1195 1242 1334 1299 ipsius
1363 1242 1471 1285 iusti
1502 1243 1742 1300 singularis
1761 1265 1800 1299 15

278 1314 324 1354 et
348 1312 479 1362 unici,
500 1312 576 1368 qui
600 1312 658 1354 ab
684 1311 831 1368 impiis
858 1312 1008 1368 inique
1036 1312 1200 1354 effusus
1226 1313 1304 1362 est,
1324 1311 1442 1354 iusto
1468 1311 1551 1354 Dei
1578 1312 1742 1356 iudicio

275 1384 572 1437 quaereretur.
633 1381 794 1422 Attriti
830 1383 935 1423 sunt
969 1395 1074 1437 ergo
1113 1380 1267 1437 plagis,
1302 1380 1428 1423 bellis
1462 1381 1604 1432 strati,
1634 1383 1681 1424 et
1713 1396 1742 1424 a

274 1451 432 1506 patriis
462 1450 638 1492 sedibus
668 1450 846 1492 diuinae
880 1449 1198 1506 indignationis
1228 1450 1363 1492 excisi
1392 1450 1582 1501 turbine,
1611 1453 1664 1493 ut
1692 1451 1741 1494 in
1823 1470 1838 1486 .·

275 1519 384 1561 urbe
424 1519 736 1576 gloriosissima
776 1533 856 1561 nee
901 1518 1014 1575 lapis
1058 1533 1191 1575 super
1229 1519 1421 1575 lapidem
1465 1522 1739 1573 remaneret3

276 1586 451 1643 fuitque
471 1587 622 1644 populi
648 1587 846 1629 indurati
867 1589 912 1629 et
938 1587 1095 1644 quouis
1121 1587 1266 1644 lapide
1292 1587 1483 1631 durioris
1508 1588 1740 1632 tribulatio
1759 1600 1803 1624 20

277 1659 406 1698 tanta
433 1659 600 1712 quanta
627 1671 715 1699 non
736 1656 825 1698 fuit
845 1671 900 1699 ex
928 1671 1014 1713 quo
1039 1659 1194 1713 gentes
1220 1671 1312 1700 esse
1338 1660 1576 1714 coeperunt
1601 1673 1740 1715 usque

276 1725 333 1767 ad
354 1725 470 1768 diem
491 1726 614 1768 hanc.

229 1869 255 1896 ι.
276 1848 384 1906 Cap.
406 1851 443 1894 8.
473 1850 536 1893 De
559 1850 928 1906 pereyrimtione
945 1851 1172 1907 fideliwrn‚
1193 1865 1302 1907 quos
1321 1851 1401 1894 sub
1421 1867 1474 1896 ea
1491 1856 1741 1910 tempestate
1875 1895 1878 1918 ἱ

600 1920 806 1964 seruauit
838 1920 1041 1964 Christus
1071 1919 1201 1976 apwd
1230 1920 1416 1978 Pellam.
1874 1919 1878 1956 1

334 2010 526 2054 Ecclesia
546 2026 652 2054 uero
679 2027 791 2068 quae
818 2011 966 2054 fuerat
994 2012 1258 2056 Ierosolimis
1282 2017 1549 2072 congregata
1574 2015 1736 2058 diuini-
1756 2031 1797 2064 25

273 2081 348 2122 tus
368 2081 556 2123 transire
576 2081 695 2123 iussa
716 2083 782 2124 est
806 2083 930 2124 trans
951 2081 1184 2124 Iordanem
1204 2083 1261 2125 ad
1286 2083 1496 2140 oppidum
1517 2085 1737 2140 quoddam
1804 2117 1809 2125 .

275 2150 451 2192 nomine
473 2150 649 2200 Pellam,
671 2165 758 2207 quo
782 2151 943 2193 ablatis
971 2166 1025 2193 ex
1050 2152 1160 2194 urbe
1187 2152 1430 2195 cultoribus
1456 2153 1540 2196 Dei
1565 2154 1736 2197 celestis

274 2218 497 2261 uindictae
517 2220 643 2262 fieret
663 2220 794 2270 loeus,
815 2235 927 2276 quae
948 2221 995 2262 in
1015 2221 1169 2263 urbem
1189 2223 1452 2278 gentemque
1479 2223 1738 2280 sacrilegam

125 2286 210 2331 426
230 2295 259 2323 a
275 2287 423 2330 fuerat
463 2289 716 2332 exercenda.
788 2289 916 2341 Quod
949 2292 993 2332 et
1026 2290 1241 2333 Eusebius
1271 2290 1539 2334 Cesariensis
1577 2292 1625 2334 in
1656 2292 1736 2336 Ec—

275 2356 516 2399 clesiastica
538 2358 738 2400 Historia
758 2358 931 2414 plenius
953 2358 1100 2401 refert.
1756 2376 1797 2408 30
1876 2393 1878 2395 ·

274 2483 295 2518 7
322 2475 435 2511 uelud
453 2476 486 2510 A
674 2479 695 2514 8
720 2477 956 2524 eognouisses
973 2478 1003 2513 B
1203 2489 1250 2524 24
1275 2480 1425 2526 petrum
1441 2478 1466 2515 S
1483 2481 1524 2516 in
1540 2482 1636 2516 rubr.
1656 2493 1734 2527 cap.
1865 2462 1878 2547 ἓ

272 2525 440 2567 praefixa
582 2534 628 2569 30
651 2525 821 2570 hystoria
836 2525 910 2560 AM

321 2632 342 2666 8
367 2632 407 2666 Si
423 2634 627 2675 aqnouisses
643 2635 737 2669 et0.:
763 2634 849 2670 Luc.
868 2634 943 2670 xix.
962 2645 1067 2680 42—4.
1243 2644 1282 2680 15
1309 2639 1458 2680 sanquis
1475 2639 1673 2675 iustorum:
1699 2651 1731 2675 v.

274 2676 383 2713 Matt.
403 2677 505 2714 xxiii.
526 2688 580 2724 35.
801 2692 841 2726 19
866 2694 930 2717 nec
946 2684 1041 2726 lapis
1058 2684 1130 2718 etc.
1147 2695 1155 2717 :
1182 2694 1213 2718 v.
1231 2682 1345 2737 Matt3
1360 2683 1457 2719 xxiv.
1477 2695 1522 2727 23
1548 2685 1634 2721 Luc.
1654 2685 1730 2722 xix.
1859 2663 1878 2755 ξ

272 2735 330 2768 44.
560 2737 616 2770 20,
635 2738 676 2762 21
704 2729 889 2764 tribulatio
909 2735 1010 2764 tanta
1028 2732 1097 2765 eto.
1116 2742 1122 2765 :
1150 2730 1259 2765 Matt.
1284 2742 1380 2766 xxw.
1400 2741 1455 2766 21.
1686 2742 1730 2779 25

270 2773 433 2808 Ecclesia
450 2800 457 2808 .
477 2800 485 2807 .
505 2800 512 2808 .
532 2777 727 2810 exercenda
747 2776 831 2821 (426
843 2776 906 2822 a):
933 2775 1066 2813 Euseb.
1083 2787 1176 2813 vers.
1195 2777 1331 2813 Ruffin.
1350 2777 1404 2814 111.
1425 2787 1456 2824 5.

384 2844 424 2875 82

1860 3094 1862 3097 ⁴
1860 3021 1876 3077 „zze-v
1874 2967 1875 2970 „
1867 2918 1870 2924 ·
1865 2874 1878 2896 ⁴2<
1859 2748 1878 2857 ...ἽΨῈΚΔΞ
1862 2641 1878 2678 ‘'w:
1859 2551 1878 2623 ,υ-’.ιᾷ
