<?xml version="1.0" encoding="UTF-8"?>
<!DOCTYPE html PUBLIC "-//W3C//DTD XHTML 1.0 Transitional//EN"
    "http://www.w3.org/TR/xhtml1/DTD/xhtml1-transitional.dtd">
<html xmlns="http://www.w3.org/1999/xhtml" xml:lang="en" lang="en">
 <head>
  <title>
</title>
<meta http-equiv="Content-Type" content="text/html;charset=utf-8" />
  <meta name='ocr-system' content='tesseract 3.04.00' />
  <meta name='ocr-capabilities' content='ocr_page ocr_carea ocr_par ocr_line ocrx_word'/>
</head>
<body>
  <div class='ocr_page' id='page_1' title='image "./ioannissaresberi01johnuoft_0218.png"; bbox 0 0 1878 3172; ppageno 0'>
   <div class='ocr_carea' id='block_1_1' title="bbox 193 162 1862 234">
    <p class='ocr_par' dir='ltr' id='par_1_1' title="bbox 193 141 1867 234">
     <span class='ocr_line' id='line_1_1' title="bbox 193 162 1862 234; baseline 0.001 -18"><span class='ocrx_word' id='word_1_1' title='bbox 193 186 272 227; x_wconf 80' lang='lat'><strong>4⁷2</strong></span> <span class='ocrx_word' id='word_1_2' title='bbox 292 186 317 216; x_wconf 68' lang='grc' dir='ltr'><strong>ο</strong></span> <span class='ocrx_word' id='word_1_3' title='bbox 662 172 925 219; x_wconf 84' lang='lat' dir='ltr'>IOANNIS</span> <span class='ocrx_word' id='word_1_4' title='bbox 965 173 1477 218; x_wconf 80' lang='lat' dir='ltr'>SARESBERIENSIS</span> <span class='ocrx_word' id='word_1_5' title='bbox 1628 171 1738 234; x_wconf 72' lang='lat' dir='ltr'><strong>[mn.</strong></span> <span class='ocrx_word' id='word_1_6' title='bbox 1753 185 1794 219; x_wconf 91' lang='lat'><strong>11</strong></span> <span class='ocrx_word' id='word_1_7' title='bbox 1860 162 1862 165; x_wconf 79' lang='grc'>’</span> 
     </span>
    </p>
   </div>
   <div class='ocr_carea' id='block_1_2' title="bbox 181 293 1875 2426">
    <p class='ocr_par' dir='ltr' id='par_1_2' title="bbox 181 293 1875 1804">
     <span class='ocr_line' id='line_1_2' title="bbox 336 293 1795 351; baseline -0.001 -13"><span class='ocrx_word' id='word_1_8' title='bbox 336 294 453 338; x_wconf 89' lang='grc'>8111111</span> <span class='ocrx_word' id='word_1_9' title='bbox 473 293 521 336; x_wconf 87' lang='grc'><strong>111</strong></span> <span class='ocrx_word' id='word_1_10' title='bbox 541 307 770 338; x_wconf 89' lang='lat' dir='ltr'><strong>commune</strong></span> <span class='ocrx_word' id='word_1_11' title='bbox 790 294 936 338; x_wconf 88' lang='lat' dir='ltr'><strong>sciunt</strong></span> <span class='ocrx_word' id='word_1_12' title='bbox 956 295 1035 337; x_wconf 90' lang='lat' dir='ltr'><strong>aut</strong></span> <span class='ocrx_word' id='word_1_13' title='bbox 1061 293 1171 337; x_wconf 90' lang='lat' dir='ltr'><strong>scire</strong></span> <span class='ocrx_word' id='word_1_14' title='bbox 1190 293 1352 338; x_wconf 89' lang='lat' dir='ltr'><strong>debent</strong></span> <span class='ocrx_word' id='word_1_15' title='bbox 1373 294 1487 338; x_wconf 88' lang='lat' dir='ltr'><strong>hanc</strong></span> <span class='ocrx_word' id='word_1_16' title='bbox 1506 293 1795 351; x_wconf 87' lang='lat' dir='ltr'><strong>ignominiam</strong></span> 
     </span>
     <span class='ocr_line' id='line_1_3' title="bbox 336 363 1865 441; baseline -0.001 -35"><span class='ocrx_word' id='word_1_17' title='bbox 336 363 440 406; x_wconf 92' lang='lat' dir='ltr'><strong>fidei</strong></span> <span class='ocrx_word' id='word_1_18' title='bbox 473 364 767 407; x_wconf 86' lang='lat' dir='ltr'><strong>anathematis</strong></span> <span class='ocrx_word' id='word_1_19' title='bbox 801 363 1034 420; x_wconf 89' lang='lat' dir='ltr'><strong>obprobrio</strong></span> <span class='ocrx_word' id='word_1_20' title='bbox 1068 363 1444 420; x_wconf 88' lang='lat' dir='ltr'><strong>condempnatam.</strong></span> <span class='ocrx_word' id='word_1_21' title='bbox 1503 363 1607 406; x_wconf 91' lang='lat' dir='ltr'><strong>Non</strong></span> <span class='ocrx_word' id='word_1_22' title='bbox 1640 363 1796 441; x_wconf 85' lang='lat' dir='ltr'><strong>utique</strong></span> <span class='ocrx_word' id='word_1_23' title='bbox 1863 393 1865 398; x_wconf 69' lang='lat'><strong>,</strong></span> 
     </span>
     <span class='ocr_line' id='line_1_4' title="bbox 293 432 1796 490; baseline -0.002 -13"><span class='ocrx_word' id='word_1_24' title='bbox 293 437 322 477; x_wconf 86' lang='lat' dir='ltr'><strong>d</strong></span> <span class='ocrx_word' id='word_1_25' title='bbox 339 433 410 477; x_wconf 86' lang='lat' dir='ltr'><strong>hic</strong></span> <span class='ocrx_word' id='word_1_26' title='bbox 438 436 711 477; x_wconf 89' lang='lat' dir='ltr'><strong>sacramento</strong></span> <span class='ocrx_word' id='word_1_27' title='bbox 740 433 866 476; x_wconf 90' lang='lat' dir='ltr'><strong>miles</strong></span> <span class='ocrx_word' id='word_1_28' title='bbox 896 433 1125 490; x_wconf 74' lang='lat' dir='ltr'>excipitur,</span> <span class='ocrx_word' id='word_1_29' title='bbox 1154 432 1363 490; x_wconf 85' lang='lat' dir='ltr'><strong>pupillus</strong></span> <span class='ocrx_word' id='word_1_30' title='bbox 1382 435 1512 484; x_wconf 88' lang='lat' dir='ltr'><strong>etate,</strong></span> <span class='ocrx_word' id='word_1_31' title='bbox 1541 432 1740 476; x_wconf 84' lang='lat' dir='ltr'><strong>mulier</strong></span> <span class='ocrx_word' id='word_1_32' title='bbox 1726 447 1796 474; x_wconf 89' lang='grc'>111-</span> 
     </span>
     <span class='ocr_line' id='line_1_5' title="bbox 335 487 1867 580; baseline 0 -36"><span class='ocrx_word' id='word_1_33' title='bbox 335 502 547 546; x_wconf 86' lang='lat' dir='ltr'><strong>firmitate</strong></span> <span class='ocrx_word' id='word_1_34' title='bbox 573 517 716 553; x_wconf 85' lang='lat' dir='ltr'><strong>sexus,</strong></span> <span class='ocrx_word' id='word_1_35' title='bbox 737 503 927 546; x_wconf 89' lang='lat' dir='ltr'><strong>rusticus</strong></span> <span class='ocrx_word' id='word_1_36' title='bbox 951 517 1131 545; x_wconf 90' lang='lat' dir='ltr'><strong>munere</strong></span> <span class='ocrx_word' id='word_1_37' title='bbox 1157 502 1453 580; x_wconf 70' lang='lat' dir='ltr'>agriculturae</span> <span class='ocrx_word' id='word_1_38' title='bbox 1481 516 1570 559; x_wconf 92' lang='lat' dir='ltr'><strong>qua</strong></span> <span class='ocrx_word' id='word_1_39' title='bbox 1594 487 1796 559; x_wconf 87' lang='lat' dir='ltr'><strong>publicae</strong></span> <span class='ocrx_word' id='word_1_40' title='bbox 1859 491 1867 558; x_wconf 55' lang='grc'><strong>1</strong></span> 
     </span>
     <span class='ocr_line' id='line_1_6' title="bbox 333 562 1870 629; baseline 0 -16"><span class='ocrx_word' id='word_1_41' title='bbox 333 562 522 615; x_wconf 90' lang='lat' dir='ltr'><strong>utilitati</strong></span> <span class='ocrx_word' id='word_1_42' title='bbox 561 572 780 629; x_wconf 86' lang='lat' dir='ltr'><strong>inuigilat.</strong></span> <span class='ocrx_word' id='word_1_43' title='bbox 839 571 963 614; x_wconf 87' lang='lat' dir='ltr'><strong>Licet</strong></span> <span class='ocrx_word' id='word_1_44' title='bbox 1001 571 1118 614; x_wconf 93' lang='lat' dir='ltr'><strong>enim</strong></span> <span class='ocrx_word' id='word_1_45' title='bbox 1157 571 1206 613; x_wconf 93' lang='lat' dir='ltr'><strong>in</strong></span> <span class='ocrx_word' id='word_1_46' title='bbox 1240 571 1480 628; x_wconf 90' lang='lat' dir='ltr'><strong>dispendiis</strong></span> <span class='ocrx_word' id='word_1_47' title='bbox 1511 585 1659 614; x_wconf 91' lang='lat' dir='ltr'><strong>rerum</strong></span> <span class='ocrx_word' id='word_1_48' title='bbox 1692 570 1794 614; x_wconf 86' lang='lat' dir='ltr'><strong>sub·</strong></span> <span class='ocrx_word' id='word_1_49' title='bbox 1812 583 1867 624; x_wconf 83' lang='lat'><strong>5</strong></span> <span class='ocrx_word' id='word_1_50' title='bbox 1868 574 1870 578; x_wconf 67' lang='grc'><strong>“</strong></span> 
     </span>
     <span class='ocr_line' id='line_1_7' title="bbox 331 640 1875 698; baseline -0.001 -14"><span class='ocrx_word' id='word_1_51' title='bbox 331 641 540 684; x_wconf 87' lang='lat' dir='ltr'><strong>ueniatur</strong></span> <span class='ocrx_word' id='word_1_52' title='bbox 573 642 636 684; x_wconf 90' lang='lat' dir='ltr'><strong>eis</strong></span> <span class='ocrx_word' id='word_1_53' title='bbox 670 656 750 698; x_wconf 92' lang='lat' dir='ltr'><strong>per</strong></span> <span class='ocrx_word' id='word_1_54' title='bbox 778 640 1075 697; x_wconf 72' lang='lat' dir='ltr'><strong>ignorantiam</strong></span> <span class='ocrx_word' id='word_1_55' title='bbox 1105 640 1226 693; x_wconf 86' lang='lat' dir='ltr'><strong>iuris,</strong></span> <span class='ocrx_word' id='word_1_56' title='bbox 1254 640 1303 683; x_wconf 91' lang='lat' dir='ltr'><strong>in</strong></span> <span class='ocrx_word' id='word_1_57' title='bbox 1331 640 1615 684; x_wconf 90' lang='lat' dir='ltr'><strong>subuersione</strong></span> <span class='ocrx_word' id='word_1_58' title='bbox 1644 642 1795 684; x_wconf 89' lang='lat' dir='ltr'><strong>tamen</strong></span> <span class='ocrx_word' id='word_1_59' title='bbox 1873 692 1875 698; x_wconf 35' lang='grc' dir='ltr'>Ι</span> 
     </span>
     <span class='ocr_line' id='line_1_8' title="bbox 330 709 1860 767; baseline -0.001 -14"><span class='ocrx_word' id='word_1_60' title='bbox 330 710 434 753; x_wconf 89' lang='lat' dir='ltr'><strong>fidei</strong></span> <span class='ocrx_word' id='word_1_61' title='bbox 457 711 629 753; x_wconf 91' lang='lat' dir='ltr'><strong>nullum</strong></span> <span class='ocrx_word' id='word_1_62' title='bbox 659 711 715 753; x_wconf 91' lang='lat' dir='ltr'><strong>ab</strong></span> <span class='ocrx_word' id='word_1_63' title='bbox 741 710 996 767; x_wconf 72' lang='lat' dir='ltr'><strong>ignorantia</strong></span> <span class='ocrx_word' id='word_1_64' title='bbox 1019 710 1262 753; x_wconf 88' lang='lat' dir='ltr'><strong>remedium</strong></span> <span class='ocrx_word' id='word_1_65' title='bbox 1288 712 1381 762; x_wconf 89' lang='lat' dir='ltr'><strong>est;</strong></span> <span class='ocrx_word' id='word_1_66' title='bbox 1409 709 1638 752; x_wconf 74' lang='lat' dir='ltr'><strong>obtinente</strong></span> <span class='ocrx_word' id='word_1_67' title='bbox 1666 723 1717 752; x_wconf 89' lang='lat' dir='ltr'><strong>eo</strong></span> <span class='ocrx_word' id='word_1_68' title='bbox 1742 711 1796 752; x_wconf 86' lang='lat' dir='ltr'><strong>ut</strong></span> <span class='ocrx_word' id='word_1_69' title='bbox 1856 749 1860 752; x_wconf 76' lang='lat'><strong>.</strong></span> 
     </span>
     <span class='ocr_line' id='line_1_9' title="bbox 331 777 1866 837; baseline -0.001 -16"><span class='ocrx_word' id='word_1_70' title='bbox 331 779 409 835; x_wconf 93' lang='lat' dir='ltr'><strong>qui</strong></span> <span class='ocrx_word' id='word_1_71' title='bbox 443 779 620 836; x_wconf 85' lang='lat' dir='ltr'><strong>ignorat</strong></span> <span class='ocrx_word' id='word_1_72' title='bbox 654 780 884 837; x_wconf 87' lang='lat' dir='ltr'><strong>ignoretur</strong></span> <span class='ocrx_word' id='word_1_73' title='bbox 917 782 964 822; x_wconf 91' lang='lat' dir='ltr'><strong>et</strong></span> <span class='ocrx_word' id='word_1_74' title='bbox 997 779 1209 836; x_wconf 89' lang='lat' dir='ltr'><strong>insipiens</strong></span> <span class='ocrx_word' id='word_1_75' title='bbox 1242 779 1290 821; x_wconf 91' lang='lat' dir='ltr'><strong>in</strong></span> <span class='ocrx_word' id='word_1_76' title='bbox 1321 778 1451 836; x_wconf 87' lang='lat' dir='ltr'><strong>culpa</strong></span> <span class='ocrx_word' id='word_1_77' title='bbox 1484 778 1713 821; x_wconf 71' lang='lat' dir='ltr'><strong>erudiatur</strong></span> <span class='ocrx_word' id='word_1_78' title='bbox 1746 777 1796 820; x_wconf 91' lang='lat' dir='ltr'><strong>in</strong></span> <span class='ocrx_word' id='word_1_79' title='bbox 1863 797 1866 800; x_wconf 53' lang='lat'><strong>&gt;</strong></span> 
     </span>
     <span class='ocr_line' id='line_1_10' title="bbox 329 838 1864 905; baseline -0.001 -14"><span class='ocrx_word' id='word_1_80' title='bbox 329 862 445 905; x_wconf 88' lang='lat' dir='ltr'><strong>pena</strong></span> <span class='ocrx_word' id='word_1_81' title='bbox 475 851 520 892; x_wconf 91' lang='lat' dir='ltr'><strong>et</strong></span> <span class='ocrx_word' id='word_1_82' title='bbox 549 849 771 905; x_wconf 70' lang='lat' dir='ltr'><strong>sapienter</strong></span> <span class='ocrx_word' id='word_1_83' title='bbox 798 838 1012 905; x_wconf 85' lang='lat' dir='ltr'><strong>puniatur</strong></span> <span class='ocrx_word' id='word_1_84' title='bbox 1042 848 1118 904; x_wconf 90' lang='lat' dir='ltr'><strong>qui</strong></span> <span class='ocrx_word' id='word_1_85' title='bbox 1147 848 1291 891; x_wconf 91' lang='lat' dir='ltr'><strong>noluit</strong></span> <span class='ocrx_word' id='word_1_86' title='bbox 1321 847 1569 904; x_wconf 88' lang='lat' dir='ltr'><strong>intelligere</strong></span> <span class='ocrx_word' id='word_1_87' title='bbox 1602 849 1655 890; x_wconf 92' lang='lat' dir='ltr'><strong>ut</strong></span> <span class='ocrx_word' id='word_1_88' title='bbox 1683 847 1795 890; x_wconf 87' lang='lat' dir='ltr'><strong>bene</strong></span> <span class='ocrx_word' id='word_1_89' title='bbox 1861 856 1864 859; x_wconf 58' lang='lat'><em>⁴</em></span> 
     </span>
     <span class='ocr_line' id='line_1_11' title="bbox 331 908 1868 975; baseline -0.002 -15"><span class='ocrx_word' id='word_1_90' title='bbox 331 920 493 975; x_wconf 87' lang='lat' dir='ltr'><strong>ageret.</strong></span> <span class='ocrx_word' id='word_1_91' title='bbox 553 918 663 971; x_wconf 83' lang='lat' dir='ltr'><strong>Quis</strong></span> <span class='ocrx_word' id='word_1_92' title='bbox 693 918 810 960; x_wconf 91' lang='lat' dir='ltr'><strong>enim</strong></span> <span class='ocrx_word' id='word_1_93' title='bbox 844 917 992 974; x_wconf 90' lang='lat' dir='ltr'><strong>potuit</strong></span> <span class='ocrx_word' id='word_1_94' title='bbox 1025 917 1191 969; x_wconf 79' lang='lat' dir='ltr'><strong>discere</strong></span> <span class='ocrx_word' id='word_1_95' title='bbox 1223 920 1275 960; x_wconf 93' lang='lat' dir='ltr'><strong>ut</strong></span> <span class='ocrx_word' id='word_1_96' title='bbox 1309 917 1403 959; x_wconf 90' lang='lat' dir='ltr'><strong>sine</strong></span> <span class='ocrx_word' id='word_1_97' title='bbox 1434 916 1582 960; x_wconf 89' lang='lat' dir='ltr'><strong>labore</strong></span> <span class='ocrx_word' id='word_1_98' title='bbox 1611 931 1639 959; x_wconf 91' lang='lat' dir='ltr'><strong>a</strong></span> <span class='ocrx_word' id='word_1_99' title='bbox 1666 918 1795 959; x_wconf 88' lang='lat' dir='ltr'><strong>tanto</strong></span> <span class='ocrx_word' id='word_1_100' title='bbox 1813 931 1844 956; x_wconf 90' lang='lat'>1</span> <span class='ocrx_word' id='word_1_101' title='bbox 1859 908 1868 972; x_wconf 13' lang='grc' dir='ltr'><strong>’ἡ</strong></span> 
     </span>
     <span class='ocr_line' id='line_1_12' title="bbox 330 985 1794 1037; baseline -0.001 -9"><span class='ocrx_word' id='word_1_102' title='bbox 330 985 481 1029; x_wconf 90' lang='lat' dir='ltr'><strong>labore</strong></span> <span class='ocrx_word' id='word_1_103' title='bbox 507 990 707 1037; x_wconf 90' lang='lat' dir='ltr'><strong>cessaret,</strong></span> <span class='ocrx_word' id='word_1_104' title='bbox 727 986 834 1028; x_wconf 89' lang='lat' dir='ltr'><strong>dum</strong></span> <span class='ocrx_word' id='word_1_105' title='bbox 858 986 969 1028; x_wconf 90' lang='lat' dir='ltr'><strong>illud</strong></span> <span class='ocrx_word' id='word_1_106' title='bbox 995 986 1210 1030; x_wconf 89' lang='lat' dir='ltr'><strong>laboriose</strong></span> <span class='ocrx_word' id='word_1_107' title='bbox 1236 985 1480 1029; x_wconf 87' lang='lat' dir='ltr'><strong>addisceret</strong></span> <span class='ocrx_word' id='word_1_108' title='bbox 1505 987 1558 1028; x_wconf 92' lang='lat' dir='ltr'><strong>ut</strong></span> <span class='ocrx_word' id='word_1_109' title='bbox 1580 985 1794 1028; x_wconf 87' lang='lat' dir='ltr'><strong>laboriose</strong></span> 
     </span>
     <span class='ocr_line' id='line_1_13' title="bbox 332 1054 1861 1112; baseline -0.001 -14"><span class='ocrx_word' id='word_1_110' title='bbox 332 1058 379 1098; x_wconf 90' lang='lat' dir='ltr'><strong>et</strong></span> <span class='ocrx_word' id='word_1_111' title='bbox 416 1056 675 1112; x_wconf 88' lang='lat' dir='ltr'><strong>pestilenter</strong></span> <span class='ocrx_word' id='word_1_112' title='bbox 713 1055 914 1099; x_wconf 60' lang='lat' dir='ltr'><strong>erraret?</strong></span> <span class='ocrx_word' id='word_1_113' title='bbox 972 1055 1076 1098; x_wconf 91' lang='lat' dir='ltr'><strong>Non</strong></span> <span class='ocrx_word' id='word_1_114' title='bbox 1114 1057 1260 1112; x_wconf 91' lang='lat' dir='ltr'><strong>potest</strong></span> <span class='ocrx_word' id='word_1_115' title='bbox 1300 1055 1349 1098; x_wconf 92' lang='lat' dir='ltr'><strong>in</strong></span> <span class='ocrx_word' id='word_1_116' title='bbox 1387 1055 1474 1098; x_wconf 90' lang='lat' dir='ltr'><strong>fide</strong></span> <span class='ocrx_word' id='word_1_117' title='bbox 1512 1055 1607 1098; x_wconf 88' lang='grc'>81118</span> <span class='ocrx_word' id='word_1_118' title='bbox 1645 1054 1795 1097; x_wconf 89' lang='lat' dir='ltr'><strong>labore</strong></span> <span class='ocrx_word' id='word_1_119' title='bbox 1849 1067 1861 1082; x_wconf 36' lang='grc' dir='ltr'><strong>’ν</strong></span> 
     </span>
     <span class='ocr_line' id='line_1_14' title="bbox 331 1123 1868 1185; baseline 0 -19"><span class='ocrx_word' id='word_1_120' title='bbox 331 1124 551 1180; x_wconf 87' lang='lat' dir='ltr'><strong>quiescere</strong></span> <span class='ocrx_word' id='word_1_121' title='bbox 582 1124 658 1182; x_wconf 90' lang='lat' dir='ltr'><strong>qui</strong></span> <span class='ocrx_word' id='word_1_122' title='bbox 689 1127 845 1181; x_wconf 91' lang='lat' dir='ltr'><strong>potens</strong></span> <span class='ocrx_word' id='word_1_123' title='bbox 880 1127 948 1167; x_wconf 91' lang='lat' dir='ltr'><strong>est</strong></span> <span class='ocrx_word' id='word_1_124' title='bbox 981 1124 1275 1168; x_wconf 88' lang='lat' dir='ltr'><strong>sollicitudine</strong></span> <span class='ocrx_word' id='word_1_125' title='bbox 1308 1124 1470 1168; x_wconf 91' lang='lat' dir='ltr'><strong>mentis</strong></span> <span class='ocrx_word' id='word_1_126' title='bbox 1504 1127 1551 1168; x_wconf 92' lang='lat' dir='ltr'><strong>et</strong></span> <span class='ocrx_word' id='word_1_127' title='bbox 1583 1123 1794 1167; x_wconf 85' lang='lat' dir='ltr'><strong>exercitio</strong></span> <span class='ocrx_word' id='word_1_128' title='bbox 1846 1138 1868 1185; x_wconf 44' lang='grc' dir='ltr'>ᾗ</span> 
     </span>
     <span class='ocr_line' id='line_1_15' title="bbox 330 1193 1855 1254; baseline -0.001 -17"><span class='ocrx_word' id='word_1_129' title='bbox 330 1194 524 1250; x_wconf 83' lang='grc' dir='ltr'>001Ρο118</span> <span class='ocrx_word' id='word_1_130' title='bbox 553 1209 581 1236; x_wconf 89' lang='grc'><strong>8</strong></span> <span class='ocrx_word' id='word_1_131' title='bbox 609 1194 698 1237; x_wconf 89' lang='lat' dir='ltr'><strong>fide</strong></span> <span class='ocrx_word' id='word_1_132' title='bbox 728 1194 940 1238; x_wconf 64' lang='lat' dir='ltr'><strong>deuiare&#39;ss</strong></span> <span class='ocrx_word' id='word_1_133' title='bbox 999 1194 1086 1247; x_wconf 80' lang='lat' dir='ltr'><strong>Qui</strong></span> <span class='ocrx_word' id='word_1_134' title='bbox 1117 1194 1234 1237; x_wconf 90' lang='lat' dir='ltr'><strong>enim</strong></span> <span class='ocrx_word' id='word_1_135' title='bbox 1263 1193 1334 1237; x_wconf 84' lang='lat' dir='ltr'><strong>his</strong></span> <span class='ocrx_word' id='word_1_136' title='bbox 1363 1193 1496 1250; x_wconf 83' lang='lat' dir='ltr'><strong>nugis</strong></span> <span class='ocrx_word' id='word_1_137' title='bbox 1523 1193 1792 1249; x_wconf 88' lang='lat' dir='ltr'><strong>obsequitur,</strong></span> <span class='ocrx_word' id='word_1_138' title='bbox 1850 1244 1855 1254; x_wconf 51' lang='lat'><strong>.</strong></span> 
     </span>
     <span class='ocr_line' id='line_1_16' title="bbox 330 1261 1851 1320; baseline -0.001 -15"><span class='ocrx_word' id='word_1_139' title='bbox 330 1262 462 1305; x_wconf 91' lang='lat' dir='ltr'><strong>fidem</strong></span> <span class='ocrx_word' id='word_1_140' title='bbox 486 1263 670 1320; x_wconf 88' lang='lat' dir='ltr'><strong>negauit</strong></span> <span class='ocrx_word' id='word_1_141' title='bbox 690 1266 735 1306; x_wconf 92' lang='lat' dir='ltr'><strong>et</strong></span> <span class='ocrx_word' id='word_1_142' title='bbox 753 1263 922 1306; x_wconf 89' lang='lat' dir='ltr'><strong>infideli</strong></span> <span class='ocrx_word' id='word_1_143' title='bbox 948 1262 1140 1306; x_wconf 83' lang='lat' dir='ltr'><strong>deterior</strong></span> <span class='ocrx_word' id='word_1_144' title='bbox 1165 1265 1257 1316; x_wconf 90' lang='lat' dir='ltr'><strong>est;</strong></span> <span class='ocrx_word' id='word_1_145' title='bbox 1286 1265 1332 1306; x_wconf 92' lang='lat' dir='ltr'><strong>et</strong></span> <span class='ocrx_word' id='word_1_146' title='bbox 1350 1262 1454 1305; x_wconf 91' lang='lat' dir='ltr'><strong>licet</strong></span> <span class='ocrx_word' id='word_1_147' title='bbox 1476 1262 1624 1305; x_wconf 91' lang='lat' dir='ltr'><strong>uerbis</strong></span> <span class='ocrx_word' id='word_1_148' title='bbox 1646 1261 1791 1304; x_wconf 91' lang='lat' dir='ltr'><strong>Deum</strong></span> <span class='ocrx_word' id='word_1_149' title='bbox 1811 1279 1851 1310; x_wconf 49' lang='grc'>1,».</span> 
     </span>
     <span class='ocr_line' id='line_1_17' title="bbox 181 1331 1793 1390; baseline -0.002 -11"><span class='ocrx_word' id='word_1_150' title='bbox 181 1349 261 1389; x_wconf 86' lang='grc'><strong>473</strong></span> <span class='ocrx_word' id='word_1_151' title='bbox 285 1350 314 1379; x_wconf 90' lang='lat' dir='ltr'><strong>a</strong></span> <span class='ocrx_word' id='word_1_152' title='bbox 330 1333 604 1384; x_wconf 88' lang='lat' dir='ltr'><strong>confiteatur,</strong></span> <span class='ocrx_word' id='word_1_153' title='bbox 624 1333 664 1376; x_wconf 93' lang='lat' dir='ltr'><strong>ei</strong></span> <span class='ocrx_word' id='word_1_154' title='bbox 691 1333 910 1390; x_wconf 89' lang='lat' dir='ltr'><strong>peruersis</strong></span> <span class='ocrx_word' id='word_1_155' title='bbox 936 1333 1141 1390; x_wconf 88' lang='lat' dir='ltr'><strong>operibus</strong></span> <span class='ocrx_word' id='word_1_156' title='bbox 1166 1331 1438 1375; x_wconf 87' lang='lat' dir='ltr'><strong>contradicit.</strong></span> <span class='ocrx_word' id='word_1_157' title='bbox 1497 1331 1590 1375; x_wconf 90' lang='lat' dir='ltr'><strong>Nec</strong></span> <span class='ocrx_word' id='word_1_158' title='bbox 1617 1331 1793 1375; x_wconf 77' lang='lat' dir='ltr'><strong>facilius</strong></span> 
     </span>
     <span class='ocr_line' id='line_1_18' title="bbox 330 1400 1792 1457; baseline -0.001 -13"><span class='ocrx_word' id='word_1_159' title='bbox 330 1405 399 1445; x_wconf 90' lang='lat' dir='ltr'><strong>est</strong></span> <span class='ocrx_word' id='word_1_160' title='bbox 436 1403 657 1446; x_wconf 92' lang='lat' dir='ltr'><strong>hominem</strong></span> <span class='ocrx_word' id='word_1_161' title='bbox 697 1402 949 1445; x_wconf 90' lang='lat' dir='ltr'><strong>huiusmodi</strong></span> <span class='ocrx_word' id='word_1_162' title='bbox 988 1416 1080 1444; x_wconf 90' lang='lat' dir='ltr'><strong>esse</strong></span> <span class='ocrx_word' id='word_1_163' title='bbox 1118 1401 1304 1452; x_wconf 87' lang='lat' dir='ltr'><strong>fidelem,</strong></span> <span class='ocrx_word' id='word_1_164' title='bbox 1336 1415 1469 1457; x_wconf 90' lang='lat' dir='ltr'><strong>quam</strong></span> <span class='ocrx_word' id='word_1_165' title='bbox 1503 1401 1692 1444; x_wconf 92' lang='lat' dir='ltr'><strong>iudicem</strong></span> <span class='ocrx_word' id='word_1_166' title='bbox 1725 1400 1792 1443; x_wconf 92' lang='lat' dir='ltr'><strong>in-</strong></span> 
     </span>
     <span class='ocr_line' id='line_1_19' title="bbox 328 1469 1844 1534; baseline 0.001 -21"><span class='ocrx_word' id='word_1_167' title='bbox 328 1474 586 1528; x_wconf 90' lang='lat' dir='ltr'><strong>corruptum</strong></span> <span class='ocrx_word' id='word_1_168' title='bbox 625 1472 702 1528; x_wconf 92' lang='lat' dir='ltr'><strong>qui</strong></span> <span class='ocrx_word' id='word_1_169' title='bbox 741 1471 889 1528; x_wconf 85' lang='lat' dir='ltr'><strong>diligit</strong></span> <span class='ocrx_word' id='word_1_170' title='bbox 926 1485 1110 1514; x_wconf 88' lang='lat' dir='ltr'><strong>munera</strong></span> <span class='ocrx_word' id='word_1_171' title='bbox 1149 1473 1195 1513; x_wconf 90' lang='lat' dir='ltr'><strong>et</strong></span> <span class='ocrx_word' id='word_1_172' title='bbox 1233 1471 1434 1527; x_wconf 89' lang='lat' dir='ltr'><strong>sequitur</strong></span> <span class='ocrx_word' id='word_1_173' title='bbox 1466 1470 1792 1514; x_wconf 82' lang='lat' dir='ltr'><strong>retributiones.</strong></span> <span class='ocrx_word' id='word_1_174' title='bbox 1829 1469 1844 1534; x_wconf 27' lang='lat' dir='ltr'><strong>fi&lt;</strong></span> 
     </span>
     <span class='ocr_line' id='line_1_20' title="bbox 328 1538 1834 1597; baseline 0.002 -15"><span class='ocrx_word' id='word_1_175' title='bbox 328 1538 537 1583; x_wconf 83' lang='lat' dir='ltr'><strong>Ceterum</strong></span> <span class='ocrx_word' id='word_1_176' title='bbox 577 1541 694 1597; x_wconf 93' lang='lat' dir='ltr'><strong>quod</strong></span> <span class='ocrx_word' id='word_1_177' title='bbox 733 1539 1047 1596; x_wconf 91' lang='lat' dir='ltr'><strong>simpliciorum</strong></span> <span class='ocrx_word' id='word_1_178' title='bbox 1091 1539 1260 1582; x_wconf 92' lang='lat' dir='ltr'><strong>animos</strong></span> <span class='ocrx_word' id='word_1_179' title='bbox 1302 1542 1463 1591; x_wconf 91' lang='lat' dir='ltr'><strong>mouet,</strong></span> <span class='ocrx_word' id='word_1_180' title='bbox 1502 1539 1667 1583; x_wconf 91' lang='lat' dir='ltr'><strong>scilicet</strong></span> <span class='ocrx_word' id='word_1_181' title='bbox 1711 1554 1792 1597; x_wconf 88' lang='lat' dir='ltr'><strong>per</strong></span> <span class='ocrx_word' id='word_1_182' title='bbox 1830 1551 1834 1560; x_wconf 89' lang='grc'><em>“</em></span> 
     </span>
     <span class='ocr_line' id='line_1_21' title="bbox 328 1608 1841 1652; baseline 0 -2"><span class='ocrx_word' id='word_1_183' title='bbox 328 1608 580 1652; x_wconf 91' lang='lat' dir='ltr'><strong>huiusmodi</strong></span> <span class='ocrx_word' id='word_1_184' title='bbox 629 1609 994 1652; x_wconf 88' lang='lat' dir='ltr'><strong>consultationem</strong></span> <span class='ocrx_word' id='word_1_185' title='bbox 1043 1609 1299 1652; x_wconf 86' lang='lat' dir='ltr'><strong>abscondita</strong></span> <span class='ocrx_word' id='word_1_186' title='bbox 1346 1608 1601 1652; x_wconf 85' lang='lat' dir='ltr'><strong>futurorum</strong></span> <span class='ocrx_word' id='word_1_187' title='bbox 1648 1608 1788 1651; x_wconf 90' lang='lat' dir='ltr'><strong>mani-</strong></span> <span class='ocrx_word' id='word_1_188' title='bbox 1807 1623 1841 1650; x_wconf 77' lang='lat' dir='ltr'>a</span> 
     </span>
     <span class='ocr_line' id='line_1_22' title="bbox 328 1677 1844 1735; baseline 0.001 -15"><span class='ocrx_word' id='word_1_189' title='bbox 328 1677 484 1721; x_wconf 81' lang='lat' dir='ltr'><strong>festari</strong></span> <span class='ocrx_word' id='word_1_190' title='bbox 514 1693 603 1721; x_wconf 90' lang='lat' dir='ltr'><strong>non</strong></span> <span class='ocrx_word' id='word_1_191' title='bbox 632 1693 768 1735; x_wconf 90' lang='lat' dir='ltr'><strong>posse,</strong></span> <span class='ocrx_word' id='word_1_192' title='bbox 788 1678 874 1720; x_wconf 89' lang='lat' dir='ltr'><strong>nisi</strong></span> <span class='ocrx_word' id='word_1_193' title='bbox 903 1692 983 1734; x_wconf 88' lang='lat' dir='ltr'><strong>per</strong></span> <span class='ocrx_word' id='word_1_194' title='bbox 1010 1692 1191 1720; x_wconf 92' lang='lat' dir='ltr'><strong>manum</strong></span> <span class='ocrx_word' id='word_1_195' title='bbox 1220 1678 1314 1721; x_wconf 89' lang='lat' dir='ltr'><strong>eius</strong></span> <span class='ocrx_word' id='word_1_196' title='bbox 1343 1678 1392 1720; x_wconf 92' lang='lat' dir='ltr'><strong>in</strong></span> <span class='ocrx_word' id='word_1_197' title='bbox 1420 1678 1545 1721; x_wconf 91' lang='lat' dir='ltr'><strong>cuius</strong></span> <span class='ocrx_word' id='word_1_198' title='bbox 1570 1680 1790 1735; x_wconf 87' lang='lat' dir='ltr'><strong>potestate</strong></span> <span class='ocrx_word' id='word_1_199' title='bbox 1839 1730 1844 1735; x_wconf 23' lang='lat'><strong><em>‘</em></strong></span> 
     </span>
     <span class='ocr_line' id='line_1_23' title="bbox 328 1747 1790 1804; baseline 0.001 -15"><span class='ocrx_word' id='word_1_200' title='bbox 328 1750 434 1789; x_wconf 91' lang='lat' dir='ltr'><strong>sunt</strong></span> <span class='ocrx_word' id='word_1_201' title='bbox 457 1750 657 1804; x_wconf 89' lang='lat' dir='ltr'><strong>tempora</strong></span> <span class='ocrx_word' id='word_1_202' title='bbox 686 1749 732 1790; x_wconf 91' lang='lat' dir='ltr'><strong>et</strong></span> <span class='ocrx_word' id='word_1_203' title='bbox 759 1749 993 1797; x_wconf 86' lang='lat' dir='ltr'><strong>momenta,</strong></span> <span class='ocrx_word' id='word_1_204' title='bbox 1014 1747 1179 1789; x_wconf 92' lang='lat' dir='ltr'><strong>nodum</strong></span> <span class='ocrx_word' id='word_1_205' title='bbox 1204 1761 1294 1789; x_wconf 90' lang='lat' dir='ltr'><strong>non</strong></span> <span class='ocrx_word' id='word_1_206' title='bbox 1320 1747 1484 1804; x_wconf 88' lang='lat' dir='ltr'><strong>ingerit</strong></span> <span class='ocrx_word' id='word_1_207' title='bbox 1508 1747 1790 1804; x_wconf 82' lang='lat' dir='ltr'><strong>quaestionis.</strong></span> 
     </span>
    </p>

    <p class='ocr_par' dir='ltr' id='par_1_3' title="bbox 274 1809 1875 2426">
     <span class='ocr_line' id='line_1_24' title="bbox 274 1815 1789 1873; baseline 0.001 -14"><span class='ocrx_word' id='word_1_208' title='bbox 274 1826 277 1829; x_wconf 85' lang='grc'><em>’</em></span> <span class='ocrx_word' id='word_1_209' title='bbox 327 1815 452 1859; x_wconf 86' lang='lat' dir='ltr'><strong>Licet</strong></span> <span class='ocrx_word' id='word_1_210' title='bbox 495 1817 612 1859; x_wconf 92' lang='lat' dir='ltr'><strong>enim</strong></span> <span class='ocrx_word' id='word_1_211' title='bbox 652 1816 906 1860; x_wconf 84' lang='lat' dir='ltr'><strong>futurorum</strong></span> <span class='ocrx_word' id='word_1_212' title='bbox 945 1816 1004 1859; x_wconf 91' lang='lat' dir='ltr'><strong>sit</strong></span> <span class='ocrx_word' id='word_1_213' title='bbox 1042 1830 1158 1859; x_wconf 91' lang='lat' dir='ltr'><strong>unus</strong></span> <span class='ocrx_word' id='word_1_214' title='bbox 1192 1816 1368 1867; x_wconf 90' lang='lat' dir='ltr'><strong>arbiter,</strong></span> <span class='ocrx_word' id='word_1_215' title='bbox 1399 1817 1475 1873; x_wconf 90' lang='lat' dir='ltr'><strong>qui</strong></span> <span class='ocrx_word' id='word_1_216' title='bbox 1510 1820 1555 1859; x_wconf 93' lang='lat' dir='ltr'><strong>et</strong></span> <span class='ocrx_word' id='word_1_217' title='bbox 1588 1816 1711 1860; x_wconf 91' lang='lat' dir='ltr'><strong>Deus</strong></span> <span class='ocrx_word' id='word_1_218' title='bbox 1741 1820 1789 1861; x_wconf 85' lang='lat' dir='ltr'><strong>et</strong></span> 
     </span>
     <span class='ocr_line' id='line_1_25' title="bbox 328 1885 1837 1942; baseline 0.001 -14"><span class='ocrx_word' id='word_1_219' title='bbox 328 1885 545 1929; x_wconf 90' lang='lat' dir='ltr'><strong>Dominus</strong></span> <span class='ocrx_word' id='word_1_220' title='bbox 564 1886 761 1929; x_wconf 90' lang='lat' dir='ltr'><strong>omnium</strong></span> <span class='ocrx_word' id='word_1_221' title='bbox 782 1888 859 1936; x_wconf 91' lang='lat' dir='ltr'><strong>est,</strong></span> <span class='ocrx_word' id='word_1_222' title='bbox 878 1887 1029 1928; x_wconf 91' lang='lat' dir='ltr'><strong>tamen</strong></span> <span class='ocrx_word' id='word_1_223' title='bbox 1053 1900 1109 1928; x_wconf 85' lang='lat' dir='ltr'><strong>ex</strong></span> <span class='ocrx_word' id='word_1_224' title='bbox 1129 1885 1267 1942; x_wconf 88' lang='lat' dir='ltr'><strong>signis</strong></span> <span class='ocrx_word' id='word_1_225' title='bbox 1285 1885 1509 1928; x_wconf 88' lang='lat' dir='ltr'><strong>interdum</strong></span> <span class='ocrx_word' id='word_1_226' title='bbox 1535 1885 1788 1929; x_wconf 89' lang='lat' dir='ltr'><strong>hominibus</strong></span> <span class='ocrx_word' id='word_1_227' title='bbox 1836 1930 1837 1934; x_wconf 65' lang='grc'><strong>,</strong></span> 
     </span>
     <span class='ocr_line' id='line_1_26' title="bbox 327 1954 1829 2011; baseline -0.001 -15"><span class='ocrx_word' id='word_1_228' title='bbox 327 1954 621 1999; x_wconf 90' lang='lat' dir='ltr'><strong>innotescunt.</strong></span> <span class='ocrx_word' id='word_1_229' title='bbox 680 1955 798 2008; x_wconf 80' lang='lat' dir='ltr'><strong>Quid</strong></span> <span class='ocrx_word' id='word_1_230' title='bbox 837 1968 941 2011; x_wconf 88' lang='lat' dir='ltr'><strong>ergo</strong></span> <span class='ocrx_word' id='word_1_231' title='bbox 979 1954 1153 2006; x_wconf 90' lang='lat' dir='ltr'><strong>mirum,</strong></span> <span class='ocrx_word' id='word_1_232' title='bbox 1194 1954 1231 1997; x_wconf 91' lang='lat' dir='ltr'><strong>si</strong></span> <span class='ocrx_word' id='word_1_233' title='bbox 1270 1968 1323 1997; x_wconf 91' lang='lat' dir='ltr'><strong>ea</strong></span> <span class='ocrx_word' id='word_1_234' title='bbox 1361 1954 1622 2011; x_wconf 90' lang='lat' dir='ltr'><strong>quandoque</strong></span> <span class='ocrx_word' id='word_1_235' title='bbox 1660 1969 1785 2011; x_wconf 87' lang='lat' dir='ltr'><strong>prae·</strong></span> <span class='ocrx_word' id='word_1_236' title='bbox 1805 1955 1829 1995; x_wconf 68' lang='grc' dir='ltr'><strong>ο·</strong></span> 
     </span>
     <span class='ocr_line' id='line_1_27' title="bbox 327 2023 1875 2081; baseline -0.001 -15"><span class='ocrx_word' id='word_1_237' title='bbox 327 2027 523 2074; x_wconf 89' lang='lat' dir='ltr'><strong>noscant,</strong></span> <span class='ocrx_word' id='word_1_238' title='bbox 550 2039 661 2081; x_wconf 91' lang='lat' dir='ltr'><strong>quae</strong></span> <span class='ocrx_word' id='word_1_239' title='bbox 691 2027 736 2067; x_wconf 92' lang='lat' dir='ltr'><strong>et</strong></span> <span class='ocrx_word' id='word_1_240' title='bbox 765 2023 1013 2067; x_wconf 89' lang='lat' dir='ltr'><strong>subtilitate</strong></span> <span class='ocrx_word' id='word_1_241' title='bbox 1042 2027 1228 2065; x_wconf 90' lang='lat' dir='ltr'><strong>naturae</strong></span> <span class='ocrx_word' id='word_1_242' title='bbox 1256 2023 1413 2080; x_wconf 90' lang='lat' dir='ltr'><strong>uigent</strong></span> <span class='ocrx_word' id='word_1_243' title='bbox 1441 2026 1487 2066; x_wconf 91' lang='lat' dir='ltr'><strong>et</strong></span> <span class='ocrx_word' id='word_1_244' title='bbox 1515 2023 1789 2080; x_wconf 84' lang='lat' dir='ltr'><strong>experientia</strong></span> <span class='ocrx_word' id='word_1_245' title='bbox 1837 2039 1839 2042; x_wconf 94' lang='lat'>·</span> <span class='ocrx_word' id='word_1_246' title='bbox 1871 2077 1875 2079; x_wconf 17' lang='grc'><em>4</em></span> 
     </span>
     <span class='ocr_line' id='line_1_28' title="bbox 327 2091 1839 2150; baseline 0 -16"><span class='ocrx_word' id='word_1_247' title='bbox 327 2092 539 2148; x_wconf 87' lang='lat' dir='ltr'><strong>temporis</strong></span> <span class='ocrx_word' id='word_1_248' title='bbox 577 2092 773 2150; x_wconf 85' lang='lat' dir='ltr'><strong>longiore</strong></span> <span class='ocrx_word' id='word_1_249' title='bbox 812 2095 858 2136; x_wconf 93' lang='lat' dir='ltr'><strong>et</strong></span> <span class='ocrx_word' id='word_1_250' title='bbox 896 2091 1164 2135; x_wconf 90' lang='lat' dir='ltr'><strong>reuelatione</strong></span> <span class='ocrx_word' id='word_1_251' title='bbox 1203 2092 1478 2148; x_wconf 88' lang='lat' dir='ltr'><strong>superiorum</strong></span> <span class='ocrx_word' id='word_1_252' title='bbox 1516 2094 1787 2148; x_wconf 85' lang='lat' dir='ltr'><strong>potestatum</strong></span> <span class='ocrx_word' id='word_1_253' title='bbox 1835 2128 1839 2150; x_wconf 32' lang='lat' dir='ltr'><strong>J,</strong></span> 
     </span>
     <span class='ocr_line' id='line_1_29' title="bbox 328 2153 1831 2218; baseline 0.001 -15"><span class='ocrx_word' id='word_1_254' title='bbox 328 2161 383 2204; x_wconf 91' lang='lat' dir='ltr'><strong>de</strong></span> <span class='ocrx_word' id='word_1_255' title='bbox 413 2161 615 2218; x_wconf 86' lang='lat' dir='ltr'><strong>plurimis</strong></span> <span class='ocrx_word' id='word_1_256' title='bbox 649 2162 965 2205; x_wconf 54' lang='lat' dir='ltr'><strong>admonentur?</strong></span> <span class='ocrx_word' id='word_1_257' title='bbox 1023 2160 1071 2203; x_wconf 84' lang='lat' dir='ltr'><strong>Si</strong></span> <span class='ocrx_word' id='word_1_258' title='bbox 1107 2175 1211 2218; x_wconf 86' lang='lat' dir='ltr'><strong>ergo</strong></span> <span class='ocrx_word' id='word_1_259' title='bbox 1242 2160 1424 2217; x_wconf 89' lang='lat' dir='ltr'><strong>spiritus</strong></span> <span class='ocrx_word' id='word_1_260' title='bbox 1453 2160 1646 2218; x_wconf 89' lang='lat' dir='ltr'><strong>corporis</strong></span> <span class='ocrx_word' id='word_1_261' title='bbox 1674 2160 1788 2204; x_wconf 88' lang='lat' dir='ltr'><strong>mole</strong></span> <span class='ocrx_word' id='word_1_262' title='bbox 1820 2153 1831 2158; x_wconf 47' lang='grc'><em>”</em></span> 
     </span>
     <span class='ocr_line' id='line_1_30' title="bbox 329 2228 1837 2287; baseline -0.001 -15"><span class='ocrx_word' id='word_1_263' title='bbox 329 2231 517 2287; x_wconf 90' lang='lat' dir='ltr'><strong>grauati,</strong></span> <span class='ocrx_word' id='word_1_264' title='bbox 538 2245 646 2287; x_wconf 91' lang='lat' dir='ltr'><strong>quos</strong></span> <span class='ocrx_word' id='word_1_265' title='bbox 673 2231 841 2274; x_wconf 90' lang='lat' dir='ltr'><strong>luteum</strong></span> <span class='ocrx_word' id='word_1_266' title='bbox 868 2230 1012 2273; x_wconf 89' lang='lat' dir='ltr'><strong>carnis</strong></span> <span class='ocrx_word' id='word_1_267' title='bbox 1035 2229 1233 2272; x_wconf 89' lang='lat' dir='ltr'><strong>retardat</strong></span> <span class='ocrx_word' id='word_1_268' title='bbox 1258 2228 1577 2279; x_wconf 90' lang='lat' dir='ltr'><strong>indumentum,</strong></span> <span class='ocrx_word' id='word_1_269' title='bbox 1602 2243 1789 2285; x_wconf 88' lang='lat' dir='ltr'><strong>quorum</strong></span> <span class='ocrx_word' id='word_1_270' title='bbox 1836 2258 1837 2262; x_wconf 66' lang='lat'><strong>,</strong></span> 
     </span>
     <span class='ocr_line' id='line_1_31' title="bbox 284 2298 1825 2355; baseline 0 -13"><span class='ocrx_word' id='word_1_271' title='bbox 284 2303 314 2342; x_wconf 91' lang='lat' dir='ltr'><strong>b</strong></span> <span class='ocrx_word' id='word_1_272' title='bbox 330 2313 514 2342; x_wconf 89' lang='lat' dir='ltr'><strong>acumen</strong></span> <span class='ocrx_word' id='word_1_273' title='bbox 532 2300 702 2343; x_wconf 88' lang='lat' dir='ltr'><strong>turbati</strong></span> <span class='ocrx_word' id='word_1_274' title='bbox 726 2315 878 2343; x_wconf 89' lang='lat' dir='ltr'><strong>sensus</strong></span> <span class='ocrx_word' id='word_1_275' title='bbox 898 2298 1119 2355; x_wconf 89' lang='lat' dir='ltr'><strong>corruptio</strong></span> <span class='ocrx_word' id='word_1_276' title='bbox 1140 2298 1329 2349; x_wconf 86' lang='lat' dir='ltr'><strong>hebetat,</strong></span> <span class='ocrx_word' id='word_1_277' title='bbox 1349 2313 1405 2341; x_wconf 88' lang='lat' dir='ltr'><strong>ex</strong></span> <span class='ocrx_word' id='word_1_278' title='bbox 1428 2298 1788 2355; x_wconf 88' lang='lat' dir='ltr'><strong>praecedentibus</strong></span> <span class='ocrx_word' id='word_1_279' title='bbox 1820 2324 1825 2331; x_wconf 55' lang='lat'><strong>2-</strong></span> 
     </span>
     <span class='ocr_line' id='line_1_32' title="bbox 329 2366 1836 2426; baseline 0.001 -16"><span class='ocrx_word' id='word_1_280' title='bbox 329 2370 408 2410; x_wconf 88' lang='lat' dir='ltr'><strong>aut</strong></span> <span class='ocrx_word' id='word_1_281' title='bbox 455 2383 828 2426; x_wconf 90' lang='lat' dir='ltr'><strong>quarumcumque</strong></span> <span class='ocrx_word' id='word_1_282' title='bbox 872 2382 1019 2411; x_wconf 87' lang='lat' dir='ltr'><strong>rerum</strong></span> <span class='ocrx_word' id='word_1_283' title='bbox 1069 2366 1242 2411; x_wconf 91' lang='lat' dir='ltr'><strong>indiciis</strong></span> <span class='ocrx_word' id='word_1_284' title='bbox 1285 2381 1397 2424; x_wconf 86' lang='lat' dir='ltr'><strong>quae</strong></span> <span class='ocrx_word' id='word_1_285' title='bbox 1444 2369 1550 2410; x_wconf 91' lang='lat' dir='ltr'><strong>sunt</strong></span> <span class='ocrx_word' id='word_1_286' title='bbox 1596 2369 1788 2411; x_wconf 83' lang='lat' dir='ltr'><strong>uentura</strong></span> <span class='ocrx_word' id='word_1_287' title='bbox 1828 2366 1836 2395; x_wconf 58' lang='lat'><strong>‘-</strong></span> 
     </span>
    </p>
   </div>
   <div class='ocr_carea' id='block_1_3' title="bbox 1823 541 1878 2039">
    <p class='ocr_par' dir='ltr' id='par_1_4' title="bbox 1823 541 1878 2039">
     <span class='ocr_line' id='line_1_33' title="bbox 1830 541 1878 1004; baseline 0 0"><span class='ocrx_word' id='word_1_288' title='bbox 1830 541 1878 1004; x_wconf 95' lang='lat' dir='ltr'><strong>   </strong></span> 
     </span>
     <span class='ocr_line' id='line_1_34' title="bbox 1830 1004 1878 1349; baseline 0 -117"><span class='ocrx_word' id='word_1_289' title='bbox 1830 1004 1878 1349; x_wconf 95' lang='lat' dir='ltr'><strong>  </strong></span> 
     </span>
     <span class='ocr_line' id='line_1_35' title="bbox 1826 1349 1878 1674; baseline 0 -88"><span class='ocrx_word' id='word_1_290' title='bbox 1826 1349 1878 1674; x_wconf 95' lang='lat' dir='ltr'><strong>  </strong></span> 
     </span>
     <span class='ocr_line' id='line_1_36' title="bbox 1823 1674 1878 2039; baseline 0 -113"><span class='ocrx_word' id='word_1_291' title='bbox 1823 1674 1878 2039; x_wconf 95' lang='lat' dir='ltr'><strong>  </strong></span> 
     </span>
    </p>
   </div>
   <div class='ocr_carea' id='block_1_4' title="bbox 327 2490 1837 2584">
    <p class='ocr_par' dir='ltr' id='par_1_5' title="bbox 327 2490 1837 2584">
     <span class='ocr_line' id='line_1_37' title="bbox 327 2490 1837 2584; baseline 0.001 -56"><span class='ocrx_word' id='word_1_292' title='bbox 327 2503 366 2576; x_wconf 62' lang='lat'><strong>2¹⁵</strong></span> <span class='ocrx_word' id='word_1_293' title='bbox 376 2492 578 2575; x_wconf 60' lang='lat' dir='ltr'><strong>operbrio</strong></span> <span class='ocrx_word' id='word_1_294' title='bbox 594 2493 628 2528; x_wconf 92' lang='lat' dir='ltr'>A</span> <span class='ocrx_word' id='word_1_295' title='bbox 640 2549 661 2584; x_wconf 89' lang='lat'>3</span> <span class='ocrx_word' id='word_1_296' title='bbox 731 2492 1024 2576; x_wconf 37' lang='lat' dir='ltr'><strong>‘cotngfmnatam</strong></span> <span class='ocrx_word' id='word_1_297' title='bbox 1042 2493 1065 2529; x_wconf 88' lang='lat' dir='ltr'>S</span> <span class='ocrx_word' id='word_1_298' title='bbox 1223 2502 1246 2539; x_wconf 94' lang='lat'><strong>9</strong></span> <span class='ocrx_word' id='word_1_299' title='bbox 1270 2491 1453 2539; x_wconf 84' lang='lat' dir='ltr'><strong>punietur</strong></span> <span class='ocrx_word' id='word_1_300' title='bbox 1468 2490 1579 2529; x_wconf 83' lang='lat' dir='ltr'>0¹SM</span> <span class='ocrx_word' id='word_1_301' title='bbox 1741 2493 1784 2530; x_wconf 90' lang='lat'><strong>18</strong></span> <span class='ocrx_word' id='word_1_302' title='bbox 1834 2492 1837 2497; x_wconf 74' lang='grc'>’</span> 
     </span>
     <span class='ocr_line' id='line_1_38' title="bbox 328 2547 1836 2576; baseline -0.003 0"><span class='ocrx_word' id='word_1_303' title='bbox 328 2550 348 2576; x_wconf 92' lang='grc'><strong>8</strong></span> <span class='ocrx_word' id='word_1_304' title='bbox 382 2551 447 2575; x_wconf 89' lang='lat' dir='ltr'><strong>om.</strong></span> <span class='ocrx_word' id='word_1_305' title='bbox 668 2550 681 2576; x_wconf 93' lang='lat'>1</span> <span class='ocrx_word' id='word_1_306' title='bbox 711 2551 768 2575; x_wconf 84' lang='lat' dir='ltr'><strong>sm</strong></span> <span class='ocrx_word' id='word_1_307' title='bbox 1829 2547 1836 2558; x_wconf 69' lang='lat'><em>¹</em></span> 
     </span>
    </p>
   </div>
   <div class='ocr_carea' id='block_1_5' title="bbox 328 2658 1824 2847">
    <p class='ocr_par' dir='ltr' id='par_1_6' title="bbox 328 2658 1829 2847">
     <span class='ocr_line' id='line_1_39' title="bbox 379 2658 1814 2704; baseline 0.004 -11"><span class='ocrx_word' id='word_1_308' title='bbox 379 2667 418 2703; x_wconf 89' lang='lat'><strong>15</strong></span> <span class='ocrx_word' id='word_1_309' title='bbox 438 2661 554 2702; x_wconf 85' lang='lat' dir='ltr'><strong>fidem</strong></span> <span class='ocrx_word' id='word_1_310' title='bbox 577 2661 724 2704; x_wconf 62' lang='lat' dir='ltr'><strong>negauit</strong></span> <span class='ocrx_word' id='word_1_311' title='bbox 747 2661 841 2696; x_wconf 85' lang='lat' dir='ltr'><strong>etc.:</strong></span> <span class='ocrx_word' id='word_1_312' title='bbox 870 2669 886 2696; x_wconf 91' lang='lat'>1</span> <span class='ocrx_word' id='word_1_313' title='bbox 905 2659 999 2696; x_wconf 85' lang='lat' dir='ltr'><strong>Tim.</strong></span> <span class='ocrx_word' id='word_1_314' title='bbox 1024 2671 1055 2696; x_wconf 86' lang='lat' dir='ltr'><strong>v.</strong></span> <span class='ocrx_word' id='word_1_315' title='bbox 1081 2660 1113 2696; x_wconf 89' lang='lat'><strong>8.</strong></span> <span class='ocrx_word' id='word_1_316' title='bbox 1253 2660 1373 2695; x_wconf 73' lang='lat' dir='ltr'><strong>uerbis</strong></span> <span class='ocrx_word' id='word_1_317' title='bbox 1396 2660 1491 2696; x_wconf 87' lang='lat' dir='ltr'><strong>etc.:</strong></span> <span class='ocrx_word' id='word_1_318' title='bbox 1515 2659 1562 2695; x_wconf 83' lang='lat' dir='ltr'><strong>cf.</strong></span> <span class='ocrx_word' id='word_1_319' title='bbox 1585 2658 1658 2696; x_wconf 88' lang='lat' dir='ltr'><strong>Tit.</strong></span> <span class='ocrx_word' id='word_1_320' title='bbox 1682 2658 1708 2695; x_wconf 93' lang='lat' dir='ltr'><strong>i.</strong></span> <span class='ocrx_word' id='word_1_321' title='bbox 1728 2659 1783 2696; x_wconf 89' lang='lat'><strong>16.</strong></span> <span class='ocrx_word' id='word_1_322' title='bbox 1808 2678 1814 2686; x_wconf 85' lang='lat'><strong>·</strong></span> 
     </span>
     <span class='ocr_line' id='line_1_40' title="bbox 328 2705 1823 2753; baseline 0.001 -12"><span class='ocrx_word' id='word_1_323' title='bbox 328 2715 369 2741; x_wconf 84' lang='lat'><strong>21</strong></span> <span class='ocrx_word' id='word_1_324' title='bbox 398 2707 439 2740; x_wconf 79' lang='lat' dir='ltr'><strong>in</strong></span> <span class='ocrx_word' id='word_1_325' title='bbox 457 2718 560 2741; x_wconf 69' lang='lat' dir='ltr'><strong>cutus</strong></span> <span class='ocrx_word' id='word_1_326' title='bbox 570 2712 742 2751; x_wconf 79' lang='lat' dir='ltr'><strong>potestate</strong></span> <span class='ocrx_word' id='word_1_327' title='bbox 759 2710 852 2743; x_wconf 87' lang='lat' dir='ltr'><strong>etc.:</strong></span> <span class='ocrx_word' id='word_1_328' title='bbox 878 2719 910 2742; x_wconf 81' lang='lat' dir='ltr'><strong>V.</strong></span> <span class='ocrx_word' id='word_1_329' title='bbox 927 2708 1012 2743; x_wconf 89' lang='lat' dir='ltr'><strong>Act.</strong></span> <span class='ocrx_word' id='word_1_330' title='bbox 1028 2707 1123 2753; x_wconf 92' lang='lat' dir='ltr'><strong>Ap.</strong></span> <span class='ocrx_word' id='word_1_331' title='bbox 1141 2705 1166 2742; x_wconf 91' lang='grc'><strong>1.</strong></span> <span class='ocrx_word' id='word_1_332' title='bbox 1190 2715 1222 2751; x_wconf 93' lang='lat'><strong>7.</strong></span> <span class='ocrx_word' id='word_1_333' title='bbox 1372 2715 1414 2752; x_wconf 86' lang='lat'><strong>25</strong></span> <span class='ocrx_word' id='word_1_334' title='bbox 1445 2708 1541 2750; x_wconf 75' lang='lat' dir='ltr'><strong>Quid</strong></span> <span class='ocrx_word' id='word_1_335' title='bbox 1555 2719 1635 2752; x_wconf 70' lang='lat' dir='ltr'><strong>erqo</strong></span> <span class='ocrx_word' id='word_1_336' title='bbox 1651 2708 1785 2742; x_wconf 75' lang='lat' dir='ltr'><strong>mirum</strong></span> <span class='ocrx_word' id='word_1_337' title='bbox 1822 2711 1823 2717; x_wconf 61' lang='lat'>¹</span> 
     </span>
     <span class='ocr_line' id='line_1_41' title="bbox 329 2752 1824 2800; baseline 0.001 -12"><span class='ocrx_word' id='word_1_338' title='bbox 329 2754 423 2789; x_wconf 88' lang='grc'>810.</span> <span class='ocrx_word' id='word_1_339' title='bbox 450 2752 505 2788; x_wconf 84' lang='grc'><strong>1)8</strong></span> <span class='ocrx_word' id='word_1_340' title='bbox 525 2753 750 2789; x_wconf 90' lang='lat' dir='ltr'><strong>daemonum</strong></span> <span class='ocrx_word' id='word_1_341' title='bbox 770 2754 1021 2799; x_wconf 87' lang='lat' dir='ltr'><strong>praescientia</strong></span> <span class='ocrx_word' id='word_1_342' title='bbox 1038 2754 1119 2790; x_wconf 89' lang='lat' dir='ltr'><strong>vide</strong></span> <span class='ocrx_word' id='word_1_343' title='bbox 1136 2754 1231 2800; x_wconf 88' lang='lat' dir='ltr'><strong>Aug.</strong></span> <span class='ocrx_word' id='word_1_344' title='bbox 1250 2755 1292 2789; x_wconf 85' lang='lat' dir='ltr'><strong>de</strong></span> <span class='ocrx_word' id='word_1_345' title='bbox 1313 2754 1544 2790; x_wconf 80' lang='lat' dir='ltr'><strong>Divinatione</strong></span> <span class='ocrx_word' id='word_1_346' title='bbox 1559 2755 1785 2790; x_wconf 84' lang='lat' dir='ltr'><strong>Daemonum</strong></span> <span class='ocrx_word' id='word_1_347' title='bbox 1800 2794 1802 2797; x_wconf 17' lang='lat' dir='ltr'>v</span> <span class='ocrx_word' id='word_1_348' title='bbox 1816 2753 1824 2759; x_wconf 87' lang='grc'>”</span> 
     </span>
     <span class='ocr_line' id='line_1_42' title="bbox 330 2798 1819 2847; baseline 0.003 -14"><span class='ocrx_word' id='word_1_349' title='bbox 330 2798 473 2845; x_wconf 84' lang='lat' dir='ltr'><strong>(Migne</strong></span> <span class='ocrx_word' id='word_1_350' title='bbox 491 2801 532 2834; x_wconf 90' lang='lat' dir='ltr'><strong>P.</strong></span> <span class='ocrx_word' id='word_1_351' title='bbox 550 2802 593 2835; x_wconf 91' lang='lat' dir='ltr'><strong>L.</strong></span> <span class='ocrx_word' id='word_1_352' title='bbox 612 2800 662 2835; x_wconf 91' lang='lat' dir='ltr'><strong>xl.</strong></span> <span class='ocrx_word' id='word_1_353' title='bbox 683 2803 745 2847; x_wconf 85' lang='lat'><strong>581</strong></span> <span class='ocrx_word' id='word_1_354' title='bbox 765 2809 905 2846; x_wconf 83' lang='lat' dir='ltr'><strong>seqq.;)</strong></span> <span class='ocrx_word' id='word_1_355' title='bbox 931 2801 977 2837; x_wconf 86' lang='lat' dir='ltr'><strong>cf.</strong></span> <span class='ocrx_word' id='word_1_356' title='bbox 995 2804 1036 2837; x_wconf 83' lang='lat' dir='ltr'><strong>de</strong></span> <span class='ocrx_word' id='word_1_357' title='bbox 1057 2804 1126 2838; x_wconf 78' lang='lat' dir='ltr'><strong>Civ.</strong></span> <span class='ocrx_word' id='word_1_358' title='bbox 1147 2803 1226 2844; x_wconf 84' lang='lat' dir='ltr'><strong>Dei,</strong></span> <span class='ocrx_word' id='word_1_359' title='bbox 1244 2800 1292 2837; x_wconf 83' lang='lat' dir='ltr'><strong>ix.</strong></span> <span class='ocrx_word' id='word_1_360' title='bbox 1311 2811 1369 2837; x_wconf 88' lang='lat'><strong>22.</strong></span> <span class='ocrx_word' id='word_1_361' title='bbox 1818 2803 1819 2806; x_wconf 73' lang='grc'>’</span> 
     </span>
    </p>
   </div>
   <div class='ocr_carea' id='block_1_6' title="bbox 441 2869 504 2903">
    <p class='ocr_par' dir='ltr' id='par_1_7' title="bbox 441 2869 504 2903">
     <span class='ocr_line' id='line_1_43' title="bbox 441 2869 504 2903; baseline 0 0"><span class='ocrx_word' id='word_1_362' title='bbox 441 2869 504 2903; x_wconf 80' lang='lat'><strong>162</strong></span> 
     </span>
    </p>
   </div>
  </div>
 </body>
</html>
