1878 3172
106 159 108 162 '
131 167 212 208 435
232 168 258 198 c
601 151 861 196 IOANNIS
902 149 1414 194 SARESBERIENSIS
1566 148 1677 210 [ΗΒ.
1694 161 1734 194 11

271 274 480 330 nulloque
501 273 569 316 sui
591 271 801 316 exercitio
811 270 1083 328 peruenisse.
1143 269 1314 314 Deinde
1333 285 1434 314 cum
1460 285 1581 314 more
1605 271 1736 314 solito

270 344 391 401 apud
421 344 659 387 doctiorem
689 344 842 399 ageret
868 344 920 384 ut
949 341 1034 384 sibi
1061 340 1326 398 promissum
1354 341 1612 392 solueretur,
1635 341 1737 391 iam,

272 413 420 470 inquit
451 413 630 464 doctior,
663 411 832 456 factum
867 414 935 454 est
967 410 1084 467 quod
1117 410 1282 468 petisti,
1311 425 1412 454 cum
1443 425 1496 454 ea
1528 414 1655 454 nocte
1685 414 1738 454 ut

274 483 475 526 docerem
509 482 773 525 accesserim.
834 480 944 534 Quis
978 480 1112 523 huius
1143 479 1253 523 facti
1284 480 1475 537 explicet
1508 480 1737 531 rationem,

273 552 360 595 nisi
391 552 509 608 quod
537 551 642 594 boni
671 550 859 608 spiritus
883 549 956 593 uel
985 549 1170 606 maligni
1201 549 1482 607 exigentibus
1510 549 1739 593 hominum
1758 563 1777 598 5

275 621 447 664 meritis
477 635 549 664 eos
579 620 790 663 erudiunt
817 619 889 662 uel
915 619 1144 662 illudunt'ss
1202 618 1345 661 Nouit
1374 618 1492 662 enim
1518 618 1740 662 Ieronimo

231 695 261 735 d
277 690 497 733 referente
535 690 752 733 catholica
789 691 932 731 mater
972 687 1153 732 ecclesia
1191 687 1409 745 quomodo
1447 688 1505 730 ad
1542 688 1742 731 tribunal

276 760 434 803 iudicis
468 760 552 802 Dei
587 761 753 816 raptus,
783 773 834 802 eo
864 758 982 815 quod
1015 758 1142 801 libris
1172 757 1407 815 gentilium
1435 757 1742 801 uehementius

275 829 510 880 inhereret,
538 829 702 871 ibidem
734 830 910 871 coactus
941 830 1009 871 est
1041 827 1241 885 profiteri
1275 842 1322 871 se
1354 827 1476 870 ultra
1507 827 1743 885 gentilium

275 898 412 941 libros
441 913 531 941 non
563 898 694 941 modo
723 913 813 941 non
842 898 1060 941 lecturum
1091 897 1169 940 sed
1197 911 1278 940 nec
1307 897 1443 940 etiam
1471 897 1741 941 habiturum.
1762 913 1804 938 ιο

277 967 397 1010 Ante
425 967 642 1024 siquidem
677 967 994 1025 professionem
1022 967 1334 1023 interrogatus,
1364 980 1465 1010 cum
1499 980 1546 1009 se
1579 966 1744 1010 diceret
1865 1016 1867 1018 ,

278 1036 595 1089 Christianum,
625 1037 665 1080 ei
695 1052 722 1079 a
751 1037 894 1079 iudice
923 1036 1131 1094 probrose
1159 1036 1380 1079 obiectum
1411 1038 1479 1079 est
1507 1036 1626 1092 quod
1653 1050 1744 1079 non
1862 1028 1878 1146 i

276 1121 383 1149 suus
422 1109 519 1150 erat
557 1107 634 1149 sed
673 1106 997 1150 Ciceronianus.
1080 1105 1178 1150 Hoc
1216 1108 1367 1148 tamen
1405 1119 1495 1148 non
1534 1105 1745 1149 audacter
1772 1139 1775 1142 .
1864 1099 1870 1107 ²

276 1175 588 1219 affirmauerim
608 1176 767 1219 somnii
794 1175 1060 1219 censendum
1083 1175 1272 1227 nomine,
1292 1189 1392 1218 cum
1411 1174 1529 1217 idem
1555 1174 1743 1218 ueracis-

278 1245 415 1288 simus
436 1248 481 1288 et
507 1245 877 1302 prudentissimus
897 1244 1050 1288 doctor
1069 1244 1273 1287 umbram
1292 1243 1452 1287 somnii
1477 1258 1567 1286 non
1593 1243 1743 1297 fuisse,
1763 1261 1804 1297 15

277 1314 355 1357 sed
403 1329 497 1357 rem
546 1329 694 1358 secum
738 1314 957 1357 ueraciter
999 1314 1072 1371 agi
1119 1313 1310 1356 Domino
1348 1313 1562 1356 uisitante
1608 1312 1744 1356 etiam
1867 1301 1878 1312 ‘⁴

277 1384 566 1426 iurisiurandi
597 1383 810 1441 religione
843 1383 1072 1426 confirmet
1084 1396 1094 1435 ;
1124 1385 1170 1425 et
1200 1385 1254 1425 ut
1283 1382 1460 1439 plenam
1489 1382 1745 1425 assertionis

278 1467 383 1495 suae
419 1452 557 1496 faciat
595 1453 739 1505 fidem,
778 1452 964 1495 liuorem
1003 1452 1237 1494 uerberum
1277 1452 1325 1494 in
1363 1454 1476 1503 cute,
1507 1452 1744 1494 uulnerum

278 1522 502 1565 cicatrices
542 1520 879 1579 expergefactus
915 1521 1114 1577 >ostendit
1161 1521 1209 1562 in
1255 1535 1445 1578 corpore.
1515 1520 1604 1564 Sed
1643 1535 1744 1564 cum

279 1591 388 1634 haec
426 1606 454 1633 a
491 1591 722 1647 spiritibus
760 1591 876 1634 circa
914 1590 1114 1633 homines
1146 1590 1270 1641 fiant,
1300 1605 1397 1633 eam
1426 1590 1564 1633 solam
1594 1605 1743 1634 rerum
1764 1606 1808 1630 20

281 1660 519 1718 imaginem
549 1660 691 1703 fidelis
718 1660 867 1702 anima
893 1675 982 1703 non
1012 1662 1286 1716 aspernatur,
1307 1674 1419 1716 quae
1446 1659 1744 1704 innocentiam
1864 1651 1865 1654 Ἴ

131 1741 215 1789 436
234 1751 264 1780 a
281 1730 495 1786 relinquit
532 1729 808 1773 incolumem.
885 1729 1014 1782 Quod
1060 1729 1098 1771 si
1144 1729 1376 1772 materiam
1414 1729 1540 1772 uitiis
1579 1729 1747 1781 afferat,

280 1799 510 1841 libidinem
550 1798 667 1841 forte
706 1799 945 1842 accendens
984 1802 1065 1842 aut
1103 1799 1341 1841 auaritiam
1375 1801 1455 1841 aut
1488 1799 1747 1842 dominandi
1869 1821 1878 1859 ,²-

279 1868 485 1926 ingerens
520 1868 768 1925 appetitum
803 1871 883 1910 aut
917 1868 1127 1925 quicquid
1165 1868 1419 1911 huiusmodi
1454 1870 1522 1911 est
1550 1868 1608 1911 ad
1642 1869 1744 1912 sub-
1855 1891 1878 2053 ς

1867 336 1878 384 Α)

1866 389 1878 470 ’ἓ

1872 482 1878 514 ἐ

1873 521 1878 549 ².

280 1938 528 1981 uersionem
576 1938 761 1988 animae,
809 1937 1098 1994 proculdubio
1147 1941 1228 1981 aut
1275 1952 1377 1981 caro
1426 1940 1507 1981 aut
1559 1937 1744 1995 spiritus
1764 1954 1806 1988 ²5

279 2006 501 2063 malignus
539 2006 756 2057 immittit,
801 2006 878 2063 qui
917 2007 965 2048 in
1005 2006 1219 2063 quosdam
1264 2006 1546 2064 exigentibus
1592 2007 1745 2064 culpis,

279 2075 471 2126 Domino
490 2076 789 2132 permittente,
801 2078 931 2118 tanta
948 2076 1143 2119 malitiae
1164 2090 1270 2119 suae
1290 2075 1469 2119 licentia
1484 2076 1748 2120 debaccatur

278 2146 332 2187 ut
363 2145 481 2201 quod
515 2145 563 2186 in
597 2144 761 2201 spiritu
791 2145 1038 2202 patiuntur,
1067 2145 1312 2188 miserrime
1341 2147 1388 2188 et
1415 2145 1747 2189 mendacissime

280 2213 463 2256 credant
482 2213 530 2255 in
549 2214 805 2270 corporibus
825 2214 1015 2257 euenire.
1076 2214 1216 2267 Quale
1243 2216 1311 2257 est
1337 2213 1456 2270 quod
1481 2214 1748 2257 nocticulam

282 2283 504 2340 quandam
533 2283 606 2326 uel
637 2283 936 2326 Herodiadem
965 2284 1038 2327 uel
1071 2283 1318 2341 praesidem
1349 2283 1491 2327 noctis
1522 2283 1748 2327 dominam
1766 2296 1811 2330 30

282 2391 519 2475 ‹114bs011111ptnii
533 2391 611 2474 ἓέἆα
756 2400 797 2439 15
824 2391 989 2439 sompnii
1004 2391 1079 2428 AM
1221 2402 1263 2429 21
1290 2391 1510 2439 ymaginem
1527 2392 1569 2428 M
1702 2402 1747 2440 27

309 2451 328 2476 Θ
357 2451 401 2475 ac
429 2451 452 2474 a
470 2452 515 2475 Ul·

328 2531 351 2566 6
375 2532 489 2566 Nouit
509 2533 578 2566 etc.
593 2541 601 2565 :
630 2543 660 2566 v.
679 2530 834 2567 Hieron.
850 2532 922 2576 Ep.
941 2529 1033 2567 xxii.
1052 2531 1071 2576 §
1086 2540 1133 2576 30
1151 2530 1309 2577 (Migne‚
1326 2532 1370 2567 P.
1384 2532 1428 2567 L.
1444 2531 1535 2568 xxii.
1548 2540 1630 2578 415,
1647 2532 1746 2579 416).

282 2587 328 2623 29
355 2579 466 2621 Quale
483 2582 532 2612 est
549 2579 643 2614 etc-z
674 2577 721 2614 cf.
737 2578 832 2625 Aug.
850 2580 894 2613 de
915 2579 988 2614 Civ.
1009 2579 1089 2622 Dei,
1106 2577 1208 2614 xviii.
1232 2580 1282 2615 18.
1411 2589 1458 2624 30
1482 2580 1746 2616 Herodiadem:

281 2625 383 2660 haud
405 2626 505 2660 recte
529 2624 723 2660 Pontanus
748 2624 805 2670 (in
825 2625 987 2662 Macrob.
1009 2628 1084 2662 Sat.
1107 2625 1161 2662 111
1179 2625 1215 2671 8)
1233 2627 1414 2662 heroidem
1437 2626 1563 2672 legere
1585 2627 1746 2670 maluitg
1770 2648 1772 2650 ·

282 2683 372 2707 nam
401 2671 494 2707 haec
525 2682 571 2707 ex
600 2683 743 2708 canone
771 2672 934 2717 quodam
961 2672 1088 2718 spurio
1117 2684 1221 2709 conc.
1252 2672 1447 2719 Ancyrani
1470 2684 1503 2709 a.
1529 2683 1599 2719 314
1623 2673 1749 2710 habiti

282 2718 407 2755 citant
423 2717 579 2764 Regino,
593 2718 841 2763 Burchardus‚
857 2719 920 2756 Ivo
938 2719 1190 2763 carnotensis,
1203 2719 1407 2756 Gratianus
1424 2722 1531 2756 Decr.
1547 2720 1597 2756 ΙΙ.
1612 2721 1711 2757 xxvi.
1727 2731 1745 2768 5

281 2778 313 2803 6.
339 2776 379 2802 12
407 2766 480 2811 (ed.
507 2765 711 2812 Friedberg
734 2766 760 2801 i.
792 2767 910 2813 1030),
935 2769 1068 2804 auctor
1096 2765 1188 2803 libri
1215 2769 1258 2803 de
1285 2768 1428 2814 Spiritu
1457 2772 1490 2804 et
1517 2769 1655 2804 Anima
1679 2769 1747 2806 sub

394 2845 458 2870 100
