1878 3172
138 158 221 198 433
238 159 276 188 a·
619 143 879 189 IoANMs
918 141 1435 187 SARESBERIENSIS
1586 140 1702 202 [mn.
1712 153 1755 186 11

239 268 268 306 b
288 267 501 310 ditionem
558 266 845 309 homicidium
906 268 952 308 et
1006 264 1276 307 adulterium
1325 264 1552 308 inuitauit.
1631 263 1756 317 Quae

287 335 465 392 quidem
494 336 643 378 omnia
672 334 941 378 contrarium
973 333 1146 377 faciunt
1174 333 1464 385 intellectum,
1492 347 1594 376 cum
1623 332 1755 376 Vrias

286 404 498 456 diabolus,
527 404 677 447 Dauid
716 403 934 455 Christus,
969 403 1185 446 Bersabee
1222 405 1501 460 peccatorum
1539 402 1639 445 labe
1677 402 1752 445 de-

285 474 440 517 formis
461 474 641 517 ecclesia
659 475 886 531 figuretur.
928 473 1152 529 Frequens
1172 475 1322 516 tamen
1337 475 1383 516 et
1402 472 1528 529 quasi
1548 472 1751 530 regulare

285 543 355 586 ius
395 547 474 596 est,
508 546 561 586 ut
594 558 622 586 a
657 543 875 586 similibus
909 542 967 585 ad
1001 541 1164 584 similia
1196 543 1396 584 recurrat
1429 540 1749 598 interpretatio.
1769 556 1788 591 5

285 613 451 656 Verum
481 613 595 656 hanc
624 613 857 663 uisionum,
877 626 987 668 quas
1016 611 1141 668 quies
1169 611 1352 662 inducit,
1381 609 1644 654 diuisionem
1672 624 1753 668 per

285 683 487 739 opposita
518 697 607 725 non
637 682 735 725 fieri
770 683 940 724 certum
971 683 1039 724 est
1051 695 1061 733 3
1105 695 1205 723 cum
1237 680 1390 723 eadem
1420 693 1502 737 pro
1531 682 1660 737 parte
1690 679 1753 723 sit

284 752 410 802 uisio,
445 751 625 794 aliunde
657 751 894 801 oraculum,
925 753 971 793 et
1009 753 1191 807 propter
1225 764 1373 793 rerum
1406 749 1573 807 figuras
1611 748 1752 806 possit

284 821 466 863 somniis
495 820 740 877 aggregari,
770 823 815 862 et
844 820 1075 862 uniuersas
1110 834 1261 862 eorum
1292 819 1457 876 species
1486 818 1752 875 quandoque

283 890 539 947 contingat;
589 890 707 946 quod
753 892 799 932 et
836 889 1046 932 studiosis
1085 889 1404 946 scripturarum
1447 888 1630 945 planum
1670 890 1749 932 est.
1771 906 1813 930 10
1872 935 1874 937 ,

283 959 407 1002 Visio
437 959 661 1009 Affricani‚
681 959 956 1015 Apocalipsis
987 958 1186 1015 apostoli,
1206 958 1406 1001 Danielis
1435 961 1481 1001 et
1510 957 1751 1000 Ezechielis
1875 951 1878 953 ⁵

283 1029 473 1079 oracula,
508 1028 678 1071 somnia
713 1028 955 1071 Pharaonis
998 1030 1044 1071 et
1083 1028 1245 1087 Ioseph
1283 1042 1435 1071 eorum
1475 1042 1589 1084 quae
1631 1027 1752 1071 dicta

284 1100 389 1140 sunt
421 1097 592 1140 faciunt
625 1098 769 1141 fidem.
841 1098 1044 1141 Personis
1077 1112 1250 1154 quoque
1286 1097 1549 1154 quibusdam
1582 1097 1751 1140 ueritas

242 1182 266 1211 c
284 1166 561 1223 frequentius
622 1167 848 1217 illucescit,
908 1170 1064 1224 utpote
1124 1167 1416 1223 compositum
1481 1166 1749 1209 habentibus

282 1236 491 1287 animum,
512 1236 622 1279 alias
649 1236 925 1292 frequentior
947 1251 1070 1279 error
1098 1236 1301 1279 inuoluit.
1361 1235 1592 1293 Augustus
1612 1234 1749 1279 Cesar
1769 1251 1811 1286 ¹5
1876 1262 1878 1294 3

281 1320 381 1347 cum
431 1305 643 1348 aduersus
689 1305 936 1348 Antonium
986 1305 1276 1348 dimicaturus
1325 1307 1451 1355 esset,
1495 1305 1746 1362 egritudine
1871 1353 1878 1375 Ἰ

281 1375 410 1431 graui
437 1374 642 1417 laborans
662 1374 710 1416 in
730 1374 877 1430 quiete
897 1374 1157 1416 mandatum
1178 1373 1346 1430 accepit
1366 1376 1418 1416 ut
1437 1373 1494 1416 ad
1514 1374 1748 1416 uictoriam
1870 1375 1878 1434 ξ

281 1444 565 1500 consequenti
597 1443 668 1485 die
702 1443 869 1500 praelio
903 1443 1146 1486 interesset:
1220 1443 1375 1486 Paruit
1409 1443 1559 1499 itaque
1594 1443 1750 1487 lectica
1870 1442 1878 1450 ”

282 1512 491 1555 deuectus
510 1513 558 1553 in
578 1512 794 1568 praelium
815 1514 860 1554 et
879 1511 1000 1554 uicit.
1041 1512 1244 1555 Socrates
1264 1512 1347 1554 sibi
1373 1527 1429 1554 ex
1450 1526 1528 1554 ara
1547 1512 1746 1564 Veneris,

282 1595 394 1637 quae
407 1581 669 1624 Academiae
685 1584 791 1631 erat,
806 1581 923 1623 uidit
939 1581 1085 1623 offerri
1100 1581 1278 1638 cignum
1298 1581 1458 1624 collum
1478 1581 1745 1624 inserentem
1768 1597 1810 1638 ²0,
1828 1623 1843 1627 ,
1871 1604 1878 1635 .=‘

281 1650 384 1700 celo,
425 1653 567 1693 rostro
615 1652 872 1707 tangentem
924 1651 1096 1707 sydera,
1141 1650 1366 1707 regionem
1411 1665 1523 1706 quae
1571 1651 1744 1708 Aplane
1804 1648 1807 1651 “
1872 1637 1878 1667 ³

283 1719 446 1762 dicitur
475 1721 792 1776 penetrantem,
817 1722 862 1762 et
891 1719 1274 1763 transcendentem
1304 1722 1506 1776 aspectus
1535 1720 1747 1773 omnium,
1864 1660 1878 1815 ἰ

283 1790 328 1830 et
364 1791 493 1830 tanta
532 1789 652 1831 uocis
694 1789 935 1831 sonoritate
980 1791 1025 1832 et
1069 1789 1215 1831 letitia
1249 1791 1479 1831 canentem
1513 1792 1566 1832 ut
1601 1792 1747 1832 totum

281 1858 494 1900 mulceret
539 1858 699 1900 orbem.
778 1857 991 1914 Sequenti
1032 1858 1103 1900 die
1152 1858 1372 1901 Aristides
1411 1859 1468 1901 ab
1506 1859 1746 1902 Academia

280 1927 517 1983 paruulum
534 1927 675 1968 filium
693 1927 920 1970 Platonem
937 1927 1108 1970 Socrati
1129 1928 1292 1972 obtulit
1307 1927 1470 1970 litteris
1489 1931 1535 1971 et
1549 1928 1745 1971 moribus
1766 1944 1808 1981 ²5

282 1996 580 2038 imbuendum.
641 1996 738 2048 Quo
758 1996 865 2046 uiso,
886 1997 1047 2039 mentis
1068 1997 1239 2039 uiribus
1263 2011 1319 2039 ex
1344 1997 1537 2054 corporis
1563 1997 1746 2054 disposi-

238 2063 267 2103 d
283 2065 404 2107 tione
424 2065 656 2121 conceptis,
671 2065 757 2108 Hic
777 2069 855 2116 est,
876 2066 1033 2122 inquit,
1047 2066 1212 2123 cignus,
1227 2081 1357 2122 quem
1377 2068 1528 2109 nostro
1549 2067 1746 2124 Apollini

283 2135 434 2176 Venus
447 2134 709 2177 Academica
729 2135 1011 2178 consecrauit.
1053 2135 1179 2178 Plato
1194 2135 1457 2186 litterarum,
1477 2150 1587 2192 quas
1602 2151 1745 2193 perse-

282 2204 511 2260 quebatur,
532 2218 664 2246 causa
693 2204 970 2260 proficiscens
999 2205 1047 2246 in
1078 2205 1306 2262 Egyptum
1336 2219 1382 2247 se
1409 2219 1435 2247 a
1461 2205 1618 2262 piratis
1647 2205 1745 2262 capi

281 2274 399 2315 inter
415 2273 608 2315 eundum
625 2276 670 2315 et
684 2274 931 2316 uenundari
948 2274 1087 2326 uidit3
1119 2274 1236 2330 quod
1252 2276 1297 2316 et
1312 2274 1416 2316 dum
1433 2274 1530 2325 iret,
1545 2274 1746 2331 contigit.
1764 2289 1807 2322 30
1860 2263 1871 2310 ἶ.

282 2379 326 2413 27
352 2368 531 2415 Apolloni
549 2369 589 2404 Μ
733 2380 779 2416 29
806 2370 980 2417 egiptum
997 2370 1024 2406 C

334 2467 363 2501 1,
383 2467 401 2491 2
429 2458 526 2500 Quae
542 2459 684 2502 quidem
700 2458 794 2493 etc.:
819 2468 852 2491 v.
863 2455 958 2501 Aug.
974 2461 1097 2491 contra
1117 2455 1300 2496 Faustum,
1311 2453 1401 2489 xxii.
1413 2456 1457 2498 87
1477 2453 1634 2500 (Migne,
1647 2456 1689 2490 P.
1701 2457 1744 2492 L.

282 2503 360 2547 xlii.
383 2510 493 2548 45933
520 2503 631 2549 Greg.
656 2506 748 2539 Mor.
774 2502 829 2538 iii.
856 2505 899 2538 28
924 2503 966 2537 in
991 2503 1059 2538 Iob
1083 2502 1122 2537 ii.
1152 2513 1193 2547 13
1221 2501 1375 2548 (Migne,
1402 2503 1443 2536 P.
1454 2503 1497 2536 L.
1522 2501 1619 2536 lxxv.
1644 2503 1744 2547 626).

286 2561 323 2586 11
359 2553 455 2585 Visio
480 2552 683 2594 Affricani:
710 2562 771 2596 ap.
796 2550 873 2586 Cic.
898 2552 1084 2585 Somnium
1108 2551 1296 2594 Scipionis.
1396 2559 1437 2584 12
1462 2550 1687 2585 Pharaonis:
1712 2562 1744 2586 V.

283 2597 376 2634 Gen.
391 2596 456 2632 xli.
514 2599 661 2641 Ioseph:
686 2610 717 2633 V.
729 2598 825 2633 Gen.
839 2597 976 2632 xxxvii.
1087 2605 1127 2642 15
1154 2598 1341 2641 Auyustus
1350 2597 1437 2632 etc.:
1465 2607 1494 2631 V.
1509 2595 1590 2631 Val.
1605 2596 1703 2631 Max.
1717 2596 1742 2632 i.

283 2645 334 2690 7§
353 2655 381 2680 1.
451 2645 492 2679 16
507 2646 727 2680 Antonium:
754 2644 881 2691 potius
893 2646 1071 2686 Brutum;
1097 2657 1128 2679 v.
1142 2643 1224 2679 Val.
1237 2643 1336 2678 Max.
1347 2642 1371 2677 l.
1390 2654 1421 2678 c.
1517 2653 1559 2687 19
1583 2645 1744 2679 Socrates

282 2693 377 2727 etc.:
402 2704 433 2726 v.
447 2690 556 2736 Apul.
576 2693 617 2726 de
634 2693 757 2737 Doym.
777 2693 867 2727 Plat.
886 2692 910 2726 i.
932 2702 961 2727 1.
1052 2693 1096 2727 28
1120 2692 1224 2726 Plato
1241 2693 1335 2726 etc.:
1363 2689 1469 2725 Hanc
1485 2689 1679 2726 historiam
1697 2690 1743 2727 de

283 2738 453 2774 Platonis
473 2738 662 2781 servitute,
681 2738 955 2785 discrepantem
973 2739 1020 2774 ab
1038 2750 1083 2775 ea
1100 2749 1193 2784 quae
1211 2737 1322 2783 vulgo
1340 2736 1512 2780 traditur,
1531 2737 1632 2773 haud
1649 2737 1743 2774 alibi

282 2785 445 2831 reperire
461 2785 581 2831 potui.

391 2847 436 2891 96
