1878 3172
75 196 178 231 cu.
193 181 263 244 ιι]
586 179 985 227 POLICRATICV
987 179 1020 224 S
1543 177 1621 227 561
1637 174 1669 216 d

75 306 125 348 et
148 303 345 348 nondum
369 302 566 347 innotuit
590 300 698 359 quid
723 301 784 344 sit
808 300 954 343 timor.
1013 298 1101 342 Sed
1126 298 1299 341 utinam
1318 295 1532 340 consistat

70 373 127 416 -in
152 373 292 423 eorde,
310 372 436 416 cuius
460 370 696 428 appellatio
722 369 885 412 totiens
903 370 1109 411 uersatur
1126 367 1174 409 in
1192 381 1278 409 ore.
1337 365 1387 408 Si
1413 363 1532 407 enim

78 446 272 485 mentem
309 440 385 484 ille
422 439 631 497 tetigerit,
661 438 815 496 lingua
853 436 1067 480 efficacius
1106 438 1152 479 et
1189 434 1273 478 sibi
1312 432 1533 476 salubrius

79 510 337 568 disputabit.
367 521 370 524 ’
407 508 526 551 Nam
553 508 602 550 in
629 521 704 550 ore
732 505 901 548 frustra
929 505 1174 547 uoluuntur
1200 503 1347 552 uerba,
1376 501 1415 544 si
1442 501 1532 543 uir-

43 595 65 630 5
80 580 193 623 tutis
220 578 431 622 deficiunt
457 590 600 633 opera.
659 575 741 618 Est
768 577 917 617 autem
946 573 1080 616 timor
1108 572 1204 622 Dei,
1230 571 1346 614 sicut
1373 569 1535 613 beatis-

82 649 219 692 simus
251 661 368 704 papa
401 645 638 702 Gregorius
671 643 839 694 asserit,
867 642 1004 685 nichil
1038 655 1188 684 eorum
1223 654 1335 697 quae
1364 638 1536 696 agenda

81 720 188 761 sunt
225 715 585 774 praetermittere.
663 713 760 755 Hoc
797 712 952 768 utique
997 709 1369 767 praetermittitur
1417 706 1535 764 quod

82 800 164 830 nec
191 799 321 842 opere
348 799 429 827 nee
456 783 687 826 uoluntate
717 780 937 837 impletur.
997 778 1215 835 Quicquid
1245 778 1362 821 enim
1391 777 1461 819 uis
1490 778 1536 818 et

83 869 174 898 non
205 856 342 910 potes,
364 852 532 895 factum
566 851 687 894 Deus
716 852 906 906 reputat,
932 863 983 892 eo
1017 847 1134 904 quod
1165 847 1373 890 uoluntas
1406 845 1536 902 plena
1551 852 1632 901 562
1650 861 1682 889 a

26 941 70 969 xo
84 923 224 967 totius
261 922 404 979 operis
436 919 678 963 mercedem
710 918 1001 975 consequitur.
1073 916 1256 960 Certum
1290 917 1358 958 est
1387 918 1537 957 autem

86 991 192 1048 quia
222 991 299 1047 qui
327 989 471 1032 Deum
501 989 642 1046 timet,
669 986 805 1030 nichil
833 986 1022 1043 negligit
1050 988 1096 1028 et
1123 985 1240 1028 bona
1270 983 1390 1026 facit.
1450 982 1538 1036 Qui

85 1074 194 1104 uero
226 1059 462 1116 diligenter
500 1057 649 1100 omnia
687 1055 929 1112 inuestigat
958 1057 1004 1098 et
1040 1053 1228 1131 cognitis
1261 1053 1392 1095 rebus
1425 1065 1539 1108 quae

86 1131 193 1172 sunt
225 1127 397 1185 agenda
430 1125 673 1204 exequitur,
703 1123 989 1181 proculdubio
1017 1123 1190 1179 sapiens
1220 1125 1287 1164 est
1323 1124 1369 1164 et
1402 1120 1539 1177 aptis-

15 1246 25 1251 *
86 1198 224 1241 simus
261 1195 453 1240 consiliis
496 1195 756 1252 principum.
833 1193 919 1235 Vbi
965 1195 1093 1235 tanta
1130 1205 1302 1234 morum
1340 1189 1540 1247 grauitas

27 1284 72 1318 ιε,
88 1265 343 1314 innotuerit,
368 1266 530 1307 etatem
556 1262 748 1320 eorporis
774 1261 942 1303 frustra
968 1260 1151 1318 quisque
1176 1262 1394 1302 causatur.
1453 1258 1541 1301 Hic

88 1337 157 1378 est
186 1334 304 1378 enim
333 1348 479 1384 sene1‚
509 1347 639 1389 quem
676 1329 1031 1388 praeeligendum
1070 1328 1262 1372 consiliis
1300 1327 1542 1384 sapientiae

88 1403 259 1447 monita
289 1402 459 1446 docent.
516 1401 597 1443 Ait
629 1400 772 1443 enim:
813 1399 1024 1442 Senectus
1054 1397 1318 1439 uenerabilis
1351 1399 1419 1439 est
1452 1410 1543 1439 non

89 1473 303 1516 diuturna
319 1485 461 1528 neque
478 1484 660 1512 numero
679 1483 895 1511 annorum
914 1469 1179 1524 computata.
1218 1466 1370 1509 Gloria
1388 1479 1543 1508 senum

90 1541 287 1585 canities.
365 1539 478 1584 Cani
516 1541 622 1582 sunt
659 1552 811 1581 sensus
849 1537 1051 1586 hominis,
1090 1539 1135 1579 et
1173 1538 1267 1578 etas
1305 1534 1544 1578 senectutis

29 1623 76 1652 ao
93 1609 191 1653 uita
237 1608 529 1652 immaculata.
603 1607 767 1650 Beatus
805 1605 935 1663 plane
973 1604 1050 1661 qui
1095 1605 1209 1647 hanc
1251 1602 1545 1660 apprehendit

91 1680 268 1728 etatem,
285 1680 340 1720 ut
364 1676 419 1719 de
437 1675 687 1719 innocentia
706 1674 826 1717 uitae
845 1673 1134 1717 conscientiae
1159 1687 1264 1715 suae
1290 1671 1543 1715 testimonio
1559 1672 1590 1711 b

93 1746 295 1804 gaudeat.
359 1745 448 1788 Sed
485 1744 595 1787 dicis
633 1743 775 1786 forte:
818 1743 928 1795 Quis
966 1745 1034 1785 est
1070 1742 1154 1793 hic,
1183 1744 1228 1784 et
1267 1741 1546 1783 laudabimus

95 1815 227 1858 eum?
301 1813 465 1869 Vtique
502 1828 593 1855 non
631 1827 731 1855 eum
781 1812 972 1854 arbitror
1020 1811 1341 1867 expectandum
1389 1809 1547 1852 dandis

94 1882 298 1931 consiliis,
316 1882 394 1938 qui
420 1885 646 1938 peecatum
674 1895 764 1923 non
793 1880 959 1930 fecerit,
988 1880 1064 1922 sed
1093 1894 1223 1935 quem
1252 1894 1429 1935 peccare
1458 1893 1549 1921 non

36 1973 82 2008 ²⁵
96 1951 236 2000 iuuat,
255 1950 331 2006 qui
356 1953 581 2006 peecatum
607 1949 750 1991 oderit
775 1949 944 1990 uirtute
970 1948 1161 2005 gaudeat
1190 1950 1236 1990 et
1265 1962 1360 1989 eam
1387 1961 1550 2003 magno

97 2018 313 2062 desiderio
342 2018 630 2074 concupiscat,
656 2017 877 2059 hominem
911 2016 1077 2058 scilicet
1113 2015 1253 2057 bonae
1293 2015 1550 2058 uoluntatis.

99 2087 189 2130 Sed
208 2100 287 2128 nec
305 2086 426 2128 istud
445 2085 503 2127 ad
522 2099 714 2141 unguem
729 2083 1011 2126 resecandum
1032 2086 1121 2134 est;
1141 2083 1388 2139 benigniori
1403 2083 1551 2139 potius

89 2157 171 2209 .(ut
200 2154 380 2208 dicitur)
400 2154 614 2204 Minerua,
635 2152 710 2209 qui
741 2167 830 2194 non
856 2151 1115 2207 simpliciter
1133 2150 1209 2193 sed
1241 2151 1428 2193 aliorum
1466 2151 1552 2193 eol-

100 2262 123 2288 2
146 2249 327 2296 apellatio
345 2249 370 2285 S
509 2251 530 2285 8
555 2247 732 2294 Quicquit
747 2247 780 2282 A
920 2257 964 2292 23
989 2246 1151 2282 arbitror
1167 2257 1255 2282 eum
1269 2245 1304 2281 A

152 2341 170 2377 ς
195 2331 633 2367 Euaatemtimoretcae
658 2340 691 2364 v.
710 2327 821 2373 Greg.
839 2326 889 2362 M.
908 2328 999 2363 Mor.
1015 2325 1216 2372 i.3§3in
1238 2325 1551 2371 Iobi.1(Migne

101 2377 442 2423 P...L.lxxv53o}
586 2375 1091 2421 uquiDeumtiametetc
1120 2371 1427 2418 EchesviL19.
1520 2378 1554 2408 et

106 2482 151 2519 ¹9
104 2427 310 2508 Gffl
317 2421 637 2506 εεῖινξιοὲιίηἱξῖεειε
655 2467 761 2503 Prov.
778 2422 1143 2524 gignffytitssffino
1155 2419 1318 2512 SVaullgiiiu
1314 2421 1440 2511 gnum
1456 2421 1554 2503 οἱιιέι

105 2518 277 2555 Sabatier
302 2529 349 2554 ex
381 2516 532 2553 Hieron.
563 2517 693 2550 Comm.
722 2516 762 2549 in
796 2515 871 2549 Iea.
902 2515 957 2549 iit.
988 2523 1008 2548 2
1036 2512 1179 2558 (Migne
1211 2515 1251 2548 P.
1278 2515 1322 2549 L.
1350 2513 1447 2548 xxiv.
1479 2512 1551 2558 59).

109 2575 154 2610 19
179 2567 377 2601 Οαηίειιπι
401 2566 499 2599 ete:
526 2561 683 2607 Sap.iv.
710 2562 742 2603 8,
768 2571 801 2606 9.
977 2569 1022 2595 22
1049 2561 1289 2613 Quisegthic
1312 2562 1406 2596 etc:
1446 2559 1552 2596 Eccli

105 2623 260 2703 ”mn
224 2622 258 2656 ᾳ
274 2607 1003 2712 Μῖἓ.ῗ.””.”’ὄ.ωα.’““ιΐ.ἰῖῗΐ’ξ
1017 2618 1069 2688 ,ἒ
1075 2605 1161 2642 ¹⁴⁰⁰
1179 2617 1329 2695 ἵζῑξε
1353 2654 1481 2698 .....-0..
1433 2616 1477 2651 ²⁷
1484 2608 1555 2688 ..3¹:3-

106 2671 299 2741 'iliznerua
323 2715 446 2750 opp.¹
433 2704 554 2738 inuita
577 2703 750 2737 Minerua
774 2701 851 2736 Cic.
878 2702 943 2744 Off.
970 2711 994 2735 1.
1021 2709 1061 2744 31
1090 2698 1107 2746 ξ
1137 2709 1214 2742 110,
1239 2699 1327 2736 Hor.
1350 2703 1397 2735 Δ.
1407 2702 1448 2735 P.
1432 2666 1553 2745 &385

109 2753 154 2787 28
176 2763 333 2834 quzenon
357 2752 454 2787 etc.:
480 2761 529 2786 sc.
553 2761 632 2784 eum
657 2749 817 2784 arbam
844 2747 1118 2792 exspectandum
1141 2748 1273 2783 dandis
1303 2749 1445 2783 consilii
1430 2759 1471 2789 ε,
1495 2748 1559 2793 qm·

110 2809 183 2834 non
198 2809 219 2834 e

166 2867 246 2887 πε·
799 2862 824 2890 't
842 2851 861 2889 t
1383 2865 1444 2897 321
