1820 3138
825 80 1275 154 PROLEGOMENA

317 223 757 268 Praemonstratensi
782 223 934 268 Ialbris
956 223 1172 268 undecim
1195 238 1225 267 a
1249 225 1361 268 Mro.
1389 223 1626 269 Ludouico
1657 225 1775 270 Gou-

317 294 405 337 tier
439 293 678 351 bibliopola
711 293 986 338 Parisiensi.
1058 295 1191 338 Sexta
1225 294 1300 337 die
1336 293 1502 338 martii
1535 308 1614 337 an.
1652 296 1775 337 1661.

317 363 561 421 Suppresso
594 363 860 406 monasterio
900 363 1324 406 Praemonstratensi
1373 363 1421 405 in
1444 362 1777 406 vbibliothecam

318 433 673 477 Suessionensem
720 433 941 490 publicam
979 433 1186 475 translati
1230 434 1336 475 sunt
1383 432 1552 476 codices
1590 432 1638 474 in
1683 432 1778 475 eius

316 502 582 546 bibliotheca
601 502 787 545 inuenti.
838 502 893 544 In
913 501 989 545 fol.
1008 516 1034 558 3
1054 516 1190 543 manu
1211 501 1373 544 saeculi
1393 516 1455 544 xv
1477 502 1605 558 (quae
1625 501 1778 544 eadem

301 571 451 613 'etiam
472 571 519 612 in
535 571 609 614 fol.
632 571 716 627 346
737 570 953 627 scripsit):
984 570 1271 613 Laurencius
1285 570 1493 614 Suo-wau
1512 570 1569 613 in
1587 574 1778 626 utroque

316 640 422 683 iure
471 639 737 683 licenciatus
781 640 834 683 de
879 639 960 682 hac
1006 639 1193 683 ciuitate
1241 639 1474 683 oriundus
1519 638 1779 683 Canonicus

316 709 665 765 ‘rothomayensis
704 709 827 751 dedit
865 713 905 751 et
943 708 1116 765 leyauit
1155 708 1212 751 in
1254 722 1336 751 suo
1374 711 1632 751 testamento
1671 707 1778 751 huic

316 777 572 821 uenerabili
602 777 764 821 ecclesie
792 777 1028 820 senonensi
1056 777 1177 821 hunc
1207 776 1382 821 Zib‘rwm
1415 777 1587 821 talibus
1615 777 1778 820 adiecit

319 849 354 904 (2
367 847 567 903 adiectis)
602 845 947 890 condicionibus
977 847 1097 902 quod
1130 846 1187 890 in
1220 846 1302 890 hac
1337 846 1536 890 libraria
1563 850 1779 902 perpetuo

316 916 549 972 quamdiu
568 914 759 959 durabit
787 915 989 958 manebit
1016 915 1336 960 incatkenatus
1355 930 1433 959 nec
1446 916 1614 972 poterit
1633 914 1780 961 uendi

317 989 403 1030 aut
422 985 719 1042 quouismodo
738 985 938 1028 alienari
961 1000 1037 1029 nec
1052 985 1253 1042 prestari
1277 989 1362 1030 aut
1387 989 1513 1029 extra
1530 984 1779 1028 librariam

313 1054 430 1110 poni
459 1054 557 1097 nisi
585 1054 642 1097 in
670 1053 891 1097 eminenti
913 1054 1121 1110 periculo
1150 1058 1189 1097 et
1214 1068 1300 1110 pro
1327 1054 1501 1098 maiori
1530 1055 1777 1098 securitate.

318 1122 453 1166 Orate
475 1137 565 1179 pro
594 1137 640 1167 eo
670 1127 725 1167 ut
754 1122 976 1166 celestibus
1008 1138 1059 1166 ac
1088 1124 1322 1180 perpetuis
1344 1124 1545 1181 fruatur
1574 1123 1776 1179 qaudiis.

318 1192 495 1235 Desinit
518 1192 820 1235 Policraticus
839 1191 887 1233 in
907 1191 982 1234 fol.
1005 1204 1101 1249 322.
1151 1192 1206 1234 In
1226 1192 1377 1235 eodem
1399 1191 1506 1236 folio
1525 1206 1661 1234 manu
1685 1205 1779 1234 sae-

317 1262 405 1305 culi
430 1262 509 1304 xiv
533 1261 743 1318 adscripti
764 1263 869 1303 sunt
884 1261 1089 1304 uersiculi
1109 1275 1218 1318 quos
1237 1261 1286 1303 in
1304 1261 1559 1319 Appendice
1578 1260 1627 1303 II
1646 1260 1777 1304 edidi.

320 1331 484 1373 Eadem
503 1345 670 1381 manus,
691 1330 777 1373 nisi
798 1330 939 1383 fallor,
959 1330 1007 1372 in
1026 1330 1225 1387 margine
1243 1330 1403 1374 codicis
1428 1345 1589 1374 nomen
1612 1329 1778 1373 Catulli

320 1399 568 1442 Parmensis
601 1398 675 1457 (de
706 1413 793 1455 quo
822 1399 924 1441 uide
960 1400 983 1456 ᾧ
1013 1407 1040 1453 5
1073 1399 1210 1457 infra)
1243 1399 1517 1456 aliorumque
1547 1401 1778 1442 auctorum

319 1468 503 1512 addidit.
576 1468 786 1525 Sequitur
820 1482 958 1524 usque
992 1468 1050 1511 ad
1084 1467 1159 1511 fol.
1196 1482 1279 1526 339
1316 1469 1452 1512 index
1486 1471 1532 1512 et
1565 1468 1794 1526 capitulo·'

319 1552 419 1580 rum
458 1537 624 1590 tabula,
665 1538 778 1580 alter
816 1552 952 1579 manu
990 1538 1153 1581 saeculi
1198 1538 1291 1589 xiii,
1329 1538 1470 1581 altera
1508 1540 1562 1581 ut
1598 1537 1779 1581 uidetur

319 1621 455 1650 manu
487 1607 648 1650 saeculi
680 1606 772 1649 xiv,
843 1605 1048 1650 Codicem
1082 1606 1113 1650 S
1144 1609 1290 1650 totum
1321 1607 1500 1660 contuli,
1530 1607 1695 1664 partim
1729 1606 1778 1648 in

319 1676 585 1719 bibliotheca
615 1676 711 1733 ipsa
741 1676 1055 1728 Suessionensi,
1089 1676 1166 1719 ubi
1200 1691 1271 1719 me
1307 1691 1397 1720 non
1428 1676 1562 1720 semel
1594 1677 1779 1720 comiter

320 1745 494 1801 excepit
520 1745 722 1788 dominus
751 1744 781 1787 J
782 1745 893 1787 udas
921 1747 1098 1788 curator
1126 1745 1329 1802 optimus,
1355 1746 1519 1803 partim
1548 1745 1596 1787 in
1624 1745 1779 1788 biblio-

320 1814 449 1856 theca
497 1813 747 1865 Bodleiana,
794 1829 881 1870 quo
927 1829 1027 1857 eum
1076 1815 1254 1858 mittere
1299 1817 1353 1858 ut
1402 1815 1660 1872 inspicerem
1708 1814 1778 1857 bis

320 1883 558 1925 uoluerunt
577 1883 664 1925 uiri
690 1883 855 1940 egregii
883 1883 963 1926 Rei
985 1883 1190 1927 Publicae
1215 1884 1568 1942 Francogallicae
1591 1883 1777 1926 admini-
1816 1875 1820 1914 ’ἶ

320 1954 542 2003 stratores,
583 1952 744 2009 quibus
789 1955 970 2009 propter
1017 1956 1190 1996 tantam
1231 1953 1564 1997 beneficentiam
1610 1952 1778 2010 gratias
1816 1951 1820 1996 ἐ

321 2021 493 2064 debitas
519 2020 684 2064 referre
712 2022 841 2064 iuuat
853 2036 863 2074 ;
901 2036 982 2065 nec
1004 2022 1186 2065 minoris
1213 2022 1398 2065 aestimo
1427 2021 1778 2065 beneuolentiam
1815 2011 1820 2080 Ξ

321 2090 445 2133 cuius
465 2090 722 2133 interuentu
740 2089 1054 2133 liberalitatem
1081 2091 1204 2133 illam
1231 2091 1559 2148 experiri‘mihi
1578 2089 1778 2146 contigit,
1814 2082 1820 2162 Ξ

321 2174 472 2202 eorum
501 2159 667 2203 scilicet
691 2160 851 2216 quibus
871 2160 990 2217 apud
1019 2175 1099 2203 nos
1126 2175 1273 2203 rerum
1300 2162 1551 2203 exterarum
1574 2159 1681 2202 data
1709 2161 1778 2202 est
1813 2166 1820 2180 ¹

320 2228 582 2286 procuratio,

379 2298 426 2339 M
440 2295 930 2355 (Malmesburiensis)=
944 2298 1069 2341 Bodl.
1085 2298 1178 2341 cod.
1189 2297 1282 2341 MS.
1299 2297 1473 2341 Barlow
1489 2299 1528 2341 6.
1559 2298 1776 2341 Membra·
1812 2326 1820 2364 Ξ

320 2380 480 2408 naceus
503 2368 571 2409 est
590 2367 726 2410 codex
747 2382 854 2410 saec.
876 2367 941 2409 xii
965 2368 1012 2409 in
1030 2369 1118 2420 4²⁰;
1149 2367 1257 2410 folia
1277 2380 1360 2422 209
1388 2366 1535 2410 habet.
1593 2366 1776 2409 Litteris

321 2434 569 2477 initialibus
589 2436 729 2478 nitide
757 2436 1018 2480 illuminatis
1039 2440 1084 2480 et
1110 2436 1279 2479 auratis
1303 2435 1480 2492 gaudet.
1536 2435 1795 2481 Policmti-v

321 2517 428 2546 cum
446 2504 655 2548 continet.
713 2504 769 2546 In
790 2504 864 2549 fol.
887 2519 995 2561 209:
1018 2505 1218 2561 Eoeplicit
1237 2504 1536 2548 Policraticus
1548 2518 1633 2560 per
1651 2505 1774 2548 Salo-

321 2586 501 2616 monem
526 2571 606 2615 sub
627 2571 793 2616 Abbate
818 2573 1004 2617 Robe‘rto
1022 2574 1104 2617 II:
1135 2574 1161 2616 i.
1175 2588 1209 2616 e.
1233 2573 1424 2615 Roberto
1453 2572 1507 2615 de
1531 2573 1775 2625 Meleduno,
1812 2579 1813 2582 ’

322 2642 399 2698 qui
438 2641 574 2684 abbas
612 2641 1013 2686 Malmesburiensis
1051 2658 1086 2686 a
1127 2642 1234 2698 1187
1275 2642 1542 2685 constitutus
1580 2656 1618 2685 a.
1664 2654 1774 2699 1205
1804 2629 1820 2828 Ξ

1811 2832 1820 2875 2

1809 2882 1820 2998 i

302 2715 576 2767 supremum
624 2710 741 2753 diem
789 2711 910 2755 obiit.
989 2711 1045 2754 In
1093 2710 1201 2754 folio
1248 2710 1387 2755 codici
1444 2710 1640 2767 praefixo
1689 2712 1774 2756 hac

418 2793 516 2822 ·x1v
