1878 3172
70 172 168 207 cAP.
187 162 309 223 xxn]
582 162 1016 208 POLICRATICVS
1534 174 1614 214 450
1633 163 1662 203 d

70 283 348 340 praeteriisse
373 281 580 339 quicquid
599 281 826 339 praeteriti
845 282 1054 339 temporis
1080 282 1355 340 significatur
1377 281 1523 332 uerbO,

71 353 118 394 et
146 350 249 394 licet
276 350 591 407 praedestinati
619 350 711 393 sint
738 350 879 400 multi,
904 364 992 392 non
1021 350 1119 393 ideo
1148 365 1236 407 qua
1265 351 1390 394 electi
1420 354 1526 394 sunt

71 419 301 476 praeteriit
332 419 685 476 praedestinatio.
758 418 817 461 Et
854 419 1056 475 quamuis
1089 433 1178 462 non
1209 419 1524 476 praedestinati

73 501 166 531 esse
213 488 394 545 possint,
441 488 606 545 poterit
651 487 819 544 aliquid
868 487 984 543 quod
1031 489 1320 544 praeteritum
1369 489 1428 531 sit
1468 502 1524 531 ne

35 550 351 614 spraeterierit
387 556 594 599 reuocari.
671 556 792 599 Nota
839 556 1054 612 siquidem
1101 557 1525 613 praedestinationis,

73 640 345 682 quocumque
370 625 495 668 uerbi
523 639 626 668 casu
649 625 801 675 utaris,
821 628 1036 681 quantum
1062 625 1110 667 in
1139 640 1190 668 eo
1219 629 1297 675 est,
1321 625 1526 668 futurum

73 707 206 750 quam
239 693 526 750 praeteritum
559 693 706 750 potius
737 693 895 750 signat,
930 696 976 736 et
1007 707 1107 735 eum
1142 693 1197 736 de
1232 707 1319 750 quo
1351 694 1525 745 dicitur,

72 762 159 805 m'si
188 762 276 804 iam
306 762 402 805 fore
431 762 631 812 euaserit,
655 761 822 804 indicat
841 776 934 804 esse
955 761 1229 806 saluandum.
1290 763 1370 806 Est
1396 764 1526 814 enim,

73 833 128 873 ut
161 830 246 873 dici
279 830 402 882 solet,
434 830 618 873 uerbum
658 829 905 880 fecundum,
940 833 985 873 et
1022 830 1070 872 in
1108 845 1154 873 se
1192 846 1363 888 semper
1400 833 1526 875 uerbi

17 916 60 940 ιο
74 898 257 941 alterius
295 898 632 955 intelligentiam
671 898 847 941 claudit.
915 898 1018 941 Non
1056 898 1207 955 itaque
1240 903 1409 942 motum
1448 900 1527 942 ali-

75 981 205 1024 quem
250 967 595 1023 praedestinanti
640 967 814 1024 ingerit,
853 967 929 1010 sed
972 968 1011 1010 ei
1058 969 1134 1024 qui
1173 969 1411 1012 saluandus
1450 972 1528 1019 est,

74 1035 303 1092 primitiua
336 1035 608 1092 disponentis
653 1035 736 1078 Dei
778 1035 935 1092 gratia,
974 1039 1125 1092 patere
1170 1037 1327 1080 asserit
1364 1038 1528 1080 ostium

75 1103 232 1147 salutis
264 1106 310 1146 et
342 1104 522 1146 ianuam
553 1103 883 1154 misericordiae,
915 1118 1003 1160 qua
1040 1105 1301 1161 procedente
1332 1108 1528 1162 tempore
1543 1111 1616 1152 4⁵1
1635 1113 1665 1141 a

75 1171 215 1228 possit
240 1171 414 1224 saluari,
434 1171 568 1215 immo
597 1172 852 1222 saluabitur,
872 1172 974 1215 licet
1001 1173 1140 1229 possit
1165 1177 1210 1216 et
1239 1188 1328 1216 non
1354 1174 1529 1217 saluari.

18 1255 60 1291 ¹5
79 1240 173 1283 Nec
205 1240 339 1283 miehi
372 1239 483 1282 illud
518 1239 761 1282 Aristotilis
791 1240 859 1282 tui
893 1241 1067 1291 obicias,
1101 1241 1205 1297 quia
1243 1240 1380 1284 fuisse
1414 1242 1531 1298 quod

78 1308 168 1352 fuit
196 1312 243 1352 et
271 1324 363 1352 esse
392 1309 510 1366 quod
534 1312 611 1359 est,
639 1309 815 1365 quando
845 1312 922 1359 est,
948 1324 1120 1352 necesse
1150 1313 1218 1352 est
1230 1324 1240 1362 ;
1271 1314 1324 1353 ut
1351 1311 1531 1369 colligas

77 1377 411 1428 enuntiationes,
451 1392 563 1434 quae
599 1377 828 1434 praeteriti
866 1379 1076 1434 temporis
1115 1379 1280 1421 habent
1317 1379 1531 1436 copulam,

76 1461 205 1489 ueras
235 1461 327 1489 esse
360 1446 551 1503 praecise
585 1446 657 1488 uel
695 1446 887 1503 praecise
918 1450 964 1489 et
997 1461 1053 1490 ex
1092 1449 1350 1491 necessitate
1384 1448 1531 1491 falsas.
1566 1498 1568 1501 y

79 1514 260 1558 Minime
298 1529 486 1571 namque
525 1515 606 1558 hac
651 1514 892 1557 obiectione
934 1515 1167 1566 iuuaberis,
1206 1531 1306 1559 cum
1348 1519 1395 1559 et
1435 1517 1533 1574 ipsa

21 1601 64 1624 ,ο
81 1584 323 1627 Aristotilis
345 1584 481 1627 uerba
500 1583 668 1626 faciant
692 1584 1001 1640 quaestionem,
1022 1587 1067 1626 et
1091 1585 1276 1628 articulo
1296 1586 1531 1628 discutien-

80 1653 137 1696 do
184 1653 356 1696 nullum
408 1656 488 1696 aut
541 1667 728 1709 paruum
777 1652 925 1695 ferant
978 1654 1248 1711 suffragium.
1337 1654 1532 1712 Regulae

78 1722 294 1778 siquidem
314 1722 615 1779 integritatem
630 1722 896 1764 subuertunt
918 1723 1256 1774 enuntiationes,
1276 1738 1388 1780 quae
1408 1738 1533 1780 prae-

78 1790 224 1833 teritis
262 1790 354 1832 uim
393 1789 535 1832 futuri
573 1790 868 1846 contingentis
910 1790 1185 1848 adiungunt3
1228 1795 1339 1848 puta
1376 1807 1533 1835 uerum

81 1858 172 1901 fuit
203 1859 300 1902 heri
332 1861 378 1901 te
410 1873 507 1901 cras
540 1873 632 1901 esse
665 1858 893 1908 lecturum,
922 1864 1002 1902 aut
1031 1863 1077 1902 te
1113 1861 1238 1903 Plato
1273 1861 1534 1917 quandoque

24 1941 65 1974 ²5
83 1927 214 1971 sciuit
231 1927 536 1970 dormiturum.
593 1927 648 1969 In
673 1927 831 1983 quibus
855 1942 912 1970 ex
937 1928 1217 1972 adiunctione
1244 1930 1386 1972 futuri
1409 1944 1533 1986 prae-

82 1995 205 2038 teriti
237 1995 447 2052 temporis
479 1995 587 2038 fides
617 1995 807 2038 uacillat.
865 1995 984 2037 Dum
1015 1997 1132 2038 enim
1166 2000 1218 2039 tu
1252 1998 1416 2053 poteris
1444 2012 1535 2040 non

83 2064 283 2114 dormire,
310 2067 355 2106 et
381 2063 462 2106 hoc
490 2063 615 2105 Plato
643 2063 808 2119 poterit
835 2064 1081 2114 nesciuisse,
1109 2079 1198 2107 non
1232 2065 1349 2120 quod
1378 2069 1534 2115 motus,
1551 2066 1581 2104 b

83 2132 159 2189 qui
191 2132 238 2174 in
266 2131 414 2174 anima
444 2131 538 2173 eius
569 2130 668 2180 fuit,
700 2145 789 2173 non
822 2131 958 2173 fuisse
992 2132 1140 2188 possit,
1171 2132 1247 2174 sed
1276 2133 1393 2188 quod
1423 2147 1535 2189 quae

83 2200 173 2243 fuit
210 2199 392 2242 scientia
429 2199 727 2241 mutabilitate
765 2213 912 2241 rerum
951 2202 996 2242 et
1034 2200 1243 2256 temporis
1282 2200 1449 2243 lubrico
1487 2202 1535 2244 in

23 2291 68 2323 30
83 2269 330 2326 opinionem
350 2267 514 2324 poterit
534 2267 748 2310 deuocari.
808 2267 856 2310 Si
876 2271 1025 2310 tamen
1044 2269 1392 2325 contingentium
1413 2269 1535 2312 futu-

83 2352 232 2381 rorum
270 2337 362 2379 ulla
400 2339 545 2393 potest
583 2351 674 2379 esse
713 2336 906 2386 scientia,
945 2338 1145 2392 quamuis
1187 2338 1246 2380 sit
1284 2338 1536 2381 indubitata

83 2406 242 2464 opinio,
277 2420 388 2462 quae
422 2405 648 2448 scientiam
682 2405 968 2461 probabiliter
1006 2406 1231 2459 imitatur3
1271 2407 1378 2450 item
1418 2407 1535 2463 quod

84 2476 179 2519 heri
208 2489 362 2518 uerum
392 2474 527 2516 fuisse
556 2473 866 2530 praediximus,
896 2489 984 2517 non
1013 2475 1148 2519 fuisse
1177 2477 1340 2534 poterit
1368 2491 1535 2527 uerum,

88 2591 133 2627 16
156 2589 322 2636 quando]
341 2588 520 2634 quoniam
536 2587 561 2623 S
680 2588 722 2623 18
746 2587 909 2633 prescias
927 2589 981 2623 bia
997 2586 1021 2623 S
1143 2590 1188 2626 26
1211 2589 1369 2626 uacillat
1384 2590 1477 2627 fides
1494 2590 1535 2626 M

132 2702 156 2738 9
170 2694 370 2736 fecundum
385 2703 394 2726 :
426 2691 576 2726 Verbum
589 2690 789 2734 fecundum
805 2688 919 2726 aliter
934 2689 1066 2726 definit
1082 2690 1208 2734 Varro,
1225 2693 1268 2727 de
1283 2693 1327 2728 L.
1344 2693 1387 2728 L.
1405 2692 1481 2728 viii
1501 2702 1536 2738 9.

88 2740 257 2822 {3233ss
279 2739 498 2774 Aristonus:
534 2749 567 2773 v.
601 2736 713 2772 Arist.
745 2738 787 2772 de
817 2737 972 2782 Interpr.
1001 2748 1031 2773 c.
1058 2747 1080 2783 9
1108 2738 1210 2785 (19²,
1236 2740 1295 2785 23)
1326 2739 1536 2786 interprete

1365 2850 1427 2884 125
