1878 3172
145 167 217 208 513
235 157 265 198 d
609 150 868 196 IOANNIS
909 150 1420 194 SARESBERIENSIS
1562 148 1672 210 [Lm.
1687 162 1739 195 IV

277 272 455 330 publica
494 274 539 314 et
577 272 626 314 in
659 271 791 315 terris
830 271 1046 328 quaedam
1084 271 1263 314 diuinae
1301 270 1546 314 maiestatis
1581 270 1740 328 imago.
1814 276 1822 325 ξ

277 340 571 385 Proculdubio
616 354 828 398 magnum
878 340 985 397 quid
1031 339 1211 383 diuinae
1259 340 1444 383 uirtutis
1491 339 1741 383 declaratur
1814 334 1823 402 ἶ.

276 410 419 453 inesse
444 409 729 467 principibus,
749 409 857 452 dum
886 409 1086 452 homines
1112 409 1297 452 nutibus
1322 423 1474 452 eorum
1500 408 1612 452 colla
1637 408 1739 452 sub·
1814 415 1861 467 '213⁴

277 475 468 523 mittunt
497 481 542 522 et
575 479 717 522 securi
750 478 1010 535 plerumque
1046 477 1268 533 feriendas
1296 478 1510 535 praebent
1539 478 1740 529 ceruices,
1818 488 1833 494 ”
1853 475 1875 492 ’“

139 565 212 605 514
231 565 262 594 a
278 552 324 592 et
357 548 552 606 impulsu
583 547 736 591 diuino
773 547 958 604 quisque
992 547 1122 590 timet
1156 547 1317 604 quibus
1350 547 1445 604 ipse
1478 547 1628 590 timori
1662 549 1742 591 est.
1758 563 1777 598 5

278 617 407 672 Quod
442 617 540 661 fieri
573 631 700 674 posse
733 631 823 659 non
853 616 1055 667 arbitror,
1080 615 1167 659 nisi
1202 618 1317 659 nutu
1351 615 1542 660 faciente
1576 616 1741 660 diuino.
1841 605 1846 619 ⁸

278 687 435 730 Omnis
455 686 619 729 etenim
645 687 841 743 potestas
867 699 895 727 a
920 685 1113 728 Domino
1137 685 1232 728 Deo
1258 687 1337 738 est,
1357 688 1404 729 et
1425 700 1526 728 cum
1549 685 1626 728 illo
1653 684 1744 728 fuit

277 771 461 814 semper,
495 759 540 799 et
572 758 640 799 est
675 759 779 799 ante
814 770 958 800 euum.
1018 756 1147 809 Quod
1181 756 1322 813 igitur
1354 756 1558 814 princeps
1585 759 1744 814 potest,

279 826 345 869 ita
391 841 419 869 a
458 826 552 869 Deo
592 828 672 878 est,
698 832 751 868 ut
790 828 987 882 potestas
1025 840 1053 868 a
1091 825 1283 870 Domino
1321 840 1411 869 non
1449 826 1636 878 recedat,
1666 826 1744 869 sed
1841 877 1844 883 .

281 910 333 938 ea
361 895 508 938 utitur
535 909 615 952 per
643 894 917 951 subpositam
957 909 1150 946 manum,
1178 895 1226 937 in
1255 895 1459 938 omnibus
1497 895 1743 939 doctrinam
1762 909 1802 935 10
1832 916 1844 936 2.
1877 887 1878 897 ²

204 1006 207 1009 .
280 964 448 1008 faciens
487 964 746 1008 clementiae
784 966 865 1007 aut
898 964 1097 1007 iustitiae
1126 979 1244 1008 suae.
1317 964 1404 1018 Qui
1438 980 1543 1022 ergo
1577 965 1745 1009 resistit
1835 931 1878 1030 Α

280 1033 504 1090 potestati,
523 1033 609 1075 Dei
629 1033 897 1076 ordinationi
917 1032 1096 1084 resistit,
1115 1047 1248 1090 penes
1268 1048 1399 1090 quem
1418 1037 1486 1077 est
1505 1035 1746 1078 auctoritas
1823 1033 1831 1062 Γ

280 1102 535 1146 conferendi
562 1117 660 1145 eam
690 1105 747 1155 et,
766 1117 866 1146 cum
892 1103 1005 1154 uult,
1025 1103 1255 1146 auferendi
1280 1103 1352 1147 uel
1378 1104 1607 1147 minuendi
1636 1119 1744 1148 eam.

281 1171 438 1229 Neque
478 1172 596 1215 enim
634 1172 829 1229 potentis
868 1175 947 1223 est,
981 1187 1082 1216 cum
1120 1173 1222 1216 uult
1260 1173 1404 1216 seuire
1442 1173 1490 1216 in
1533 1174 1744 1231 subditos,
1843 1214 1846 1216 ,
1872 1231 1873 1234 ¹

280 1242 357 1285 sed
386 1241 565 1284 diuinae
596 1241 936 1299 dispensationis
965 1257 1045 1299 pro
1074 1242 1347 1299 beneplacito
1377 1257 1456 1285 suo
1485 1243 1643 1300 punire
1671 1243 1744 1286 uel
1763 1258 1802 1294 15
1832 1297 1837 1302 „
1862 1247 1873 1266 ³

281 1325 483 1354 exercere
521 1311 752 1355 subiectos.
829 1311 958 1353 Vnde
997 1314 1043 1354 et
1081 1311 1129 1353 in
1168 1311 1470 1368 persecutione
1509 1312 1745 1355 Hunorum
1840 1355 1869 1358 ,.

282 1379 439 1422 Athila
464 1380 764 1437 interrogatus
790 1394 817 1423 a
843 1379 1048 1437 religioso
1073 1380 1301 1423 cuiusdam
1325 1380 1523 1424 ciuitatis
1546 1381 1747 1438 episcopo
1810 1402 1833 1419 ι’

234 1456 264 1495 b
282 1448 381 1505 quis
417 1451 542 1499 esset,
573 1463 673 1492 cum
708 1449 1032 1506 respondisset:
1084 1449 1178 1506 Ego
1208 1464 1307 1492 sum
1336 1449 1493 1493 Athila
1521 1450 1746 1507 flagellum
1818 1469 1822 1470 ⁷

282 1517 392 1570 Dei;
436 1520 674 1560 ueneratus
708 1518 756 1559 in
790 1532 842 1560 60
876 1516 944 1571 (ut
977 1517 1203 1574 scribitur)
1238 1518 1436 1561 diuinam
1469 1519 1746 1563 maiestatem

282 1586 535 1643 episcopus:
583 1587 715 1639 Bene,
744 1586 902 1643 inquit,
931 1586 1105 1629 uenerit
1143 1587 1347 1629 minister
1377 1587 1488 1640 Dei;
1531 1591 1577 1631 et
1606 1588 1744 1631 illud:
1763 1603 1807 1628 20
1838 1623 1860 1649 Χ.

283 1655 548 1698 Benedictus
578 1655 655 1712 qui
683 1655 809 1698 uenit
837 1655 886 1697 in
914 1655 1091 1699 nomine
1111 1655 1302 1707 Domini,
1325 1656 1603 1713 ingeminans
1631 1671 1746 1701 rese-
1832 1657 1834 1659 ’

282 1724 393 1767 ratis
423 1724 627 1768 ecclesiae
656 1723 828 1767 foribus
855 1727 1178 1781 persecutorem
1213 1725 1404 1778 admisit,
1434 1740 1513 1782 per
1541 1740 1672 1782 quem
1702 1730 1748 1770 et

283 1795 508 1837 assecutus
542 1796 610 1837 est
643 1793 835 1836 martirii
868 1793 1072 1850 palmam.
1132 1794 1378 1851 Flagellum
1418 1794 1535 1837 enim
1567 1794 1748 1839 Domini

284 1862 516 1906 excludere
535 1876 625 1905 non
645 1862 849 1914 audebat,
864 1863 1004 1906 sciens
1025 1863 1129 1919 quia
1144 1863 1330 1906 dilectus
1349 1863 1468 1906 filius
1485 1863 1747 1921 flagellatur,
1833 1915 1839 1922 Ἰ
1869 1918 1872 1922 ,

284 1934 330 1974 et
358 1946 439 1974 nec
468 1931 607 1988 ipsius
636 1931 801 1989 flagelli
831 1946 924 1975 esse
955 1931 1042 1974 nisi
1077 1946 1104 1974 a
1138 1931 1329 1975 Domino
1362 1935 1638 1989 potestatem.
1697 1933 1747 1976 Si
1766 1947 1806 1982 ²5
1828 1934 1842 1988 ’ς’

283 2001 435 2058 itaque
464 2000 574 2043 adeo
602 2000 868 2044 uenerabilis
898 2003 966 2043 est
995 2001 1121 2043 bonis
1150 2002 1346 2058 potestas
1376 2001 1511 2044 etiam
1539 2002 1587 2043 in
1615 2001 1748 2059 plaga
1839 1994 1841 1998 Α

284 2070 534 2120 electorum,
561 2069 661 2126 quis
685 2084 782 2112 eam
811 2085 900 2113 non
929 2071 1177 2122 ueneretur,
1205 2085 1316 2128 quae
1346 2086 1374 2114 a
1402 2071 1592 2115 Domino
1621 2071 1749 2115 insti-

283 2140 386 2181 tuta
406 2140 473 2181 est
492 2138 550 2181 ad
569 2138 814 2181 uindictam
834 2138 1181 2190 malefactorum,
1201 2139 1377 2183 laudem
1396 2154 1503 2183 uero
1522 2141 1749 2191 bonorum,

289 2261 306 2288 1
331 2263 469 2306 ymago
487 2252 528 2288 M
671 2260 692 2296 7
713 2255 796 2298 post
811 2250 914 2287 enim
931 2253 1015 2306 cdd.
1035 2251 1207 2290 ordinate
1223 2251 1322 2289 ratio
1339 2252 1541 2300 potestatis
1558 2252 1583 2289 S
1725 2254 1748 2290 8

285 2298 422 2346 igltur]
440 2310 529 2346 ergo
545 2298 579 2334 A
724 2309 768 2336 10
791 2301 1023 2345 suppomtam
1041 2298 1106 2334 BA
1613 2318 1617 2322 ·

285 2397 392 2441 siqua
423 2396 618 2442 appellat;
651 2408 699 2433 ex
726 2397 856 2432 Polior.
886 2395 934 2432 iv.
968 2406 1009 2432 12
1037 2396 1071 2442 (5
1076 2396 1120 2441 38
1138 2396 1183 2440 D)
1212 2398 1342 2434 tamen
1373 2399 1534 2443 apparet
1561 2397 1750 2436 exstitisse

286 2453 334 2526 ἓὲ
336 2442 631 2536 “sigaffizffifiefi
636 2442 821 2526 ¹232&
816 2443 920 2538 13³¹?
921 2442 1024 2536 1⁸1¹}ss
1041 2454 1294 2527 {5¹33ssth
1316 2446 1750 2539 asssaerfifflssfffflffi‘d

287 2538 386 2582 kinq,
409 2538 502 2572 That
516 2543 657 2574 treason
673 2550 741 2574 can
758 2539 820 2573 but
830 2550 920 2584 peep
936 2543 970 2574 to
987 2538 1082 2573 what
1098 2541 1128 2573 it
1143 2540 1269 2574 would.
1412 2547 1433 2583 7
1461 2540 1586 2575 Omnis
1601 2541 1693 2576 etc.:
1717 2551 1750 2576 v.

289 2583 396 2620 Rom.
413 2583 491 2619 xiii.
512 2594 540 2620 1.
665 2595 703 2621 11
735 2586 805 2629 Qui
821 2586 954 2620 resistit
970 2586 1042 2622 etc.
1062 2597 1069 2620 :
1095 2584 1200 2621 Rom.
1217 2584 1298 2620 xiii.
1316 2595 1348 2621 2.
1469 2587 1511 2622 16
1542 2588 1640 2622 Vnde
1655 2588 1748 2623 etc.:

290 2630 398 2666 Hanc
415 2629 615 2667 historiam
631 2643 818 2677 nusquam
835 2631 927 2668 alibi
943 2630 1113 2668 invenire
1130 2631 1259 2678 potui:
1297 2631 1331 2668 S.
1350 2632 1498 2678 Lupum
1514 2633 1749 2677 Treccnsem,

289 2677 336 2714 de
373 2689 447 2722 quo
480 2689 538 2713 res
569 2678 672 2714 haud
712 2678 903 2715 dissimilis
942 2680 1128 2722 narratur,
1166 2678 1338 2725 martyrii
1376 2678 1544 2725 palmam
1583 2692 1662 2716 non
1697 2692 1750 2717 as-
1821 2691 1824 2695 ·

288 2727 460 2760 secutum
492 2735 568 2762 esse
599 2728 769 2768 constat;
801 2738 833 2762 v.
862 2727 955 2762 Acta
985 2727 1047 2763 SS.
1077 2725 1147 2762 Iul.
1176 2737 1223 2772 29
1255 2725 1332 2770 (vii.
1363 2728 1429 2771 78„
1454 2727 1527 2772 82).
1704 2737 1750 2772 24

251 2782 254 2784 ’
288 2773 438 2808 dilectus
444 2772 556 2816 filius
567 2773 660 2809 etc.:
683 2785 714 2809 v.
728 2772 822 2809 Heb.
839 2772 905 2811 xii.
923 2775 958 2810 6.
1051 2774 1097 2810 28
1122 2775 1171 2810 ad
1184 2775 1385 2810 uindictam
1401 2775 1492 2812 etc:
1514 2784 1528 2812 1
1545 2773 1625 2811 Pet.
1637 2773 1675 2811 ii.
1695 2785 1748 2819 14.

402 2841 480 2884 236,
