1878 3172
231 107 309 148 572
328 109 357 138 a

324 431 354 469 b

329 1340 354 1369 C

697 99 955 143 IOANNIS
995 99 1506 146 SARESBERIENSIS
1673 102 1785 160 [ΗΒ.
1798 114 1830 146 v

373 218 449 261 sed
489 218 537 260 in
574 222 836 276 argumento
874 234 1047 277 quoque
1085 221 1171 264 isto
1205 221 1387 266 euicero.
1459 222 1589 267 Disce
1628 237 1734 281 ergo
1766 225 1829 274 tu,

372 288 584 344 magister
622 289 954 345 sapientissime,
993 293 1182 347 utroque
1222 291 1352 334 modo
1391 291 1595 335 futurum
1633 293 1702 336 uti
1740 306 1830 335 non

372 357 554 399 reddam
589 358 706 414 quod
736 359 861 415 petis,
898 359 992 402 siue
1022 362 1176 402 contra
1206 374 1277 402 me
1315 361 1654 417 pronuntiatum
1692 360 1830 404 fuerit

373 425 467 468 siue
498 441 578 483 pro
612 442 694 470 me.
753 427 882 479 Nam,
903 428 940 470 si
974 427 1140 470 iudices
1178 443 1258 485 pro
1297 443 1429 472 causa
1466 444 1564 472 mea
1602 430 1830 481 senserint,

372 495 509 538 nichil
528 496 612 538 tibi
628 511 684 538 ex
701 497 921 540 sententia
941 497 1184 549 debebitur,
1197 498 1302 554 quia
1322 512 1403 556 ego
1422 498 1595 551 uicero;
1623 499 1660 542 si
1675 502 1830 542 contra
1847 510 1867 544 5

370 565 709 620 pronuntiatum
734 565 882 616 fuerit,
910 566 1046 609 nichil
1076 565 1159 608 tibi
1189 581 1246 609 ex
1275 570 1404 624 pacto
1433 567 1580 619 debeo,
1608 568 1712 625 quia
1741 582 1831 612 non

370 634 528 677 uicero.
589 634 662 677 Sic
689 635 746 677 ab
772 635 1046 678 adolescente
1072 635 1288 693 discipulo
1317 637 1529 694 magister
1557 637 1831 694 eloquentiae

371 702 551 745 inclitus
590 717 670 746 suo
709 707 971 760 argumento
1009 704 1268 748 confutatus
1299 708 1366 748 est
1404 709 1451 749 et
1487 707 1703 764 captionis
1732 721 1830 750 uer-

371 774 496 814 sutae
536 774 581 814 et
620 773 894 830 excogitatae
943 772 1184 817 frustratus
1223 773 1322 817 fuit.
1401 775 1514 818 Tum
1563 776 1740 828 iudices,
1778 779 1830 820 ut

371 841 580 897 antiquae
600 841 748 884 uerbis
768 844 872 884 utar
897 841 1118 893 historiae,
1138 842 1371 886 dubiosum
1396 844 1478 888 hoc
1504 845 1829 902 inexplicabile·
1848 862 1878 888 ιε

371 924 456 966 que
489 925 580 953 esse
613 911 730 967 quod
763 911 986 968 utrimque
1022 911 1250 955 dicebatur
1281 913 1381 966 rati,
1412 928 1468 957 ne
1499 914 1719 958 sententia
1750 929 1831 958 sua

369 983 604 1036 utramque
644 980 706 1022 in>
726 983 899 1037 partem
934 981 1053 1024 dicta
1087 982 1184 1038 ipsa
1213 997 1306 1025 sese
1335 983 1611 1034 rescinderet,
1639 999 1732 1026 rem
1763 984 1829 1026 in-

369 1049 610 1092 iudicatam
650 1049 935 1106 reliquerunt,
965 1065 1142 1093 causam
1175 1051 1223 1093 in
1252 1051 1369 1094 diem
1397 1052 1701 1110 longissimum
1729 1067 1829 1110 pro-

369 1118 569 1161 telantes.
629 1117 723 1161 Nec
749 1118 940 1161 multum
967 1119 1105 1162 refert
1131 1120 1187 1162 ad
1216 1120 1490 1177 propositum
1516 1121 1745 1179 Pitagoras
1771 1137 1828 1164 an

371 1187 646 1245 Protagoras,
667 1188 781 1231 sicut
811 1188 1087 1241 Quintiliano
1106 1190 1251 1246 placet
1279 1193 1324 1233 et
1353 1190 1878 1249 Agellio‚1itigauerit;12

370 1272 512 1314 neque
532 1257 649 1300 enim
669 1258 739 1300 uis
759 1261 826 1300 est
851 1258 899 1300 in
919 1259 1106 1310 nomine,
1127 1259 1233 1301 dum
1260 1262 1430 1303 constet
1456 1275 1550 1303 rem
1576 1261 1831 1318 ambiguam

371 1327 465 1369 sine
497 1327 746 1369 temeritate
781 1327 962 1369 diffiniri
993 1342 1082 1370 non
1121 1343 1256 1385 posse.
1330 1328 1448 1372 Sunt
1481 1332 1630 1372 autem
1663 1330 1830 1374 multae

369 1396 590 1452 captiosae
610 1396 897 1452 quaestiones,
918 1411 1030 1453 quae
1049 1398 1192 1440 tutius
1212 1401 1257 1440 et
1283 1399 1551 1442 commodius
1570 1400 1830 1456 praesertim

369 1464 416 1506 in
446 1464 620 1507 iudiciis
649 1465 915 1507 differuntur
943 1480 1075 1521 quam
1106 1466 1410 1510 accelerentur.
1479 1467 1606 1510 Vnde
1635 1471 1682 1511 et
1709 1467 1828 1525 apud

370 1533 620 1576 dialecticos
638 1548 778 1590 genus
797 1534 878 1577 hoc
898 1536 1067 1577 tractus
1086 1535 1335 1591 appellatur
1354 1538 1400 1578 et
1422 1550 1450 1578 a
1477 1536 1626 1579 Grecis
1652 1537 1827 1590 dicitur,
1846 1554 1878 1579 τι

370 1602 447 1645 ubi
480 1603 688 1659 quicquid
714 1617 870 1645 uerum
893 1617 986 1646 esse
1013 1604 1222 1647 statueris
1253 1603 1415 1647 falsum
1441 1606 1699 1662 repperitur.
1758 1607 1828 1658 Et,

369 1671 407 1714 si
436 1671 693 1728 plerumque
727 1671 774 1713 in
804 1672 874 1714 his
902 1686 981 1728 per
1010 1673 1310 1729 exceptionem
1339 1673 1429 1716 doli
1458 1674 1564 1716 mali
1593 1675 1732 1732 possit
1759 1691 1829 1719 res
1877 1680 1878 1683 ’

368 1741 618 1797 temperari,
644 1743 689 1783 et
718 1741 917 1797 aequitas
946 1741 1043 1797 ipsa
1070 1741 1179 1784 iuris
1208 1742 1431 1785 interdum
1461 1746 1595 1800 queat
1624 1744 1829 1802 mitigare

369 1809 571 1866 rigorem,
586 1810 672 1852 nisi
693 1810 1005 1867 urgentissima
1025 1825 1172 1853 rerum
1191 1811 1426 1855 necessitas
1445 1816 1585 1869 cogat,
1597 1813 1644 1855 in
1664 1814 1828 1858 talibus

369 1879 634 1922 sententiam
675 1880 855 1936 expedit
893 1880 1068 1923 differre
1107 1895 1239 1936 quam
1278 1880 1405 1925 ferre.
1479 1882 1588 1925 Fere
1626 1897 1654 1925 a
1691 1898 1827 1940 puero
1845 1902 1876 1937 η

371 1986 389 2023 5
417 1977 563 2013 uiscero
579 1977 612 2013 A
755 1987 775 2022 7
801 1978 945 2014 uiscero
962 1977 1009 2012 Α1
1114 1977 1378 2015 adholescente
1395 1978 1430 2014 A
1582 1981 1604 2016 8
1629 1982 1686 2016 est
1703 1992 1771 2018 om.
1788 1981 1829 2017 M
1876 1958 1878 2002 l

370 2034 393 2069 9
418 2023 608 2070 cogitatae
626 2025 666 2060 M
813 2036 855 2061 10
878 2025 1044 2071 hystorie
1062 2025 1117 2060 B:
1142 2025 1329 2078 hystoriae
1347 2025 1387 2062 M
1540 2036 1584 2071 14
1607 2027 1718 2073 pitha-
1746 2040 1830 2065 oras

369 2071 424 2154 gs
538 2081 588 2155 2¹1⁵
609 2072 933 2165 ἷὲῗὲἒῗὲἓἚέοὸ
1017 2075 1067 2165 ἐξ
1085 2072 1370 2166 Ἑῗὶὲαξέἣὲθὺ
1385 2071 1453 2109 ⁶¹³
1571 2084 1619 2110 ²⁰
1641 2086 1711 2120 Ψ
1766 2078 1830 2113 ‘¹¹‘

420 2214 460 2252 15
490 2207 738 2250 Quintiliano:
762 2218 795 2242 v.
811 2207 901 2241 Inst.
924 2206 982 2241 Or.
1001 2204 1056 2242 iii.
1076 2215 1091 2241 1
1113 2203 1131 2251 ξ
1154 2215 1207 2241 10.
1372 2215 1423 2251 19,
1442 2215 1488 2241 20
1511 2209 1612 2252 apud
1626 2209 1830 2244 dialecticos

370 2254 461 2289 etc.:
494 2265 528 2288 v.
558 2254 643 2299 Diq.
669 2266 777 2289 xxxv.
802 2264 838 2289 2.
864 2254 909 2288 88
934 2254 1015 2288 dixi
1037 2256 1105 2289 τῶν
1129 2251 1265 2299 ἀπόρων
1287 2252 1382 2288 hanc
1404 2256 1643 2299 quaestionem
1667 2267 1738 2291 esse
1765 2257 1830 2302 qui

369 2305 542 2336 tractatus
564 2302 666 2346 apud
689 2302 890 2336 dialecticos
911 2303 974 2336 τοῦ
993 2299 1207 2346 ψευδομένου
1233 2301 1377 2344 dicitur,
1399 2301 1527 2336 etenim
1548 2303 1723 2347 quidquid
1745 2314 1828 2338 con-

367 2349 591 2383 stituerimus
606 2359 734 2383 uerum
750 2359 819 2383 esse
829 2349 974 2393 falsum
993 2348 1218 2392 repperietur
1232 2372 1242 2382 .
1261 2373 1270 2381 .
1290 2374 1299 2383 .
1317 2358 1397 2392 erqo
1416 2359 1486 2400 per
1501 2350 1738 2394 exceptionem
1753 2350 1828 2384 doli

369 2397 459 2430 mali
474 2400 547 2430 tota
565 2407 606 2430 ea
622 2407 678 2430 res
693 2396 925 2440 temperanda
941 2395 1021 2429 erit.
1071 2393 1116 2428 In
1132 2395 1337 2429 Policratici
1347 2393 1536 2430 codicibus
1546 2394 1719 2431 omnibus
1735 2406 1830 2441 quos

369 2440 526 2487 inspexi,
544 2441 586 2476 in
607 2442 662 2477 ed.
684 2441 858 2487 principe
881 2443 920 2477 et
944 2440 986 2475 in
1011 2441 1069 2477 ed.
1094 2440 1176 2476 Par.
1198 2450 1286 2486 1513
1304 2441 1446 2476 omissis
1461 2442 1652 2478 vocabulis
1675 2442 1827 2479 Graecis

369 2488 513 2534 legitur
527 2490 591 2524 hoc
606 2494 741 2524 tractus
756 2490 964 2534 appellatur
976 2493 1008 2522 et
1024 2500 1047 2523 a
1062 2489 1199 2532 yraecis
1213 2489 1350 2524 dicitur
1362 2490 1434 2530 ubi,
1449 2490 1520 2525 ete.
1571 2489 1616 2524 In
1634 2489 1690 2526 ed.
1708 2489 1828 2536 Lugd.
1862 2506 1864 2510 ·

374 2544 463 2580 1513
489 2537 574 2580 post
598 2538 735 2571 dicitur
755 2535 925 2581 sequitur
948 2535 1107 2578 lacuna;
1134 2545 1228 2580 quae
1253 2534 1294 2571 in
1323 2534 1407 2571 edd.
1425 2535 1543 2582 Lugd.
1567 2536 1652 2572 Bat.
1675 2545 1761 2583 1595
1789 2538 1828 2573 et

374 2583 465 2627 1639
489 2582 667 2618 vocabulo
693 2583 830 2628 ζὴτηὰις
855 2582 1048 2627 expletur;
1073 2584 1165 2618 nota
1189 2584 1319 2618 tamen
1345 2581 1386 2617 in
1411 2582 1580 2628 margine
1604 2583 1736 2620 addita
1759 2585 1827 2621 ‘aL

371 2628 501 2665 abest?
542 2628 589 2664 In
606 2629 834 2666 editionibus
851 2628 1125 2666 recentioribus
1140 2640 1257 2674 usque
1273 2628 1321 2664 ad
1337 2630 1503 2665 nostram
1519 2628 1661 2676 legitur
1676 2631 1826 2677 ζήτησις,

371 2676 472 2721 quod
487 2676 709 2712 vocabulum
726 2677 824 2713 unde
841 2675 987 2713 venerit
1002 2676 1044 2711 in
1060 2675 1140 2712 eius
1157 2677 1324 2712 mentem
1340 2675 1406 2721 qui
1423 2675 1628 2714 editionem
1646 2676 1827 2714 Plautini-

370 2734 484 2759 anam
503 2722 637 2769 (Lugd.
655 2723 738 2760 Bat.
759 2723 863 2770 1595)
881 2722 1109 2770 recognovit,
1125 2734 1273 2769 prorsus
1289 2722 1434 2769 ignoro.

480 2793 546 2837 338
