1878 3172
15 145 19 150 ’
42 165 173 217 ,οη
186 163 281 226 vn]
586 166 1019 215 POLICRATICVS
1391 149 1396 152 ’
1531 179 1607 221 ⁵54
1624 169 1654 211 «ι

74 286 308 343 cognoscit,
339 285 427 329 nisi
458 285 648 329 fideliter
679 287 887 330 membris
923 288 1136 331 cohereat.
1206 289 1328 333 Haec
1361 289 1447 340 ille,
1477 291 1524 333 et

77 354 255 411 quidem
274 354 497 412 eleganter
515 358 561 398 et
579 369 694 398 uere.
737 355 837 406 Sed,
851 358 904 399 ut
921 356 1055 399 michi
1074 357 1263 408 uidetur,
1274 359 1524 402 coherentia

67 422 220 466 fidelis
252 426 299 466 et
327 423 457 466 firma
489 438 582 466 esse
614 438 703 467 non
736 427 894 480 potest,
922 425 1000 467 ubi
1033 440 1122 468 non
1154 429 1222 469 est
1251 429 1388 469 tenax
1417 427 1523 470 unio
1537 437 1613 478 555
1631 438 1662 468 a

77 491 360 535 uoluntatum
397 495 443 535 et
487 492 612 549 quasi
658 492 854 549 ipsarum
901 494 1147 536 animarum
1195 495 1525 552 conglutinatio.

39 575 62 611 5
79 559 203 613 Quae
231 560 270 603 si
295 560 498 611 defuerit,
526 561 753 604 hominum
782 561 949 605 frustra
982 563 1066 605 sibi
1100 568 1350 621 congrth
1382 579 1525 622 opera,

78 643 179 672 cum
217 628 344 672 dolus
380 629 429 671 in
466 629 700 686 perniciem
739 634 895 687 pergat
932 631 1027 673 sine
1059 632 1219 675 affectu
1256 623 1524 689 proficiendi.

80 696 379 747 simulatores,
390 697 537 754 inquit
555 697 649 749 Iob,
661 700 707 740 et
724 698 870 741 callidi
885 703 1127 755 prouocant
1145 700 1258 742 iram
1277 701 1373 752 Dei,
1383 716 1525 758 neque

78 765 334 809 clamabunt
343 780 443 808 cum
454 766 593 809 uincti
606 765 775 809 fuerint
786 781 796 818 ;
825 767 1038 810 morietur
1048 768 1096 810 in
1107 771 1368 826 tempestate
1378 770 1527 812 anima

82 847 246 886 eorum,
264 837 311 877 et
328 834 425 877 uita
443 849 594 877 eorum
612 835 730 877 inter
747 835 1029 880 effeminatos.
1095 837 1312 894 Operibus
1338 853 1527 895 namque

23 919 67 945 ιο
82 916 258 946 causam
273 906 469 959 praestat
486 917 603 946 nunc
622 903 774 960 pudor,
785 903 919 946 timor
937 904 1170 948 interdum
1217 906 1303 949 Sed
1323 907 1528 951 iunctura

84 970 163 1013 illa
176 971 438 1014 solidissima
451 975 519 1014 est
533 986 645 1028 quae
664 987 720 1014 ex
734 972 863 1029 adipe
881 972 984 1015 fidei
1004 976 1050 1016 et
1068 973 1314 1018 dilectionis
1332 975 1529 1031 procedit

84 1042 130 1082 et
144 1039 193 1081 in
212 1039 304 1083 solo
322 1040 504 1082 uirtutis
523 1039 812 1083 fundamento
831 1041 1042 1084 subsistit.
1093 1042 1239 1099 Opera
1251 1046 1412 1094 tamen,
1424 1044 1529 1100 quia

83 1122 256 1150 morum
269 1111 530 1166 argmenta
544 1111 660 1159 sunt,
671 1109 862 1165 gratiam
881 1110 1074 1166 pariunt,
1088 1111 1193 1167 quia
1207 1111 1342 1155 nichil
1361 1112 1529 1163 utilius,

82 1175 220 1219 nichil
243 1176 457 1220 efficacius
476 1180 543 1220 est
561 1177 619 1219 ad
641 1180 808 1220 statum
831 1178 1172 1235 magistratuum
1198 1186 1244 1223 et
1269 1195 1530 1237 processum.

26 1262 67 1296 15
84 1245 196 1289 Inde
235 1248 303 1288 est
345 1245 457 1287 illud
494 1246 771 1302 imperatoris
809 1249 889 1289 aut
926 1245 982 1304 (si
1024 1249 1182 1307 mauis)
1221 1250 1530 1293 uersificatoris

12 1329 18 1333 ·
85 1314 263 1371 egregii,
291 1313 398 1356 dum
426 1316 575 1356 tamen
603 1314 720 1356 idem
749 1328 822 1357 eos
851 1316 1035 1358 sensisse
1063 1331 1152 1359 non
1180 1317 1402 1375 ambigas:
1547 1323 1576 1361 b

200 1393 272 1436 Sis
300 1393 400 1451 pius
429 1394 477 1435 in
505 1394 682 1450 primis3
721 1408 835 1444 nam,
863 1409 963 1437 eum
988 1396 1219 1439 uincamur
1246 1397 1295 1439 in
1323 1398 1443 1440 omni

198 1465 391 1502 munere,
413 1451 506 1494 sola
533 1451 637 1494 deos
664 1455 826 1508 aequat
853 1452 1084 1496 clementia
1111 1455 1247 1497 nobis.

201 1508 303 1551 Neu
332 1508 464 1551 dubie
492 1512 719 1565 suspectus
746 1523 853 1565 agas
881 1525 968 1552 neu
996 1510 1136 1554 falsus
1163 1512 1316 1555 amicis

28 1585 73 1610 ao
201 1580 482 1608 rumorumue
510 1566 693 1618 auidus3
752 1567 799 1609 ui
827 1567 937 1610 talia
963 1571 1102 1619 curat,
1129 1569 1283 1613 inanes

201 1623 399 1666 horrebit
426 1624 648 1680 strepitus,
678 1639 708 1666 n
774 1639 801 1666 a
829 1639 917 1667 non
947 1626 1107 1669 anxius
1134 1627 1254 1671 hora.

201 1681 306 1724 Non
334 1680 396 1723 sic
424 1681 632 1723 excubiae
660 1696 739 1725 nec
767 1682 1097 1726 circumstantia
1123 1685 1215 1740 pila

202 1741 740 1846 ἓὲἒῖιῖἒέῗέᾶῖἓοιῖω
749 1739 1351 1854 ffipffgffiffiff

29 1890 73 1924 ²5
146 1874 408 1924 Alexander,
444 1888 544 1917 cum
582 1875 724 1917 hieme
761 1875 924 1918 ducens
961 1878 1201 1920 exercitum
1230 1879 1440 1922 resideret
1476 1879 1533 1922 ad

89 1943 248 2000 ignem,
281 1956 583 1998 recognoscere
620 1946 947 1999 praetereuntes
985 1945 1131 2000 copias
1168 1947 1322 2002 coepit,
1350 1961 1535 2003 cumque

88 2012 386 2068 conspexisset
423 2010 640 2066 quendam
678 2025 813 2067 prope
851 2012 1151 2054 exanimatum
1190 2013 1365 2071 frigore,
1407 2016 1537 2058 iussit

90 2093 191 2123 eum
219 2079 368 2122 sedere
396 2078 444 2120 in
472 2078 565 2121 loco
593 2093 684 2130 suo,
712 2078 885 2121 dicens:
924 2079 973 2122 Si
1002 2080 1050 2120 in
1079 2080 1221 2123 Persis
1250 2086 1382 2125 natus
1411 2098 1536 2133 esses,

89 2148 139 2190 in
171 2148 294 2205 regia
326 2147 433 2190 sella
466 2147 674 2189 resedisse
710 2146 897 2202 capitale
931 2146 1057 2197 foret,
1091 2148 1167 2190 sed
1201 2149 1248 2190 in
1282 2150 1537 2194 Macedonia

30 2233 74 2267 30
90 2219 198 2259 nato
230 2216 492 2259 conceditur.
551 2215 712 2257 Fertur
744 2218 789 2257 et
820 2215 940 2257 aliud
975 2215 1029 2257 de
1060 2216 1236 2269 eodem;
1278 2219 1406 2274 quod,
1435 2233 1534 2261 cum
1551 2238 1577 2267 e

90 2285 219 2342 uirgo
245 2284 433 2327 eximiae
460 2282 811 2339 pulchritudinis
833 2283 1047 2325 finitimae
1074 2285 1219 2340 gentis
1246 2286 1433 2343 principi
1462 2287 1535 2330 de-

91 2356 310 2410 sponsata,
329 2353 446 2394 inter
474 2351 672 2407 captiuas
700 2351 849 2393 adesse
877 2351 1169 2403 nuntiaretur,
1199 2353 1239 2395 ei
1269 2354 1537 2398 abstinentia

91 2436 264 2464 summa
288 2420 493 2478 pepercit,
516 2423 568 2462 ut
600 2434 656 2461 ne
682 2419 805 2461 illam
831 2419 1006 2475 quidem
1034 2421 1254 2476 aspexerit
1266 2436 1276 2474 3
1319 2437 1406 2478 qua
1431 2437 1535 2466 mox

92 2515 116 2566 3
139 2519 228 2556 unio
243 2521 361 2556 tenax
377 2517 417 2552 M
535 2527 555 2552 2
561 2525 578 2562 5
603 2516 737 2562 hyeme
753 2515 793 2551 M
904 2525 948 2560 27
973 2517 1239 2564 conspexisset]
1257 2519 1479 2565 respexisset
1495 2521 1534 2556 M

93 2576 135 2612 31
163 2564 432 2613 pulcritudinis
445 2562 504 2599 AS

140 2667 162 2702 7
187 2657 527 2693 εἰκαῖαωηεεωα
555 2653 893 2700 Iobxxxvi.13,14.
1020 2664 1059 2701 15
1085 2657 1335 2700 imperator-nh·
1360 2658 1534 2695 sc.'1'heo-

94 2702 200 2739 dosii.
359 2711 400 2746 17
425 2702 683 2747 8ἰερίαεθΐιο.·
707 2701 899 2737 Claudian.
915 2703 1036 2746 Paney
971 2713 1090 2746 neyyr.
1106 2704 1148 2737 de
1171 2704 1232 2738 IV
1254 2705 1355 2740 Con-s.
1378 2706 1537 2741 Honor-ia·

96 2750 268 2794 276—283.
411 2757 454 2794 25
473 2749 679 2783 Alexander
694 2749 789 2783 etc:
816 2747 845 2782 F
846 2748 985 2783 rontin.
999 2750 1110 2784 εἰναι.
1126 2748 1163 2783 iv
1165 2751 1214 2785 ‚6
1270 2760 1302 2795 3.
1411 2761 1467 2796 27,
1489 2753 1534 2788 28

94 2798 199 2831 iussit
214 2795 549 2840 usqueaddicens:
575 2795 947 2830 concidereloooauoae
935 2796 1212 2842 ἰαεείίᾱὰεᾱφιε
1299 2796 1395 2834 ntin.
1489 2808 1531 2845 31

94 2844 198 2888 uiryo
221 2843 373 2877 animm
396 2842 468 2878 etc.
486 2853 494 2877 :
520 2853 551 2876 v.
577 2840 748 2877 Frontin.
770 2840 934 2877 Sentii.
954 2850 991 2878 11
1021 2840 1039 2888 ξ
1064 2843 1098 2878 6.

1363 2921 1428 2958 309
