1878 3172
71 161 169 194 0A1’.
182 148 325 210 xvm]
585 149 1019 195 POLICRATICVS
1543 161 1623 205 437
1643 153 1674 192 b

52 277 57 282 ·
127 266 294 310 Verum
322 267 430 311 haec
459 269 636 310 tantum
666 267 776 310 alias
804 267 923 310 inter
950 269 1085 324 caput
1114 267 1279 310 extulit
1307 268 1450 320 urbes,

127 328 344 382 quantum
372 325 494 368 lenta
522 325 664 368 solent
691 325 810 368 inter
837 325 1029 368 uiburna
1057 325 1262 382 cupressi.

68 415 151 460 Sin
175 419 324 460 autem
343 416 608 460 familiarius
634 417 899 474 expresserit
927 416 991 460 rei
1017 416 1364 468 similitudinem,
1384 418 1527 462 fidelis

67 487 114 528 et
151 500 258 528 uera
297 488 364 529 est
402 485 673 543 imaginatio,
711 485 832 543 quali
870 486 1016 528 utitur
1053 485 1362 530 Andromache
1407 486 1527 544 apud

28 553 48 610 5‘
66 553 327 612 Virgilium:

240 644 279 688 O
308 645 442 687 michi
471 644 564 687 sola
592 643 679 686 mei
708 658 841 701 super
868 644 1141 687 Astianactis
1170 645 1341 702 imago;

238 702 300 746 sic
329 702 487 752 oculos,
516 702 578 745 sic
609 701 683 744 ille
712 716 881 753 manus,
910 702 972 745 sic
1002 716 1080 745 ora
1109 702 1292 754 ferebat,

237 763 284 803 et
311 774 428 803 nunc
461 759 605 816 equali
635 764 780 802 tecum
809 759 1065 816 pubesceret
1093 774 1186 804 euo.

63 849 230 893 Verum
249 850 287 893 si
313 850 372 892 ad
398 850 652 907 incorporea
681 850 990 893 diuertendum
1019 853 1098 901 est,
1117 851 1288 894 ratione
1317 866 1428 908 opus
1457 855 1523 895 est
1541 865 1566 894 c

6 939 49 964 10
65 921 111 961 et
147 919 387 969 intellectu,
420 933 521 962 cum
556 919 719 976 absque
756 919 1053 976 intelligentia
1082 919 1188 963 haec
1221 935 1310 962 non
1344 921 1524 963 ualeant

62 987 384 1044 comprehendi,
404 990 450 1030 et
468 1002 622 1030 uerum
644 1002 733 1030 non
758 988 898 1044 possit
927 1002 1020 1030 esse
1049 988 1103 1031 de
1133 989 1203 1031 his
1228 989 1322 1032 sine
1351 989 1523 1032 ratione

61 1055 285 1099 iudicium.
342 1056 600 1100 Intellectus
619 1057 770 1113 itaque
796 1057 895 1099 aliis
919 1057 1222 1100 deficientibus
1243 1057 1385 1100 exerit
1404 1057 1522 1100 uires

61 1138 175 1176 suas,
204 1127 251 1167 et
279 1125 405 1181 quasi
431 1125 479 1167 in
508 1139 607 1168 arce
637 1126 810 1167 animae
837 1126 1105 1168 constitutus
1133 1126 1281 1169 omnia
1310 1126 1523 1170 inferiora

61 1193 377 1250 complectitur,
395 1208 496 1237 cum
522 1194 579 1236 ab
602 1193 885 1236 inferioribus
911 1194 1137 1250 superiora
1163 1198 1384 1251 nequeant
1402 1210 1521 1239 com-

4 1280 44 1316 15
61 1261 286 1318 prehendi.
334 1261 394 1305 Et
412 1277 530 1306 nunc
550 1262 726 1319 quidem
743 1277 812 1305 res
831 1265 884 1305 ut
903 1265 1020 1313 sunt,
1031 1278 1149 1306 nunc
1165 1263 1295 1306 aliter
1309 1264 1520 1316 intuetur,

60 1344 178 1374 nunc
197 1330 464 1388 simpliciter,
483 1346 601 1374 nunc
623 1331 872 1388 composite,
892 1346 1010 1375 nunc
1036 1332 1257 1375 disiuncta
1279 1333 1520 1391 coniungit,

58 1413 177 1442 nunc
211 1399 444 1443 coniuncta
482 1399 692 1442 distrahit
730 1402 775 1441 et
808 1399 1034 1457 disiungit.
1112 1400 1382 1457 Simpliciter
1415 1416 1519 1458 ergo

58 1466 224 1510 incedit
274 1467 536 1518 intellectus,
583 1468 690 1510 dum
742 1483 835 1511 rem
887 1468 1131 1525 quamlibet
1182 1470 1518 1527 contemplatur,

58 1538 170 1592 puta
197 1536 419 1579 hominem
448 1551 666 1594 equumue
695 1537 952 1594 concipiens.
1013 1536 1126 1580 Cum
1147 1552 1253 1581 uero
1277 1553 1346 1581 res
1369 1540 1519 1596 plures

0 1623 44 1647 ao
58 1604 280 1661 gradatim
317 1605 633 1662 complectitur,
671 1605 975 1662 compositioni
1016 1605 1233 1648 obnoxius
1273 1610 1340 1650 est
1352 1621 1362 1659 ;
1407 1611 1518 1664 puta

57 1672 141 1715 hoc
169 1673 453 1724 intellectum,
481 1674 701 1717 hominem
732 1674 882 1717 album
912 1689 1130 1731 equumue
1159 1690 1343 1728 currere,
1367 1680 1515 1720 mente

55 1741 357 1799 complectens.
414 1741 647 1786 Disiuncta
665 1743 905 1800 coniungit,
923 1745 977 1786 ut
995 1743 1034 1786 si
1529 1745 1558 1784 d

227 1833 421 1877 humano
450 1834 585 1890 capiti
614 1834 828 1877 ceruicem
857 1835 1016 1892 iungat
1045 1835 1263 1892 equinam,

481 1891 629 1934 uarias
658 1892 869 1935 inducens
897 1893 1093 1949 undique
1122 1894 1296 1950 plumas

0 1992 39 2026 ²5
56 1977 120 2027 ut,
138 1975 268 2019 iuxta
286 1978 472 2033 poetam,

716 2034 908 2090 turpiter
936 2038 1084 2078 atrum

227 2090 401 2134 desinat
429 2091 478 2132 in
506 2091 669 2147 piscem
696 2091 856 2134 mulier
884 2091 1078 2135 formosa
1106 2107 1293 2149 superne

54 2180 188 2224 Hunc
216 2195 322 2224 uero
351 2181 409 2223 ad
438 2181 661 2224 auditores
683 2196 785 2224 suos
814 2182 950 2225 uerbo
975 2182 1188 2229 traiciunt
1216 2185 1384 2238 poetae,
1411 2197 1512 2226 cum

52 2249 366 2301 hircoceruum‚
377 2252 635 2293 centaurum
649 2250 903 2293 describunt
917 2254 962 2293 et
973 2251 1223 2294 chimeram.
1265 2250 1512 2295 Coniuncta

0 2336 38 2370 30
53 2332 160 2361 uero
190 2318 417 2375 disiungit,
446 2321 499 2360 ut
527 2318 565 2360 si
595 2318 783 2360 formam
812 2321 962 2361 teneat
990 2319 1154 2375 absque
1183 2320 1381 2370 materia,
1409 2334 1511 2366 eum

51 2387 202 2429 tamen
230 2386 324 2429 sine
354 2401 406 2429 ea
434 2386 578 2429 forma
608 2387 786 2429 omnino
817 2401 909 2429 esse
942 2402 1032 2429 non
1064 2387 1215 2444 possit,
1244 2388 1330 2430 nisi
1365 2388 1510 2434 forma

52 2455 223 2497 essendi
249 2457 294 2497 et
321 2455 362 2497 ei
388 2454 650 2498 adherentes
676 2454 844 2498 formae
868 2454 1123 2506 formarum,
1143 2471 1199 2498 ex
1223 2457 1382 2513 quibus
1405 2457 1508 2500 illae

54 2553 71 2580 1
92 2545 215 2590 capud
230 2546 263 2580 A
402 2556 426 2590 4
447 2545 682 2592 ymaginatio
700 2545 740 2581 M
881 2546 904 2582 6
927 2558 1063 2594 ymago
1080 2546 1122 2582 M

98 2626 122 2661 6
149 2627 177 2661 O
193 2627 301 2662 michi
316 2628 409 2663 etc.:
435 2626 546 2673 Verg.
565 2628 656 2662 Aen.
673 2625 725 2662 iii.
745 2627 895 2672 489-91.
1045 2638 1088 2673 23
1114 2629 1271 2664 humano
1289 2630 1387 2666 ete:
1414 2629 1504 2666 Hor.

51 2672 98 2707 A.
116 2673 156 2707 P.
179 2682 255 2708 1—2.
375 2675 420 2711 26
444 2679 485 2709 ut
500 2676 656 2719 turpiter
670 2676 764 2710 etc.:
792 2673 880 2710 Hor.
899 2675 945 2709 A.
963 2675 1003 2710 P.
1023 2685 1056 2719 3,
1073 2686 1106 2719 4.
1221 2677 1265 2711 28
1290 2677 1421 2712 Hunc:
1453 2688 1501 2713 sc.

50 2717 392 2813 ἰέῐὲᾳῗὲἓηίὶῳ).
459 2731 505 2767 32
530 2733 575 2756 ex
597 2722 725 2768 quibus
746 2722 819 2757 etc.
836 2732 844 2757 :
871 2733 906 2756 v.
924 2721 1057 2758 Boeth.
1074 2724 1117 2758 de
1137 2723 1240 2760 Trin.
1259 2734 1290 2759 c.
1310 2734 1330 2759 2
1350 2723 1495 2771 (Migne

1317 2850 1379 2882 103
