1878 3172
162 181 245 230 484
264 192 294 221 a
631 177 891 221 IOANNIS
931 176 1443 221 SARESBERIENSIS
1582 175 1694 234 [mn.
1709 157 1769 220 1'11
1835 219 1839 239 ‚

307 300 447 340 norat.
529 296 638 349 Quis
673 300 823 340 autem
857 311 947 339 non
986 297 1141 349 rideat,
1181 311 1283 340 cum
1317 311 1450 354 agaso
1489 310 1579 339 non
1617 295 1770 339 tressis
1829 295 1835 351 ζ

306 367 540 409 titulorum
557 366 750 409 fascibus
766 369 1052 423 purpuratur,
1065 369 1110 409 et
1129 381 1218 409 non
1234 366 1328 409 sine
1344 380 1483 409 sanna
1497 369 1544 409 et
1557 365 1770 409 cachinno
1837 371 1845 393 ‘-

307 435 584 478 audientium
605 435 795 478 Damma
814 435 978 478 transit
997 435 1045 477 in
1065 435 1274 478 Marcum.

771 515 939 572 Papae!
982 516 1130 559 Marco
1161 515 1403 572 spondente
1432 529 1607 558 recusas
1832 547 1834 549 -

424 574 599 616 credere
629 576 680 616 tu
710 574 946 617 nummos?
995 574 1144 616 Marco
1174 573 1256 616 sub
1286 573 1429 616 iudice
1459 572 1627 629 palles?
1788 589 1808 625 5
1863 618 1865 620 ,

424 632 601 675 Marcus
631 632 757 674 dixit.
817 632 891 674 Ita
921 634 998 683 est,
1029 632 1216 689 assigna,
1247 631 1407 683 Marce,
1436 630 1634 673 tabellas.

308 711 389 755 Est
432 711 635 768 equidem
677 711 875 754 omnium
921 712 1140 768 captanda
1178 710 1478 754 beniuolentia
1517 725 1629 767 quae
1671 702 1773 753 fons
1842 709 1843 713 ’

309 781 529 824 amicitiae
550 785 595 823 et
615 781 784 837 primus
804 781 1004 824 caritatis
1030 786 1286 838 progressus
1317 783 1408 833 est3
1437 779 1515 823 sed
1541 780 1773 823 honestate
1838 796 1839 810 ³

261 856 291 894 b
310 850 530 900 incolumi,
544 850 784 893 officiorum
800 850 972 902 studiis,
987 850 1171 893 uirtutis
1184 850 1271 901 uia,
1286 849 1595 906 obsequiorum
1610 848 1772 900 fructu,
1835 888 1846 902 „
1861 904 1863 907 ι

309 919 569 976 integritate
589 919 813 963 sermonis.
873 920 996 962 Assit
1016 922 1061 962 et
1080 919 1190 962 fides
1210 919 1428 962 dictorum
1448 918 1613 961 scilicet
1634 917 1771 960 facto-
1790 920 1846 968 ια’]

309 1003 496 1044 rumque
526 988 786 1038 constantia,
811 991 857 1031 et
885 989 1052 1031 ueritas
1079 1003 1191 1045 quae
1214 988 1455 1031 officiorum
1483 990 1529 1030 et
1557 987 1773 1030 bonorum
1850 1015 1852 1017 -

309 1057 507 1100 omnium
548 1060 615 1100 est
663 1056 1021 1101 fundamentum.
1101 1057 1303 1100 Gratiam
1352 1057 1565 1100 bonorum
1608 1055 1685 1098 sed
1729 1057 1774 1099 et

309 1127 519 1178 omnium,
532 1126 570 1169 si
589 1127 685 1169 fieri
705 1129 864 1183 posset,
876 1127 1021 1169 uirtus
1037 1127 1220 1183 appetit,
1233 1126 1309 1169 sed
1324 1126 1381 1169 ad
1396 1140 1493 1169 eam
1509 1125 1775 1182 dedignatur
1839 1119 1854 1166 j*

309 1210 389 1252 per
418 1196 567 1238 sordes
596 1196 812 1240 accedere.
871 1196 1045 1239 Nobilis
1075 1197 1230 1253 utique
1254 1211 1323 1238 res
1350 1198 1417 1239 est
1441 1198 1486 1238 et
1513 1194 1700 1238 delicata
1729 1196 1775 1237 et
1828 1228 1830 1231 .

310 1279 422 1321 quae
442 1279 571 1307 omne
592 1265 710 1321 quod
729 1265 909 1308 dedecet
929 1268 1204 1322 aspernatur.
1263 1264 1419 1307 Omnis
1446 1264 1581 1307 etiam
1611 1263 1775 1320 species

310 1348 423 1390 quae
444 1347 499 1376 ex
526 1334 670 1390 seipsa
696 1349 785 1376 non
809 1334 927 1377 lucet
954 1335 995 1377 ei
1018 1337 1221 1391 suspecta
1247 1336 1326 1377 est.
1385 1333 1616 1390 Numquid
1637 1332 1777 1390 igitur
1830 1381 1834 1387 ,

310 1403 528 1445 mentitur
562 1406 615 1445 ut
649 1403 855 1460 placeatss
916 1403 1147 1460 Numquid
1181 1404 1346 1446 bonum
1386 1402 1494 1445 dicit
1532 1402 1699 1444 malum
1731 1403 1777 1444 et

311 1471 478 1514 malum
505 1472 699 1515 bonum?
759 1472 990 1528 Numquid
1020 1472 1222 1522 amicum,
1244 1472 1320 1528 qui
1348 1486 1506 1529 parum
1536 1485 1670 1514 sanus
1697 1472 1776 1521 est,
1807 1479 1835 1530 ’

312 1540 499 1597 instigat
538 1543 591 1582 ut
627 1541 817 1597 amplius
857 1540 995 1584 faciat
1034 1541 1258 1584 insanire‘ss
1317 1541 1453 1583 Porro
1493 1554 1593 1583 cum
1632 1539 1775 1582 omnis
1830 1547 1834 1549 ’

270 1623 295 1652 c
312 1610 552 1652 assentatio
572 1610 717 1666 turpis
738 1610 809 1660 sit,
829 1610 1114 1666 perniciosior
1133 1613 1201 1653 est
1227 1624 1327 1653 cum
1357 1609 1414 1652 ad
1443 1609 1774 1652 subornandum

310 1678 473 1720 uitium
493 1693 703 1734 personae
716 1678 788 1720 uel
803 1681 990 1721 naturae
1005 1679 1077 1721 uel
1092 1679 1325 1736 dignitatis
1341 1678 1508 1722 accedit
1523 1677 1774 1721 auctoritas.
1826 1672 1837 1722 ,‘

312 1746 483 1803 Nempe
499 1747 748 1803 philosophi
764 1747 989 1804 probabile
1010 1748 1164 1790 dicunt
1184 1747 1302 1804 quod
1317 1747 1524 1790 uideatur
1543 1746 1615 1789 uel
1635 1745 1777 1789 omni·
1832 1771 1833 1806 3

311 1816 395 1858 bus
426 1816 498 1858 uel
532 1816 734 1873 pluribus
765 1819 846 1859 aut
878 1817 1220 1874 sapientioribus
1254 1819 1336 1859 aut
1370 1816 1488 1873 quod
1519 1815 1567 1858 in
1598 1815 1777 1872 propria
1827 1815 1837 1850 ἶ

312 1884 526 1927 facultate
547 1885 718 1929 artifici.
777 1885 827 1928 Si
854 1900 959 1943 ergo
983 1886 1246 1943 sapientiam
1273 1885 1484 1942 cuiusque
1509 1885 1635 1927 Plato
1660 1899 1775 1928 com·
1834 1876 1850 1899 ²

313 1954 491 1996 mendet
523 1957 603 1996 aut
644 1954 858 2005 Socrates,
893 1955 1147 1998 Aristotiles
1185 1969 1370 1998 acumen
1408 1953 1588 2010 ingenii,
1623 1952 1776 1997 Cicero
1793 1951 1826 1996 3'

312 2023 486 2066 dicendi
505 2023 688 2080 copiam,
707 2024 1046 2068 mathematicae
1066 2025 1264 2067 studium
1279 2024 1520 2081 Pitagorast,
1535 2025 1777 2066 metrorum

311 2092 552 2135 uarietates
602 2093 795 2148 Flaccus,
837 2093 959 2136 Naso
1008 2094 1239 2136 leuitatem
1287 2092 1579 2143 uersificandi,
1619 2090 1775 2148 quidni

311 2161 491 2204 credat?
551 2161 755 2204 Subeunt
784 2162 903 2204 enim
932 2163 1064 2206 citius
1094 2165 1139 2206 et
1169 2162 1331 2205 fortius
1358 2161 1555 2218 singulos
1579 2159 1778 2204 fomenta
1825 2158 1833 2173 ‘¹

312 2231 538 2284 uitiorum,
1371 2263 1546 2321 magnis
1826 2231 1827 2234 ’

545 2336 645 2365 cum
674 2322 866 2366 subeunt
897 2323 1066 2366 animos
1095 2323 1360 2366 auctoribus.

314 2424 336 2450 2
362 2390 577 2449 chachinno
596 2413 620 2449 S
774 2425 795 2460 3
821 2415 960 2451 damna
978 2415 1029 2450 B:
1055 2415 1220 2460 dampna
1236 2414 1276 2449 M
1433 2423 1477 2450 10
1501 2413 1592 2450 fides
1609 2414 1648 2450 et
1667 2412 1778 2450 0¹BA

316 2471 362 2497 20
392 2461 702 2497 subhornandum
728 2461 752 2497 S
928 2463 974 2498 26
1005 2461 1300 2499 matemathicae
1326 2461 1379 2497 C:
1412 2460 1682 2498 matemathice
1717 2459 1776 2497 BS

889 2509 937 2534 uel
949 2509 1124 2534 facilitatem

315 2540 536 2624 ξέξιίιείξοωε
568 2540 592 2577 S
828 2551 873 2587 27
910 2542 1109 2579 leuitatem
1142 2542 1250 2579 CAS:
1290 2540 1491 2579 leuitatem
1522 2540 1587 2578 uel
1618 2539 1779 2577 facilita-
1829 2535 1838 2549 ²

366 2679 381 2705 1
409 2681 516 2714 ayaso
532 2682 606 2705 non
623 2673 763 2706 tressis:
790 2669 889 2706 Pers.
909 2671 985 2705 Sat.
1004 2682 1036 2705 v.
1057 2670 1114 2714 76.
1274 2679 1297 2713 4
1320 2670 1444 2714 Papae
1461 2669 1556 2705 etc.:
1581 2667 1681 2704 Pers.
1700 2669 1774 2704 Sat.
1819 2686 1823 2694 ‹

315 2728 349 2751 v.
370 2717 498 2761 79—81.
626 2728 669 2752 22
690 2719 878 2763 probabile
894 2719 989 2753 etc.:
1014 2729 1046 2752 v.
1065 2717 1125 2752 Ar.
1149 2718 1233 2762 Top.
1251 2715 1275 2751 i.
1298 2726 1312 2752 1
1335 2716 1431 2763 (100.
1452 2717 1471 2750 b
1489 2726 1530 2751 21
1546 2717 1664 2760 seqq.)
1683 2715 1777 2760 (non
1795 2730 1799 2734 <

315 2765 445 2799 tamen
474 2762 636 2799 totidem
663 2764 783 2800 verbis
810 2775 855 2800 ex
879 2764 1032 2800 Boethii
1058 2763 1256 2810 versione).
1433 2771 1476 2806 27
1503 2763 1683 2798 leuitatem
1709 2774 1717 2797 :
1742 2773 1775 2798 v.
1825 2775 1826 2778 ¹

317 2810 425 2847 Ovid.
452 2812 561 2846 Trist.
577 2810 756 2858 iv.10.25‚
773 2813 829 2848 26.
904 2822 950 2858 30
975 2813 1115 2857 magmis
1126 2813 1221 2848 etc.:
1247 2810 1325 2846 Iuv.
1337 2811 1412 2846 Sat.
1425 2809 1498 2846 xiv.
1512 2819 1634 2856 32‚33.
1828 2814 1832 2821 '

430 2882 490 2914 182
