1878 3172
12 212 15 217 r
75 159 176 192 m.
189 128 343 206 xxm]
586 147 1021 194 Poucm'ncvs
1551 152 1642 201 466
1662 164 1693 192 a

75 269 126 312 in
154 268 316 314 Endor.
373 268 593 326 Indignus
621 269 739 312 enim
773 271 869 312 erat
896 270 1217 314 consultatione
1247 271 1380 322 uirili,
1405 285 1536 328 quem

74 338 126 381 in
153 340 330 382 tantum
358 337 606 395 desperatio
636 337 831 396 fregerat
858 341 911 382 ut
939 339 1074 382 etiam
1103 340 1161 383 ab
1190 341 1356 383 infimis
1389 343 1436 384 et
1468 341 1535 383 in-

74 407 340 450 firmissimis
395 407 609 451 creaturis
666 407 724 450 ad
771 407 986 450 tuendum
1038 408 1124 451 sibi
1177 423 1375 466 regnum,
1418 409 1536 466 quod

77 475 294 519 Dominus
318 475 560 528 auferebat,
579 476 790 519 aduersus
815 477 1180 534 omnipotentiam
1204 478 1298 521 eius
1318 478 1536 521 auxilium

39 561 60 594 ⁵
77 544 346 601 imploraret.
412 545 609 587 Mutauit
637 559 741 602 ergo
770 545 972 588 habitum
1002 560 1132 589 suum
1162 547 1438 604 uestitusque
1467 550 1536 590 est

77 613 178 656 aliis
196 613 483 663 uestimentis,
502 616 548 656 et
566 613 678 656 abiit
703 614 796 671 ipse
815 617 861 658 et
880 614 967 658 duo
986 615 1074 657 uiri
1094 630 1194 658 cum
1214 630 1276 666 eo,
1295 619 1534 659 uenerunt-

78 695 165 738 que
189 681 247 724 ad
273 681 501 724 mulierem
526 684 664 725 nocte.
723 682 855 725 Recte
882 683 1059 739 quidem
1082 684 1242 736 omnia,
1262 684 1367 740 quia
1390 688 1536 728 rectus
1554 685 1584 724 b

79 753 148 793 est
173 750 307 792 etiam
336 750 455 807 apud
478 764 705 807 peruersos
724 750 919 808 Spiritus
938 756 1128 796 sanctus.
1189 753 1327 810 Regio
1346 768 1538 810 namque

79 818 237 862 habitu
267 818 421 861 debuit
450 819 641 875 spoliari,
672 820 748 876 qui
781 820 838 877 ad
875 821 1156 864 seruiendum
1194 822 1454 865 demonibus
1492 825 1539 865 et

22 902 64 927 10
78 901 169 931 non
188 887 283 931 Deo
307 887 554 930 infaustum
578 889 826 945 arripuerat
850 889 949 933 iter.
1009 890 1097 943 Qui
1124 894 1293 934 uestem
1319 891 1540 935 abiecerat

79 956 366 1007 innocentiae,
390 957 467 1013 qui
495 957 692 1000 iustitiae
718 961 971 1005 mutauerat
1000 959 1320 1011 indumentum,
1339 961 1540 1004 uestibus

78 1024 259 1068 honoris
292 1028 338 1068 et
362 1025 528 1082 gloriae
557 1040 646 1068 non
676 1026 830 1069 debuit
858 1027 1075 1085 insigniri.
1134 1028 1192 1070 Et
1221 1029 1354 1081 abiit;
1383 1029 1539 1086 utique

79 1097 181 1151 post
209 1108 322 1144 eum,
344 1093 421 1150 qui
450 1109 539 1136 non
568 1095 694 1138 stetit
723 1096 771 1137 in
799 1096 1017 1149 ueritate3
1046 1100 1091 1140 et
1117 1097 1205 1140 duo
1231 1098 1318 1140 uiri
1346 1112 1445 1141 cum
1476 1112 1540 1148 e0,

80 1162 283 1220 equidem
315 1163 595 1220 ignominiati
630 1167 675 1206 et
709 1164 1073 1221 ignominiabiles‚
1100 1167 1176 1222 qui
1202 1167 1276 1209 uel
1300 1182 1447 1224 regem
1482 1167 1540 1210 ad

23 1247 63 1282 15
80 1234 254 1274 tantam
280 1232 510 1288 perfidiam
539 1247 628 1275 non
654 1233 899 1289 reluctante
926 1234 1013 1277 fide
1040 1236 1245 1292 prosequi
1272 1239 1540 1292 potuerunt3

81 1301 355 1357 duorumque
380 1315 461 1344 rex
486 1301 693 1345 decenter
715 1303 911 1359 stipatur
936 1304 1162 1356 comitatu,
1182 1304 1288 1346 dum
1314 1319 1343 1347 a
1368 1319 1541 1348 summa

82 1373 129 1414 et
146 1383 254 1413 uera
272 1369 445 1413 unitate
464 1370 696 1415 recederet.
741 1371 1055 1429 Veneruntque
1074 1373 1132 1415 ad
1151 1373 1380 1416 mulierem
1399 1377 1540 1425 nocte,

81 1441 188 1496 apto
216 1438 371 1495 utique
393 1441 590 1496 tempore
620 1440 674 1482 de
699 1444 841 1483 morte
871 1456 1025 1498 regum
1051 1442 1106 1484 de
1134 1445 1283 1499 strage
1306 1443 1458 1499 populi
1484 1443 1540 1486 de

82 1507 208 1551 luctu
232 1507 408 1564 publico
433 1522 533 1551 cum
557 1509 839 1552 tenebrarum
866 1510 1064 1567 principe
1086 1511 1335 1555 tractaturi.
1394 1511 1468 1555 Sic
1494 1515 1540 1555 et
1558 1526 1584 1556 c

25 1589 69 1617 ιο
85 1575 293 1620 Salomon
330 1580 458 1620 nocte
503 1577 667 1620 dicitur
710 1579 973 1636 sapientiam
1011 1580 1237 1636 accepisse,
1277 1580 1353 1637 qui
1393 1595 1541 1625 amore

83 1645 318 1688 mulierum
343 1645 526 1689 allectus
552 1650 598 1689 et
625 1650 857 1705 corruptus
887 1663 915 1691 a
941 1649 1131 1692 Domino
1157 1652 1254 1692 erat
1282 1664 1542 1694 recessurus.

82 1714 240 1758 Petrus
269 1729 442 1771 quoque
470 1716 576 1758 dum
606 1717 748 1759 calore
777 1717 879 1759 fidei
918 1717 1159 1761 destitutus
1197 1718 1456 1762 calefaceret
1494 1734 1541 1762 se

83 1783 142 1826 ad
160 1797 325 1840 prunas
344 1783 399 1826 de
417 1788 557 1836 nocte,
576 1785 725 1842 lapsus
745 1789 812 1828 est
831 1786 878 1828 in
905 1787 1134 1843 perfidiam
1164 1790 1209 1830 et
1235 1802 1331 1830 eam
1358 1788 1541 1831 crimine

84 1851 267 1909 periurii
286 1851 393 1894 fecit
406 1852 634 1910 insignem.
682 1855 773 1896 Alii
788 1855 921 1897 etiam
936 1855 1139 1912 discipuli
1159 1856 1317 1899 timore
1329 1857 1541 1912 prostrati

16 1934 69 1970 ⁶¹5
86 1924 283 1976 tempore
320 1924 536 1964 nocturno
574 1922 797 1980 fugerunt.
869 1924 927 1966 Et
966 1925 1031 1966 ait
1071 1925 1177 1967 Saul
1216 1925 1274 1967 ad
1311 1925 1542 1968 mulierem

86 1989 307 2044 (mulieres
354 1990 471 2032 enim
520 1990 795 2047 frequentius
834 1993 1016 2049 spiritus
1055 1994 1306 2049 phitonicus
1345 1994 1541 2051 implet):

84 2058 252 2101 Diuina
279 2058 388 2099 mihi
419 2058 466 2100 in
494 2059 688 2115 phitone,
708 2063 753 2102 et
782 2061 945 2103 suscita
972 2061 1082 2102 mihi
1109 2076 1238 2117 quem
1266 2055 1419 2104 dixero
1445 2062 1541 2105 tibi.

85 2126 203 2183 Lege
246 2126 392 2176 libros,
431 2127 609 2170 reuolue
658 2128 875 2179 historias,
914 2132 1109 2171 scrutare
1157 2145 1307 2172 omnes
1356 2131 1542 2186 angulos

86 2195 416 2252 scripturarum,
435 2210 652 2251 nusquam
682 2196 775 2239 fere
804 2198 851 2239 in
880 2198 996 2240 bona
1019 2198 1339 2254 significatione
1368 2199 1541 2241 diuina-

19 2275 72 2310 30
87 2264 254 2307 tionem
291 2263 500 2306 inuenies.
573 2265 701 2308 Vnde
748 2266 985 2322 prophetas
1024 2267 1230 2322 reprobos
1269 2267 1542 2311 diuinatores

86 2347 177 2375 non
204 2332 442 2388 prophetas
471 2347 563 2376 esse
592 2334 810 2390 scriptura
838 2339 1158 2385 commemorat,
1178 2335 1329 2391 quales
1358 2335 1543 2380 fuerunt

89 2450 110 2476 2
134 2439 192 2486 in]
209 2439 251 2476 ui
268 2439 296 2476 C
521 2450 563 2485 14
587 2439 878 2487 ignominabiles
894 2440 982 2478 A²M
1206 2452 1249 2488 19
1273 2445 1463 2480 tractatur
1477 2443 1544 2481 M:

86 2486 308 2523 tractaturis
325 2485 350 2521 S

138 2581 157 2620 5
174 2574 338 2609 Μαεααίι
354 2575 448 2610 etc.:
471 2583 485 2609 1
500 2573 590 2610 Re.
607 2572 734 2608 xxviii.
751 2574 783 2609 8.
880 2583 923 2618 13
939 2586 1013 2610 non
1029 2576 1124 2610 stetit
1139 2577 1231 2613 etc.:
1252 2575 1383 2613 Ioann.
1392 2576 1471 2613 viii.
1483 2587 1543 2622 44.

91 2621 136 2656 16
150 2622 369 2666 duorumque
379 2623 469 2656 etc.:
489 2621 539 2656 cf.
584 2621 731 2656 ernard.
742 2622 784 2655 de
798 2621 939 2658 Consid
954 2621 995 2657 ιι.
1006 2623 1027 2658 8
1043 2621 1060 2668 ξ
1075 2623 1319 2676 1.5(MigneP.
1333 2626 1374 2659 L.
1389 2624 1542 2660 clxxxii.

89 2671 189 2712 752).
283 2669 506 2703 wSalomon
519 2669 605 2703 etc.:
625 2679 659 2702 v.
671 2678 691 2712 3
706 2667 798 2712 Reg.
811 2667 866 2703 iii.
881 2678 1009 2714 sseqq.
1019 2669 1072 2704 ix.
1082 2668 1166 2706 init.
1250 2681 1294 2706 22
1311 2672 1440 2707 Petrus
1452 2675 1523 2707 etc.
1533 2683 1543 2708 ε

88 2725 125 2749 v.
141 2713 251 2749 Matt.
274 2713 374 2749 xxvi.
388 2714 541 2756 ;Marc.
558 2714 631 2749 xiv.
644 2714 770 2758 ;Luc.
787 2714 877 2751 xxii.
896 2715 1063 2758 ;Io.ann
1080 2716 1182 2752 xviii.
1276 2728 1321 2762 24
1346 2720 1426 2753 Alii
1438 2721 1516 2772 etc.
1532 2729 1542 2754 ε

86 2771 123 2795 v.
140 2759 252 2797 Matt.
271 2760 372 2796 xxvi.
391 2763 458 2808 56;
483 2761 600 2798 Marc.
614 2761 688 2798 xiv.
707 2771 764 2807 50.
865 2771 908 2807 27
935 2764 1075 2799 Diuina
1093 2766 1187 2801 etc.:
1215 2774 1230 2801 1
1251 2763 1344 2812 Reg.
1362 2777 1433 2801 xxv
1434 2765 1492 2801 ιιι.
1510 2767 1544 2802 8.

1372 2844 1433 2878 151
