1820 3138
809 116 1262 162 PROLEGOMENA

303 233 554 290 suspicatur
572 233 650 277 loe.
666 247 800 290 supra.
818 233 893 277 cit.
905 233 959 277 V.
976 233 1090 276 Rose
1109 232 1293 276 eandem
1313 246 1407 276 esse
1427 233 1482 277 de
1501 247 1589 290 qua
1607 237 1762 278 narrat

306 303 525 346 Robertus
544 302 599 346 de
619 302 852 359 Torigneio
867 302 914 345 in
932 300 1165 345 Chronicis
1179 301 1263 345 sub
1277 316 1316 346 a.
1335 302 1444 347 1128
1461 301 1568 360 (non
1580 318 1619 346 a.
1639 305 1761 354 1228,

304 375 357 416 ut
385 372 524 415 refert
553 371 993 423 Schmrsehmfflffins,
1013 371 1107 414 Ioh.
1129 371 1231 414 Sar.
1254 385 1296 428 p.
1321 383 1416 423 122,
1442 372 1567 415 cuius
1595 372 1651 415 de
1679 372 1762 416 hac

303 456 352 484 re
386 441 603 484 rationem
641 440 820 484 omnino
850 439 1131 497 perturbauit
1161 440 1244 483 hoc
1276 439 1331 482 de
1364 454 1481 484 anno
1520 441 1760 497 erratum):
1816 443 1820 489 j

303 510 493 576 Iacobus
519 510 703 553 clericus
725 510 778 552 ole
805 508 990 552 Venetia
1017 508 1173 552 retulit
1199 508 1253 551 de
1280 508 1442 553 Graeco
1460 508 1517 553 in
1535 509 1764 554 Latiwam
1811 515 1820 567 J

303 581 525 636 quosdam
562 578 695 622 libros
734 577 987 621 Aristotelis
1034 580 1073 620 et
1121 580 1445 622 commentatus
1490 582 1562 631 est,
1599 579 1764 623 scilicet
1813 585 1820 601 ⁵

305 649 479 705 Topica,
532 647 793 703 Analyticos
835 647 1012 703 priores
1059 650 1100 689 et
1143 646 1405 702 posteriores
1451 650 1493 690 et
1540 647 1763 699 E'lmchoe,

303 717 519 774 quamuis
549 716 787 773 antiquior
817 715 1057 760 translatio
1090 729 1225 770 super
1258 715 1426 759 eosdem
1463 715 1598 761 libros
1634 716 1763 761 habe·
1807 723 1820 787 j}

302 791 433 831 retur
452 787 534 844 (ed.
552 786 764 837 Howlett,
778 800 820 842 p.
836 785 948 843 114).
1007 784 1097 828 Sed
1116 784 1409 841 antiquiorem
1429 785 1763 830 translationem

303 857 429 900 cuius
459 856 729 899 mentionem
763 854 873 899 facit
907 854 1139 906 RobertuS,
1168 857 1286 898 certe
1315 854 1634 912 ignorauerunt
1661 870 1763 900 cum

1808 786 1820 808 Is.

1812 811 1820 836 ἦ

1808 835 1820 899 ³

303 926 380 969 alii
400 929 496 969 tum
521 925 656 969 etiam
676 923 964 975 Abaelardue,
985 923 1061 980 qui
1090 923 1138 966 in
1158 922 1421 967 Dialecticae
1448 938 1553 968 suae
1580 928 1696 982 part.
1716 933 1763 970 2⁸
1806 901 1820 1010 ξ

302 996 393 1038 ait:
438 994 697 1038 Aristotelis
734 993 860 1037 enim
898 993 1011 1036 duos
1044 995 1244 1044 tantum,
1277 992 1764 1038 Praedicamentorum

302 1065 461 1108 scilicet
500 1068 540 1107 et
578 1063 925 1114 Periermmias,
963 1061 1102 1106 libros
1139 1076 1253 1106 usus
1291 1062 1438 1106 adhuc
1482 1062 1763 1108 Latinorum
1802 1082 1806 1107 s

303 1133 512 1189 coqnouit
546 1132 697 1190 (Ouvr.
729 1131 909 1184 inedito,
943 1146 986 1188 p.
1025 1132 1151 1186 228);
1199 1134 1246 1174 et
1283 1145 1550 1188 quamquam
1589 1132 1683 1190 ipse
1717 1136 1778 1177 et,

305 1203 554 1258 Analytica
577 1201 743 1258 priora
772 1205 817 1244 et
850 1201 1013 1256 Topica
1042 1199 1192 1250 edidit,
1226 1199 1340 1242 liber
1371 1200 1486 1244 alter
1515 1201 1564 1244 in
1592 1201 1763 1246 Aristo-
1799 1208 1804 1240 ζ

304 1273 437 1316 telem
463 1273 515 1315 de
544 1272 577 1314 I
574 1270 936 1328 nterpretaticme‚
955 1270 1068 1313 alter
1090 1269 1139 1312 in
1163 1269 1398 1313 Boethium
1417 1269 1472 1313 de
1496 1269 1764 1328 differentiis
1802 1321 1806 1325 ,

306 1340 478 1397 Topicis
509 1343 576 1383 est
614 1339 964 1383 commentarius.
1023 1338 1141 1389 Mox,
1174 1341 1288 1382 teste
1325 1338 1493 1386 Ioanne
1526 1342 1678 1383 nostro
1713 1340 1762 1384 in
1804 1374 1805 1380 ,

305 1410 455 1454 Metal.
477 1409 538 1452 iii.
560 1419 598 1463 5,
618 1409 786 1451 uersari
816 1408 1086 1464 incipiebant
1110 1407 1266 1451 saltem
1292 1406 1469 1464 Topica.
1527 1410 1646 1453 Cum
1673 1410 1760 1454 ita-
1803 1446 1806 1454 .

305 1494 389 1536 que
411 1478 479 1537 (ut
498 1478 635 1521 uerba
655 1477 748 1521 eius
769 1476 976 1533 referam)
997 1480 1093 1520 tam
1122 1476 1309 1523 euidens
1337 1477 1396 1521 sit
1422 1477 1605 1522 utilitas
1630 1478 1760 1536 Topi-
1785 1478 1793 1484 '

303 1562 473 1600 corum,
511 1547 658 1590 miror
695 1560 835 1603 quare
877 1560 983 1589 cum
1030 1545 1137 1589 aliie
1176 1545 1370 1603 (seilicet,
1410 1547 1670 1603 Analyticis
1716 1551 1769 1592 et*

303 1616 561 1673 Sophisticis
587 1614 810 1673 Elenchis)
838 1629 868 1657 a
897 1614 1148 1659 ‘maioribus
1175 1615 1359 1659 tamdiu
1387 1616 1675 1661 intermissus
1702 1618 1763 1662 sit

305 1685 558 1730 Aristotelis
596 1683 707 1728 liber
744 1688 793 1727 ut
830 1683 1022 1728 omnino
1060 1687 1143 1727 aut
1177 1685 1278 1740 fere
1315 1684 1372 1728 in
1418 1685 1763 1731 demetuolinem

303 1754 476 1806 abierit,
507 1753 691 1811 quando
720 1757 863 1796 aetate
890 1757 1057 1804 nostra,
1086 1752 1316 1810 diliqentis
1343 1753 1525 1810 inqenii
1551 1755 1764 1811 pulsante

304 1824 470 1876 studio,
491 1823 625 1880 quasi
654 1837 684 1865 a
713 1826 852 1866 morte
875 1822 948 1866 uel
975 1837 1006 1866 a
1033 1837 1189 1866 somno
1216 1822 1434 1867 eaecitatus
1462 1827 1523 1867 est
1550 1827 1606 1867 ut
1635 1839 1761 1868 reim-
1801 1861 1810 1890 3,

304 1897 423 1937 caret
462 1895 663 1936 errantes
699 1895 740 1934 et
779 1892 915 1935 uiam
952 1891 1161 1935 ueritatis
1198 1891 1510 1947 quaerentibus
1553 1893 1762 1949 aperiret.
1802 1897 1806 1900 ’

306 1963 373 2006 De
413 1962 578 2005 Ottone
617 1960 888 2018 Frisingensi
926 1961 1140 2017 episcopo,
1170 1961 1247 2016 qui
1286 1975 1324 2004 a.
1357 1962 1467 2015 1158
1508 1976 1761 2018 supremum
1806 2015 1807 2018 Ἴ

305 2032 422 2074 diem
446 2031 569 2082 obiit,
582 2031 690 2074 haee
710 2030 844 2072 habet
864 2029 1143 2080 Rehewinus,
1162 2030 1264 2072 libri
1288 2030 1519 2074 Gestorum
1539 2030 1763 2075 Frz‘derici

304 2100 591 2156 imperatori-s
610 2100 667 2142 ab
693 2099 789 2156 ipso
810 2099 973 2142 Ottone
1001 2099 1195 2142 incohati
1225 2099 1506 2143 continuator
1524 2101 1602 2156 (iv.
1628 2114 1693 2152 11,
1713 2100 1760 2143 in

307 2169 468 2212 Pertzii
497 2169 619 2212 Mon.
652 2168 798 2214 Germ.
829 2167 961 2218 Hist„
991 2168 1162 2224 Script„
1194 2183 1274 2220 xx,
1303 2182 1344 2225 p.
1375 2172 1507 2226 451):
1554 2169 1763 2213 Isitterali

303 2238 492 2282 scientia
520 2252 617 2281 non
645 2236 923 2281 mediocriter
952 2240 1037 2280 aut
1068 2237 1327 2293 uul9ariter
1357 2237 1610 2281 instructus
1637 2238 1760 2281 inter

303 2307 520 2362 episcopos
554 2306 822 2350 Alemaniae
855 2306 930 2349 uel
955 2306 1142 2361 primus
1175 2306 1248 2350 uel
1281 2306 1403 2349 inter
1426 2306 1603 2362 primos
1635 2306 1760 2350 kabe-

304 2375 439 2418 batur
456 2375 511 2417 in
533 2378 719 2417 tantum
741 2378 797 2418 ut
814 2406 824 2416 .
841 2407 852 2417 .
868 2407 877 2417 .
888 2373 1298 2430 philosophicorum
1316 2378 1355 2417 et
1374 2374 1762 2418 Aristotelicorum
1806 2374 1807 2379 ’

302 2443 526 2486 librorum
549 2443 843 2487 subtilitatem
872 2444 928 2487 in
950 2443 1128 2499 Topici8‚
1150 2443 1405 2498 Analyticis
1424 2446 1558 2498 atque
1583 2443 1761 2488 Elencie
1786 2478 1790 2483 .

292 2513 391 2569 fere
419 2512 609 2567 primus
639 2512 804 2554 nostris
827 2511 1007 2566 finibus
1037 2511 1359 2567 apportauerit.
1427 2511 1629 2568 Denique
1663 2512 1758 2555 Gil-

302 2581 455 2623 bertus
475 2581 753 2630 Porretanus,
775 2580 850 2636 qui
873 2595 911 2623 a.
933 2593 951 2622 1
963 2588 1046 2634 154
1066 2594 1090 2622 e
1110 2580 1206 2622 uita
1225 2580 1448 2636 migrauit,
1469 2580 1516 2622 in
1541 2580 1655 2624 libro
1674 2582 1759 2624 Sex

303 2649 667 2704 Principiorum,
687 2663 779 2704 cap.
804 2659 827 2700 7
851 2649 908 2691 ad
931 2649 1005 2690 fin.
1025 2648 1295 2704 (Aristotelis
1316 2648 1426 2704 Opp.
1446 2649 1541 2692 Lat.
1561 2649 1626 2692 ed.
1647 2650 1756 2693 Ven.

306 2727 428 2774 1552,
441 2720 473 2760 t.
487 2717 502 2759 i
516 2717 591 2761 fol.
608 2718 682 2774 34)
698 2717 880 2760 lectores
900 2717 957 2760 ad
975 2717 1221 2773 Analytica
1233 2716 1400 2761 mittit:
1431 2716 1626 2774 Reliqua
1638 2731 1758 2769 uero,

418 2801 530 2829 xxiv
1755 2805 1757 2807 ’

1803 1512 1820 1630 Ξ

1811 1631 1820 1679 42.

1810 1706 1820 1788 a}
