1878 3172
68 167 168 201 cu.
182 153 303 216 xxn]
411 168 414 172 ·
578 152 1012 199 POLICRATIGVS
1536 150 1620 200 448
1637 151 1668 190 b

69 275 360 328 mutabilem3
413 289 513 318 cum
561 274 800 319 secundum
847 274 986 331 ipsius
1034 273 1237 316 ueritatis
1284 271 1525 316 archanum

70 343 332 402 (Iohannem
381 343 522 386 filium
574 343 761 387 tonitrui
810 341 983 400 loquor)
1032 341 1135 384 fidei
1189 344 1361 384 constet
1409 340 1526 396 quia,

72 415 423 469 quantacumque
452 413 512 455 sit
539 412 732 455 labilitas
765 411 1071 461 subiectorum,
1100 411 1217 468 quod
1252 410 1421 453 factum
1460 413 1528 453 est

72 481 121 524 in
141 496 191 525 eo
210 481 307 524 uita
325 484 432 532 erat,
451 496 530 538 per
555 496 684 538 quem
705 481 824 524 facta
849 483 955 523 sunt
973 480 1191 523 uniuersa.
1250 479 1357 522 Eius
1377 479 1527 535 itaque

36 563 57 598 Β
74 550 304 608 dispositio
322 553 450 593 tanta
470 565 574 594 suae
593 550 850 594 stabilitatis
869 549 1170 592 incolumitate
1190 549 1314 605 uiget
1334 552 1379 591 et
1398 548 1529 598 uiuit,

74 622 128 662 ut
160 619 282 661 nullo
315 633 461 662 rerum
495 622 620 662 motu
657 619 841 669 concuti,
875 617 998 660 nulla
1036 617 1175 674 possit
1205 616 1416 674 temporis
1450 619 1530 659 aut

74 702 201 732 casus
228 687 527 730 mutabilitate
556 686 752 730 conuelli.

77 839 182 897 Cap.
226 852 292 884 22.
349 839 478 892 Quod
517 853 568 881 ex
604 838 813 895 possibili
852 853 947 882 ‘non
998 838 1202 895 sequitur
1247 836 1530 893 impossibile,

191 911 231 951 et
264 907 379 964 quid
421 922 471 950 ex
499 922 585 963 quo
616 907 858 951 necessario
895 911 1192 964 consequatur
1225 906 1359 950 ‘nouit
1391 906 1532 949 Altis-

21 996 63 1020 ιο
190 977 345 1027 cimus,
374 977 457 1033 qui
485 977 601 1020 eolus
629 977 788 1020 omnia
811 980 960 1033 potest.

135 1084 284 1127 Instas
302 1087 451 1128 tamen
471 1085 630 1136 dicens,
650 1085 735 1128 nisi
757 1085 954 1128 euenerit
973 1084 1140 1141 aliquid
1166 1084 1282 1140 quod
1302 1083 1534 1140 praeuidit,
1553 1094 1578 1122 e

79 1153 190 1196 illud
218 1156 338 1196 certa
365 1153 683 1210 significatione
713 1154 1014 1210 complectens,
1043 1152 1160 1196 forte
1190 1153 1382 1209 lapidem
1417 1167 1535 1196 reca-

81 1236 234 1265 surum
262 1221 309 1263 in
338 1224 514 1272 terram,
534 1222 708 1265 fallitur
727 1223 966 1279 dispositio.
1025 1222 1142 1274 Quia
1171 1236 1275 1279 ergo
1305 1221 1417 1278 lapis
1446 1236 1537 1264 non

82 1290 272 1334 recidere
291 1293 447 1347 potest,
462 1291 586 1334 iubes
601 1306 671 1334 me
686 1291 740 1334 de
755 1291 926 1334 duobus
941 1291 1112 1348 eligere,
1128 1305 1315 1347 quorum
1330 1293 1539 1333 neutrum

0 1373 66 1416 ,¹5
84 1359 374 1402 communiter
401 1360 682 1416 approbatur,
704 1363 757 1402 ut
785 1360 857 1402 uel
887 1360 1032 1402 fatear
1060 1359 1385 1416 prouidentiam
1414 1374 1540 1416 posse

85 1426 194 1477 falli,
209 1427 326 1483 quod
343 1428 452 1471 fides
472 1429 690 1479 abhorret,
705 1429 788 1479 uel,
802 1429 918 1485 quod
939 1429 1151 1472 absonum
1172 1431 1249 1478 est,
1267 1443 1323 1471 ex
1342 1428 1540 1485 possibili

84 1495 350 1552 impossibile
361 1498 663 1540 consecutione
679 1513 785 1540 uera
796 1497 1065 1541 consentiam
1078 1497 1264 1540 euenire.
1295 1497 1542 1554 Angustiae

86 1563 263 1620 quidem
297 1568 403 1607 sunt
440 1566 660 1622 undique3
700 1567 813 1616 hinc,
845 1581 900 1609 ne
939 1566 1137 1608 diuinam
1171 1567 1369 1609 minuam
1407 1568 1540 1610 maie·

85 1635 270 1683 statem3
298 1633 412 1683 inde,
431 1648 487 1676 ne
515 1635 756 1677 multorum
785 1635 1048 1678 clamoribus
1078 1638 1124 1677 et
1153 1636 1408 1685 sententiae,
1429 1650 1542 1692 quae

28 1719 72 1744 ιο
87 1701 176 1743 iam
210 1700 303 1744 fere
335 1703 539 1746 omnibus
576 1718 785 1760 persuasa
823 1707 901 1754 est,
940 1704 1250 1747 contradicam.
1311 1703 1399 1747 Sed
1439 1704 1544 1760 quia

87 1769 244 1812 melius
262 1773 330 1812 est
348 1771 538 1814 incidere
557 1772 605 1813 in
624 1772 799 1829 linguas
818 1773 1046 1815 hominum
1067 1788 1198 1829 quam
1219 1773 1353 1829 impie
1374 1773 1543 1815 uersari

87 1837 137 1879 in
164 1837 319 1888 Deum,
350 1839 388 1881 si
415 1843 652 1896 utrumque
685 1841 828 1884 uitare
862 1856 952 1884 non
985 1856 1174 1897 possum,
1204 1842 1393 1884 absonus
1426 1841 1543 1884 malo

88 1905 231 1948 uideri
250 1920 382 1962 quam
402 1908 606 1963 perfidus.
654 1909 864 1951 Nondum
884 1910 1046 1952 etenim
1065 1910 1268 1952 omnibus
1283 1925 1540 1965 persuasum
1557 1909 1586 1948 d

91 1976 159 2016 est
185 1973 302 2029 quod
326 1989 383 2016 ex
408 1975 603 2031 possibili
628 1976 894 2032 impossibile
921 1992 1009 2019 non
1033 1981 1255 2033 sequatur.
1316 1978 1433 2020 Nam
1462 1979 1544 2021 hoc

34 2059 74 2093 ²5
92 2042 293 2084 nonnulli
324 2043 567 2099 recipiunt3
596 2044 672 2086 sed
699 2059 757 2086 an
783 2047 910 2095 recte,
930 2044 1126 2088 uiderint
1151 2046 1235 2102 ipsi
1266 2049 1310 2088 et
1339 2046 1546 2089 iudicent.

93 2110 156 2153 At
186 2113 240 2153 ut
270 2125 326 2153 ex
357 2125 463 2154 uero
492 2111 654 2154 falsum
682 2116 903 2168 sequatur,
932 2127 1060 2155 nemo
1088 2114 1262 2170 sapiens
1293 2114 1547 2170 adquiescit.

92 2178 258 2220 Verum
278 2178 494 2235 siquidem
517 2194 573 2222 ex
592 2180 705 2223 falso
724 2181 923 2236 sequitur
942 2184 987 2223 et
1012 2196 1129 2232 uero,
1149 2182 1225 2224 sed
1246 2197 1302 2224 ex
1325 2197 1431 2224 uero
1458 2197 1548 2225 non

92 2246 180 2289 nisi
208 2261 375 2290 uerum.
436 2247 505 2289 Ex
534 2249 729 2304 possibili
760 2264 930 2305 quoque
960 2253 1006 2292 et
1034 2250 1291 2306 impossibili
1323 2251 1547 2293 interdum

93 2315 298 2372 possibile
318 2316 541 2371 sequitur3
570 2331 658 2358 non
685 2320 833 2359 tamen
860 2332 915 2359 ex
940 2318 1095 2373 quouis
1122 2318 1379 2374 impossibili
1399 2318 1548 2360 omnia

0 2381 2 2418 ἰ
38 2402 82 2436 30
96 2383 392 2440 impomibilia.
454 2384 554 2426 Nisi
575 2384 690 2427 forte
709 2385 830 2427 aliud
851 2386 932 2427 tibi
953 2387 1249 2440 persuaserint
1268 2387 1345 2436 illi,
1362 2402 1548 2443 quorum

96 2451 135 2495 si
168 2451 315 2495 omnia
343 2466 450 2494 uera
478 2455 594 2503 sunt,
624 2468 680 2496 ex
708 2467 797 2496 uno
828 2453 1097 2510 impossibili,
1126 2457 1372 2510 sequuntur
1400 2455 1550 2497 omnia

98 2580 122 2616 9
145 2571 407 2627 consequatur]
426 2583 489 2617 seq
490 2571 593 2607 uitur
609 2570 633 2607 S
652 2572 692 2606 in
707 2572 806 2606 rubr
826 2582 901 2616 cap.
915 2572 1036 2617 praef.
1191 2582 1236 2609 10
1260 2572 1387 2610 omnia
1402 2573 1502 2610 solus
1516 2574 1549 2610 A

98 2619 140 2652 in
155 2619 237 2654 indi
224 2630 272 2654 we
289 2618 354 2664 qui
370 2618 500 2654 omnia
515 2619 614 2655 solus
630 2620 754 2664 potest
770 2629 836 2654 om.
858 2617 881 2653 S
900 2619 939 2653 in
955 2619 1052 2655 rubr.
1069 2630 1147 2665 cap.
1156 2622 1278 2666 praef.

148 2734 170 2760 2
185 2725 311 2768 filium
335 2728 508 2762 tonitrui:
540 2738 572 2762 v.
591 2725 705 2762 Marc.
732 2724 787 2760 iii.
817 2734 869 2770 17.
1060 2736 1081 2772 3
1105 2728 1197 2774 quod
1208 2729 1352 2773 factum
1376 2734 1426 2764 est
1449 2731 1520 2766 etc.
1541 2742 1548 2765 :

100 2770 234 2808 Ioann.
250 2770 276 2808 i.
293 2782 325 2818 3,
341 2783 376 2817 4.

158 2849 239 2869 mn
800 2840 828 2868 B
1379 2846 1438 2870 121
