1878 3172
52 164 304 227 omnm]
572 163 1006 210 POLICRATIovs

242 336 349 395 Cap.
372 346 439 392 17.
487 334 814 380 Coniectomlam
841 348 937 378 non
964 349 1046 379 esse
1073 335 1355 392 sequendam.

126 446 216 490 Sed
234 446 342 489 dum
366 446 449 489 1188
473 445 768 489 coniectorum
794 443 1055 487 traditiones
1081 443 1351 500 exequimur,
1370 456 1526 486 uereor

29 570 34 574 ᾖ
67 529 125 559 118
144 515 304 559 merito
322 529 412 557 non
430 517 524 557 tam
543 513 851 557 coniectoriam
871 512 1040 568 exequi,
1061 526 1173 569 quae
1192 514 1272 554 aut
1297 511 1421 554 nulla
1446 514 1527 554 aut

39 589 45 594 '
68 584 215 627 inanis
243 598 316 627 ars
345 586 423 634 est,
442 597 575 639 quam
604 582 842 625 dormitare
869 581 1111 624 uideamur.
1171 581 1380 637 Quisquis
1410 580 1527 623 enim

31 667 52 703 5
69 653 339 696 somniorum
358 652 559 708 sequitur
576 650 834 700 uanitatem,
853 664 1010 707 parum
1030 650 1077 692 in
1103 649 1200 707 lege
1226 649 1311 692 Dei
1335 649 1528 706 uigilans

69 724 149 772 est,
174 724 220 764 et
244 721 350 764 dum
378 720 481 763 fidei
508 718 620 762 facit
644 718 933 776 dispendium,
959 718 1323 775 perniciosissime
1352 718 1528 761 dormit.

68 789 246 834 Veritas
275 789 492 846 siquidem
526 789 583 831 ab
613 802 665 831 eo
697 788 827 845 longe
861 787 981 830 facta
1010 791 1088 838 est,
1116 802 1197 831 nec
1226 802 1323 830 eam
1351 786 1526 830 facilius

1538 171 1622 213 433
1640 163 1669 203 d

68 861 217 916 potest
245 858 571 916 apprehendere
597 872 729 914 quam
755 857 955 900 urionem
981 871 1233 914 expungere
1262 857 1334 900 uel
1360 859 1524 914 puncto
1539 871 1622 910 434
1642 871 1672 900 a

69 941 224 972 curare
245 927 488 971 cart-,ineam
515 926 591 983 qui
614 925 907 983 caligantibus
926 925 1063 968 oculis
1093 926 1140 967 in
1160 925 1342 968 meridie
1361 925 1526 982 palpat.

13 1008 56 1034 10
72 995 132 1039 Et
159 996 262 1039 licet
290 995 397 1038 haec
426 995 748 1052 sompnolentia
775 994 983 1051 perfidiae
1012 995 1072 1037 sit
1100 994 1203 1037 fidei
1232 994 1424 1037 stimulis
1453 1008 1527 1036 ex·

70 1064 259 1115 citanda,
299 1067 345 1107 et
381 1063 585 1107 maleficii
632 1063 781 1120 potius
829 1078 961 1119 quam
1007 1063 1183 1106 artificii
1227 1062 1531 1120 impugnanda

70 1133 229 1184 illusio,
259 1132 438 1175 diuinae
470 1135 621 1175 tamen
654 1132 825 1189 gratiae
859 1131 1159 1188 dispositionis
1192 1146 1297 1174 suae
1330 1146 1420 1174 non
1453 1131 1529 1174 ob-

71 1201 285 1246 struimus
302 1202 411 1252 uias,
430 1216 520 1244 non
538 1201 861 1258 praecludimus
885 1200 1075 1250 semitas,
1096 1200 1203 1256 quin
1231 1200 1426 1257 Spiritus
1451 1199 1530 1242 ubi

22 1291 28 1295 ·
72 1271 174 1314 uult
197 1270 336 1328 spiret
362 1273 408 1313 et
433 1284 515 1327 pro
537 1269 723 1312 arbitrio
742 1283 822 1312 suo
841 1269 1049 1312 subiectis
1072 1269 1295 1312 mentibus
1320 1268 1532 1312 infundat

14 1356 56 1392 15
73 1339 320 1383 ueritatem.
377 1339 543 1382 Verum
578 1335 778 1395 quisquis
812 1338 1118 1381 credulitatem
1153 1353 1279 1381 suam
1313 1338 1530 1396 significa-

72 1408 268 1452 tionibus
287 1408 443 1466 alligat
463 1408 743 1457 somniorum,
762 1407 943 1464 planum
964 1411 1031 1450 est
1057 1407 1161 1464 quia
1181 1410 1274 1450 tam
1301 1422 1328 1449 a
1354 1407 1530 1450 sinceri-

71 1480 167 1521 tate
203 1477 307 1520 fidei
346 1491 479 1534 quam
517 1491 546 1519 a
583 1476 763 1519 tramite
802 1477 987 1519 rationis
1026 1476 1259 1519 exorbitat.
1319 1476 1454 1519 Plane
1492 1476 1531 1519 si

73 1559 216 1590 sermo
241 1545 494 1604 proferatur
516 1546 750 1603 ambiguus
779 1548 825 1588 et
851 1546 976 1588 cuius
1002 1545 1169 1588 multae
1195 1545 1287 1588 sint
1312 1545 1532 1602 significa—

73 1615 228 1666 tiones,
255 1629 401 1658 nonne
431 1611 590 1658 merito
620 1629 778 1672 parum
807 1614 962 1658 doctus
990 1614 1218 1657 uidebitur
1248 1614 1447 1671 quisquis
1477 1629 1532 1657 ex

14 1697 58 1722 το
75 1694 127 1728 eo
162 1675 276 1728 citra
313 1683 625 1727 discussionem
667 1698 874 1726 sensuum
912 1683 997 1726 sibi
1046 1683 1214 1740 aliquid
1263 1684 1532 1740 pertinacius

5 1755 11 1759 ’
73 1753 309 1797 suadebit?
384 1752 585 1795 Profecto
618 1767 765 1795 rerum
798 1752 1007 1802 omnium,
1045 1755 1098 1794 ut
1139 1752 1414 1809 praedictum
1454 1755 1531 1803 est,

73 1821 310 1879 multiplex
347 1823 415 1864 est
463 1823 510 1864 et
556 1820 683 1863 uaria
720 1821 995 1878 significatio.
1074 1821 1387 1878 Multiplicium
1426 1835 1533 1864 uero

75 1890 303 1934 distinctio
330 1890 518 1946 diligens
546 1889 750 1932 habenda
778 1892 856 1939 est,
885 1904 941 1932 ne
976 1889 1093 1932 forte
1123 1889 1230 1932 dum
1263 1904 1399 1931 unam
1434 1890 1532 1932 dili-

75 1959 254 2017 gentius
273 1958 478 2015 sequeris,
497 1958 545 1999 in
565 1957 698 2000 aliam
723 1958 917 2000 deterius
943 1958 1197 2015 prolabaris.
1256 1958 1383 2000 Vnde
1410 1962 1534 2014 patet

16 2035 59 2077 ³5
77 2027 400 2076 coniectorium,
428 2026 504 2082 qui
530 2026 707 2068 nomine
733 2026 931 2068 Danielis
960 2026 1227 2078 inscribitur,
1255 2027 1534 2069 auctoritatis

77 2098 124 2140 et
151 2095 356 2139 ueritatis
385 2095 540 2138 robore
578 2094 853 2144 destitutum,
884 2109 984 2138 cum
1014 2109 1084 2137 res
1118 2095 1315 2151 singulas
1346 2095 1534 2152 singulis

74 2164 471 2222 significationibus
519 2166 664 2216 arcet3
696 2156 699 2159 ’
722 2163 778 2206 (18
826 2163 986 2219 quibus
1033 2178 1124 2206 non
1171 2163 1351 2206 uidetur
1398 2163 1534 2207 latius

79 2276 98 2314 5
124 2267 380 2315 sompniornm
397 2266 482 2320 AM·
548 2312 557 2320 ·
659 2276 704 2303 10
727 2265 984 2303 somnolentia
1001 2264 1026 2301 S
1208 2266 1252 2302 16
1276 2265 1534 2312 sompniorum

75 2314 151 2350 AM
292 2324 336 2360 25
362 2315 578 2350 autoritatis
592 2312 627 2348 A

123 2408 146 2443 8
169 2408 355 2442 nar-ionem:
381 2404 474 2450 quid
496 2404 688 2451 significet
709 2406 801 2446 urio,
825 2403 973 2446 118801ος
999 2415 1090 2440 118111
1110 2403 1215 2440 locus
1235 2405 1365 2440 Polior.
1381 2403 1407 2440 i.
1426 2413 1444 2451 5
1468 2405 1535 2441 ubi

75 2453 187 2490 ludus
202 2452 356 2499 quidam
372 2455 454 2488 un'o
469 2453 622 2488 vocatur
636 2451 734 2487 nihil
750 2452 799 2487 ad
815 2463 896 2487 rem
912 2451 1038 2487 habet.
1142 2461 1165 2496 9
1187 2453 1407 2493 carcineam3
1432 2452 1535 2489 haud

76 2500 209 2537 dubito
228 2500 322 2546 qm’n
340 2500 413 2535 1100
434 2499 655 2535 vocabulum
678 2498 780 2534 idem
803 2499 902 2544 quod
922 2500 1125 2534 carcinoma
1141 2497 1340 2544 significet.
1390 2498 1534 2536 Forsan

8 2591 10 2593 Ι
75 2550 159 2583 urio
183 2547 300 2583 etiam
325 2546 427 2592 apud
450 2545 616 2582 medicos
640 2546 804 2591 speciem
829 2546 1019 2590 quandam
1044 2545 1202 2581 tumoris
1225 2545 1387 2581 morbidi
1412 2545 1534 2601 desig-

75 2593 192 2630 navit.
241 2593 443 2629 Sententia
467 2592 593 2628 Nostri
621 2592 836 2628 huiusmodi
860 2603 936 2628 esse
961 2592 1131 2629 videtur:
1155 2591 1273 2628 Nemo
1298 2593 1364 2638 qui
1388 2605 1535 2631 somma

77 2640 251 2686 sequitur
266 2639 417 2676 &cilius
432 2639 630 2676 veritatem
653 2639 937 2685 apprehendere
960 2651 1073 2685 quam
1096 2650 1230 2675 caecus
1251 2642 1373 2676 artem
1390 2640 1534 2677 chirur-

77 2686 202 2734 gicam
217 2698 389 2724 exercere
404 2689 542 2733 potest.
681 2697 721 2731 13
747 2687 906 2732 Spiritus
922 2688 1008 2723 ete:
1031 2686 1164 2723 Ioann.
1180 2685 1234 2722 iii.
1250 2688 1283 2723 8.
1426 2698 1466 2724 21
1494 2693 1536 2724 ut

72 2736 300 2780 mediatum
316 2739 389 2769 est:
412 2746 445 2770 v.
464 2745 579 2780 supra
594 2735 722 2770 Polior.
738 2732 777 2768 ii.
799 2742 839 2779 15
859 2736 941 2768 init.
962 2734 1049 2779 (499
1059 2735 1119 2778 A).
1216 2742 1259 2780 25
1285 2735 1537 2771 coniectorfum

81 2783 175 2819 eta:
201 2780 286 2816 vide
300 2779 515 2817 Fabricium
535 2781 618 2817 Cod.
629 2782 860 2827 pseudepiqr.
881 2781 921 2817 V.
943 2781 983 2817 Τ.
999 2780 1024 2816 1.
1042 2792 1104 2827 pp.
1126 2790 1217 2826 1130
1228 2791 1331 2827 seqq.

125 2852 206 2871 mn
794 2849 820 2877 0
1382 2851 1426 2888 97

1548 1762 1577 1800 b
