1878 3172
152 179 232 219 532
253 181 278 209 c
617 175 682 220 10
683 177 878 224 ANNIS
913 162 1392 209 ARESBERIENSIS
1541 163 1654 227 [mn.
1668 178 1719 211 tv
1790 132 1796 184 Ψ

252 303 276 331 c
295 289 523 336 uidebitur
560 294 784 350 dimum,
818 298 910 344 sjea
947 283 1090 327 fidelis
1129 287 1176 328 et
1213 288 1427 343 perpetua
1464 286 1614 330 anima
1651 290 1720 331 est
1805 334 1807 339 ,

294 361 572 414 quantolibet
605 366 802 424 tempore
826 367 975 396 menso
1010 353 1235 397 caritura?
1297 354 1386 398 Sed
1425 369 1506 413 ego
1543 356 1592 398 in
1625 356 1720 400 loco
1808 397 1809 401 ,
1872 348 1875 352 ’

291 427 389 479 isto,
416 433 469 473 uf,
497 434 647 477 tamen
675 436 770 480 sine
788 422 1033 465 ,raeiudicio
1062 423 1307 466 sententiae
1336 424 1523 468 sanioris
1551 425 1720 468 dictum
1809 427 1817 433 ⁴

290 485 580 556 intellig-amr,
620 491 958 562 long-iruemporis
997 506 1184 549 regnum
1222 492 1309 535 dici
1347 493 1540 537 arbitror
1580 494 1720 551 ipsius
1868 487 1869 495 ¹

288 566 462 611 ammae
490 570 749 616 indeficiers
778 563 942 603 etatem
978 575 1112 617 quam
1147 575 1228 617 pro
1257 561 1366 604 bene
1395 563 1720 606 amministrato
1738 580 1759 615 5
1810 617 1821 623 y
1847 563 1869 601 ,2

287 649 424 693 regno
463 642 641 685 eternae
675 629 933 685 patitudinis
971 630 1114 687 gloria
1151 630 1389 674 coronabit.
1449 630 1563 675 Cum
1602 632 1720 675 enim

285 708 456 749 cert-,um
487 709 547 753 git,
582 723 669 768 qua
701 698 822 742 Deus
856 699 1158 743 remunerabit
1195 714 1328 757 opera
1366 700 1641 758 singulorum
1675 705 1721 745 et
1827 758 1830 764 Ι

285 776 484 819 omnium
525 778 573 821 in
607 768 880 822 rrsericordia
909 768 1034 811 uberi
1070 769 1143 812 uel
1172 769 1346 812 iustitia
1373 770 1572 827 pleniori,
1612 785 1722 828 quos
1814 772 1823 797 >'

282 843 449 889 lumine
470 847 616 891 clm-isi
637 838 841 895 respiciet
867 853 1000 895 quam
1027 838 1126 881 illos
1147 838 1223 895 qui
1243 853 1394 882 omnes
1420 839 1478 882 ad
1500 840 1720 883 iustitiam
1811 827 1814 831 ¹
1847 833 1862 888 ‚³

282 919 489 959 exercent
529 924 574 960 vi
612 922 760 950 secum
799 910 1036 950 traxerunt
1075 908 1130 950 ad
1170 910 1388 951 mortem?
1451 908 1577 952 Sicut
1616 924 1720 967 ergo
1740 927 1780 952 ιο
1814 911 1834 945 ’ἰ
1858 914 1878 969 J

280 985 483 1038 potent-,es
503 978 684 1042 ptenter
706 979 930 1020 tormenta
955 977 1195 1034 patientur,
1214 977 1276 1020 sic
1303 980 1349 1021 et
1374 977 1573 1021 iustitiae
1595 993 1720 1036 prae·
1806 994 1842 1038 ·

280 1051 381 1095 miis
421 1048 606 1097 fmntur
643 1045 828 1103 plenius,
869 1046 907 1088 si
947 1049 1064 1089 recte
1103 1046 1381 1090 exercuerint
1418 1050 1722 1104 potentatum;
1803 1047 1817 1080 -’
1844 1045 1873 1084 ἶ·

231 1122 259 1161 d
280 1123 324 1163 ef,
344 1123 496 1166 tantm
516 1115 564 1157 in
584 1114 739 1158 futuro
758 1130 865 1173 prae
885 1115 1075 1158 subditis
1095 1116 1323 1159 habebunt
1341 1116 1539 1173 gloriam,
1554 1120 1723 1174 quanta

277 1190 431 1234 uiri-,ub
458 1198 531 1227 eos
571 1185 619 1226 in
651 1199 814 1242 magna
848 1185 1134 1242 delinquendi
1168 1185 1348 1228 licentia
1380 1189 1722 1242 praecesserunt.
1816 1235 1831 1246 „

277 1258 421 1310 Potut,
450 1253 609 1310 inquit,
639 1254 903 1312 transgredi,
934 1256 979 1296 et
1008 1268 1097 1296 non
1128 1257 1195 1297 est
1223 1256 1547 1312 transgressum
1579 1254 1723 1298 facere
1741 1269 1780 1304 15

273 1330 385 1374 mala,
398 1326 443 1366 et
462 1338 552 1366 non
564 1323 695 1376 fecit3
716 1323 814 1366 ideo
834 1324 1035 1366 stabilita
1058 1326 1164 1366 sunt
1179 1324 1295 1366 bona
1314 1323 1434 1367 illius
1453 1323 1501 1366 in
1521 1323 1723 1368 Domino.
1767 1329 1769 1332 “
1876 1339 1878 1342 ’

273 1398 341 1441 A&
370 1393 589 1435 iustitiam
635 1408 825 1450 namque
864 1393 1138 1450 principibus
1177 1396 1412 1450 reputatur
1450 1393 1584 1436 etiam
1623 1408 1724 1437 cum
1784 1431 1799 1442 ,,
1818 1386 1827 1438 J

271 1465 507 1519 tsmperant
554 1462 611 1505 ab
659 1462 861 1515 iniuriis3
911 1466 956 1505 et
996 1462 1186 1506 facultas
1225 1463 1509 1519 delinquendi
1548 1465 1616 1506 est
1661 1463 1725 1507 eis
1876 1519 1878 1521 ι

262 1531 443 1574 nateria
482 1531 752 1574 meritorum.
826 1531 1058 1575 Declinare
1101 1546 1128 1574 a
1166 1531 1283 1574 malo
1322 1532 1370 1574 in
1409 1532 1472 1575 eis
1511 1547 1723 1590 magnum
1807 1535 1821 1571 J
1848 1531 1871 1589 ’

256 1603 336 1653 est,
357 1600 531 1643 etiamsi
556 1615 720 1658 magna
745 1601 861 1643 bona
887 1616 976 1643 non
1009 1600 1192 1651 faciunt,
1213 1601 1320 1643 dum
1345 1603 1495 1644 tamen
1522 1602 1723 1646 subditos
1740 1618 1782 1641 πο
1812 1599 1838 1662 ’,υ
1855 1609 1858 1612 ·

256 1669 536 1727 indulgentia
564 1670 782 1712 malorum
812 1685 901 1713 non
930 1670 1163 1727 perimant.
1223 1670 1383 1713 Nonne
1412 1685 1625 1728 magnum
1656 1674 1724 1715 est
1824 1712 1832 1724 ,Α
1863 1675 1866 1682 ’

257 1739 375 1795 quod
420 1739 711 1782 beatitudinis
751 1754 885 1795 quam
934 1739 1096 1782 habere
1142 1739 1364 1791 uidentur,
1409 1740 1483 1792 eis,
1522 1740 1560 1783 si
1606 1743 1724 1784 recte
1812 1759 1834 1783 ,».·

257 1808 440 1865 egerint,
460 1809 740 1865 promittitur
769 1808 1076 1851 continuatio?
1135 1808 1412 1865 Impossibile
1441 1809 1598 1853 dicunt
1627 1810 1723 1866 qui·
1821 1795 1824 1806 ⁹

257 1877 360 1920 dam
401 1880 447 1920 et
485 1878 556 1921 hic
594 1878 749 1920 florere
789 1892 890 1921 cum
930 1877 1096 1921 mundo
1129 1880 1176 1921 et
1214 1879 1261 1920 in
1296 1880 1498 1921 eternum
1531 1879 1724 1936 gaudere
1828 1926 1833 1934 ,-

257 1961 358 1989 cum
379 1946 581 1999 Christo;
611 1950 656 1990 et
682 1947 903 1990 sententia
928 1947 1105 2003 quidem
1131 1962 1238 1990 uera
1264 1950 1342 1998 est,
1363 1947 1400 1990 si
1427 1947 1545 1990 inter
1567 1948 1723 1991 mundi
1742 1965 1782 1998 25
1828 1942 1830 1947 ’

257 2016 386 2059 flores
421 2019 598 2073 reputes
627 2017 843 2060 lenocinia
873 2017 1097 2060 uitiorum,
1156 2017 1297 2074 Atqui
1331 2020 1378 2060 et
1411 2032 1536 2075 reges
1568 2018 1724 2062 florere

115 2101 193 2140 533
213 2101 241 2129 a
259 2089 444 2142 possunt
479 2089 524 2129 et
558 2085 853 2129 mundialium
886 2087 1046 2129 florum
1081 2087 1356 2130 dulcissimos
1387 2089 1433 2129 et
1466 2086 1724 2130 utilissimos

259 2155 306 2196 in
327 2158 528 2198 eternum
553 2170 731 2212 carpere
760 2155 943 2199 fructus.
1005 2156 1124 2208 Quid
1143 2158 1293 2198 autem
1313 2155 1485 2198 beatius
1505 2158 1572 2198 est
1591 2170 1724 2212 quam

258 2224 295 2266 si
326 2225 380 2267 de
410 2225 582 2267 diuitiis
611 2225 669 2267 ad
699 2225 893 2276 diuitias,
921 2225 975 2268 de
1005 2224 1173 2268 deliciis
1203 2225 1260 2267 ad
1287 2224 1476 2277 delicias,
1503 2224 1557 2267 de
1583 2224 1725 2282 gloria

258 2293 316 2335 ad
354 2293 542 2350 gloriam
581 2294 802 2351 principes
841 2293 1182 2345 transferantur,
1217 2294 1272 2336 de
1311 2293 1628 2350 temporalibus
1666 2293 1724 2337 ad
1740 2311 1784 2343 30
1818 2297 1878 2351 t‘jfg

260 2365 443 2406 eterna?

263 2490 280 2527 5
308 2481 547 2519 aministrato
564 2482 621 2518 B:
648 2482 913 2520 administrato
932 2481 956 2518 S

312 2600 350 2626 11
372 2595 533 2644 potenpes
548 2593 619 2645 etc.
637 2602 645 2627 :
673 2590 760 2639 Sap.
776 2592 824 2628 vi.
842 2588 886 2637 7’;
911 2591 959 2628 cf.
977 2602 1091 2638 supra
1107 2603 1139 2647 c.
1158 2591 1181 2627 6
1199 2590 1284 2636 (524
1295 2589 1345 2635 c).
1535 2599 1575 2637 15
1602 2592 1724 2627 Potuit
1818 2623 1819 2626 ,

262 2638 359 2690 etc:
387 2637 502 2674 Ecch.
521 2649 621 2675 xxxi.
644 2650 697 2684 10,
718 2650 771 2676 11.
958 2649 1001 2685 19
1027 2640 1218 2675 Declmare
1239 2649 1263 2674 α
1285 2638 1380 2673 malo
1398 2639 1493 2675 etc.:
1518 2649 1551 2674 v.
1581 2647 1596 2674 1
1623 2637 1724 2675 Petr.
1806 2643 1822 2684 }-'

262 2696 316 2720 1u.
337 2694 389 2720 11.

374 2862 440 2896 268
