1878 3172
83 158 182 192 mr.
197 144 268 208 nr]
589 146 989 193 POLICRATICV
991 147 1024 190 S
1550 145 1676 200 4¹8.ss

82 281 130 311 se
155 267 324 320 asserit,
350 282 402 311 eo
427 267 546 324 quod
572 267 815 325 egredienti
835 267 1023 318 Lucifer,
1050 267 1127 323 qui
1153 269 1199 309 et
1217 266 1381 320 Venus,
1405 266 1543 309 donec

55 336 142 383 ..ad
167 336 347 380 Italiam
374 337 638 394 perueniret,
664 336 920 394 apparuerit
947 336 1206 393 auspicanti.

327 427 539 472 Defectus
568 428 672 471 solis
701 428 848 471 uarios
876 428 1094 485 lunaeque
1123 427 1294 470 labores

39 547 44 552 ·
82 532 231 562 rerum
251 519 483 562 euentibus
502 519 733 562 curiositas
752 519 948 562 humana
965 521 1154 576 coaptat.

45 695 66 729 5
204 671 309 729 Cap.
339 686 380 725 4.
428 673 492 715 De
520 671 666 728 siy‘nis
693 686 808 727 quae
829 675 1165 727 praecessemnt
1194 671 1426 715 excidium

427 740 848 784 Ierosolimitanum
876 740 1195 783 nouissimwm.

139 843 281 886 Vetus
299 842 438 885 refert
457 842 642 885 historia
661 841 741 900 (sic
761 842 880 885 dicta
900 842 1017 899 quod
1032 846 1099 886 est
1114 846 1270 886 auctor
1288 843 1382 886 eius
1402 843 1539 886 incer-

83 914 169 964 tus,
189 915 235 954 et
257 914 410 954 uetera
436 910 590 969 refert)
620 910 736 967 quod
766 911 1023 954 imminente
1042 912 1397 954 Ierosolimorum
1424 913 1539 955 exci-

82 981 158 1024 dio
176 980 349 1038 eclipsis
374 981 505 1022 lunae
534 994 614 1037 per
636 979 865 1022 duodecim
894 982 1043 1022 noctes
1070 980 1301 1023 continuas
1326 981 1461 1023 etiam
1491 982 1539 1023 in

26 1063 68 1088 10
83 1049 386 1092 remotissimis
414 1049 520 1091 locis
548 1052 774 1105 protracta
802 1051 880 1100 est,
906 1048 1022 1091 forte
1052 1049 1303 1106 significans
1333 1050 1539 1093 Iudaicae

82 1118 292 1176 perfidiae
321 1121 367 1161 et
395 1117 688 1174 superstitiosi
719 1118 878 1160 erroris
905 1118 1187 1168 mersionem,
1216 1133 1329 1174 quae
1358 1118 1539 1162 Christo

82 1201 162 1244 per
179 1187 549 1244 praedicationem
575 1186 858 1243 apostolicam
887 1187 1052 1229 mundo
1081 1187 1358 1230 illucescente
1383 1188 1535 1231 rectis-

82 1256 191 1299 sime
228 1256 426 1313 contigit.
485 1255 710 1312 Scriptum
745 1258 812 1298 est
845 1256 986 1298 enim:
1031 1256 1206 1299 Stultus
1244 1259 1447 1299 mutatur
1484 1259 1536 1300 ut
1554 1254 1585 1294 d

82 1324 200 1377 luna,
220 1325 394 1383 sapiens
417 1339 524 1368 uero
550 1339 651 1367 cum
674 1324 764 1367 sole
791 1328 1030 1381 permanet.
1089 1325 1192 1367 Alia
1212 1340 1384 1382 quoque
1404 1341 1536 1382 quam

26 1403 66 1438 ¹5
82 1394 284 1451 plurima,
302 1394 455 1436 diuino
474 1408 606 1450 super
625 1393 871 1436 incredulos
898 1393 1155 1436 imminente
1181 1394 1354 1444 iudicio,
1373 1395 1538 1437 accide-

82 1466 200 1514 runt,
220 1477 332 1520 quae
355 1463 393 1506 si
412 1477 492 1519 per
510 1462 696 1519 singula,
716 1466 848 1519 prout
868 1463 925 1505 ab
945 1463 1197 1505 auctoribus
1220 1463 1392 1519 digesta
1421 1467 1538 1514 sunt,

82 1545 264 1588 coepero
292 1546 508 1581 enarrare,
527 1531 600 1573 uel
629 1531 722 1573 sola
742 1531 849 1574 haec
869 1531 1096 1588 proprium
1117 1534 1292 1587 tempus
1318 1531 1536 1574 desidera-

82 1599 196 1643 bunt
215 1602 260 1642 et
278 1600 430 1642 otium.
488 1599 633 1642 Pauca
652 1602 802 1642 tamen
829 1602 1006 1642 auctore
1026 1600 1213 1656 Iosepho
1232 1601 1538 1657 compendioso

82 1682 280 1711 sermone
299 1683 563 1725 percurram,
583 1682 634 1710 eo
654 1668 771 1724 quod
790 1668 847 1710 ad
867 1668 1158 1710 roborandam
1181 1668 1313 1711 fidem
1341 1673 1538 1711 nostram

23 1749 67 1774 ²0
83 1737 320 1794 proficiunt
348 1740 393 1780 et
420 1737 477 1779 ad
500 1737 822 1779 retundendam
849 1737 1118 1779 obstinatam
1148 1738 1378 1793 perfidiam
1408 1738 1538 1781 Iude-

82 1819 220 1848 orum.
298 1805 604 1861 Quadraginta
645 1820 835 1861 namque
881 1808 982 1862 post
1028 1806 1270 1848 admissum
1315 1806 1538 1862 piaculum

82 1874 303 1917 continuis
341 1877 565 1930 protracta
603 1875 733 1916 annis
767 1875 1003 1931 impiorum
1041 1889 1156 1931 pena
1195 1875 1408 1918 differtur.
1482 1876 1538 1918 In

83 2007 105 2033 2
129 1996 308 2043 apparuit
323 1996 364 2032 M
481 1998 504 2033 6
528 1997 900 2033 Hierosolimitanum
919 1996 943 2032 S
963 2000 1003 2033 in
1019 2000 1117 2034 rubr.
1134 2010 1211 2043 cap.
1223 2000 1406 2043 praefixa.
1517 2007 1538 2042 7

82 2044 251 2090 hystoria
267 2044 307 2079 M
448 2054 471 2089 9
496 2043 654 2091 eclypsis
670 2044 710 2079 M
804 2044 869 2079 xii.
887 2043 954 2079 SM
1098 2055 1137 2081 11
1164 2047 1203 2080 et
1219 2057 1287 2081 om.
1305 2045 1345 2080 M

81 2152 240 2190 Veneris
255 2152 374 2192 stella„
389 2154 542 2189 auctore
557 2152 732 2197 Varrone,
748 2151 1025 2197 interpretatur
1042 2151 1190 2189 Servius
1206 2152 1247 2187 in
1263 2152 1333 2188 loc.
1431 2162 1451 2196 3
1468 2153 1538 2187 De-

72 2203 194 2247 fectus
208 2202 302 2237 etc.:
321 2200 432 2253 Verg.
449 2200 571 2244 Geory.
586 2198 626 2236 ii.
638 2202 718 2243 478.
814 2208 834 2243 7
863 2201 968 2234 Vetus
983 2201 1154 2235 historia:
1179 2201 1335 2234 Veterem
1350 2200 1538 2235 historiam

82 2248 129 2284 de
146 2246 357 2283 Herodiade
374 2248 471 2282 citat
488 2246 738 2291 Hieronymus
755 2245 795 2280 in
812 2245 922 2282 Matt.
936 2245 1007 2289 xiv,
1021 2257 1131 2290 quem
1146 2248 1354 2291 sequuntur
1365 2245 1538 2291 plerique

82 2294 201 2331 medii
225 2293 307 2330 aevi
333 2295 659 2336 commentatores,
687 2296 732 2338 ut
766 2293 877 2334 Beda,
912 2293 1087 2328 Rabanus
1119 2293 1282 2334 Maurus,
1319 2292 1537 2328 Paschasius

82 2341 305 2382 Radbertus,
332 2340 534 2376 Anselmus
559 2339 835 2382 Laudunensis;
873 2339 937 2374 sed
962 2351 1081 2384 neque
1106 2340 1152 2375 de
1179 2339 1391 2375 Herodiade
1416 2351 1537 2384 neque

82 2388 130 2425 de
161 2387 295 2433 eclipsi
325 2387 437 2423 lunae
470 2386 657 2423 excidium
690 2386 1072 2430 Hierosolymitanum
1103 2387 1353 2432 praecedente
1386 2386 1537 2422 veritati

82 2446 245 2471 consona
271 2433 474 2471 narravisse
504 2434 651 2469 videtur
679 2435 811 2469 auctor
834 2431 1010 2469 incertus.
1174 2435 1195 2469 8
1220 2435 1425 2469 imminente
1442 2436 1537 2469 etc.:

82 2481 223 2517 Narrat
238 2481 381 2516 Plinius
398 2482 446 2516 H.
470 2482 515 2516 N.
540 2481 581 2516 ii.
603 2491 644 2516 10
662 2480 708 2520 (si
731 2480 855 2516 locum
880 2483 983 2516 recte
999 2479 1262 2525 intelligimus)
1280 2492 1379 2516 anno
1395 2492 1432 2526 p.>
1451 2480 1536 2517 Chr.

82 2537 140 2572 72,
171 2527 492 2573 triumphantibus
520 2533 603 2573 post
639 2527 783 2563 bellum
815 2526 1010 2562 Iudaicum
1041 2526 1267 2572 Vespasiano
1299 2529 1338 2563 et
1368 2527 1465 2570 Tito,
1498 2530 1537 2564 et

82 2575 199 2611 solem
223 2577 264 2611 et
287 2575 416 2610 lunam
440 2586 498 2610 xv·
514 2574 645 2610 diebus
664 2574 745 2615 (viz.
764 2574 868 2608 intra
888 2573 1106 2618 quindecim
1130 2573 1225 2618 dies)
1249 2573 1448 2615 defecisse3
1473 2574 1536 2611 hic

82 2621 216 2668 legunt
248 2622 423 2657 nonnulli
453 2624 511 2656 xii
540 2633 610 2667 pro
641 2634 697 2663 xc,
730 2632 809 2656 rem
839 2619 1050 2656 indicantes
1081 2632 1194 2665 quam
1231 2621 1341 2656 salvis
1379 2623 1536 2657 naturae

83 2667 231 2714 legibus
250 2668 332 2705 fieri
349 2680 425 2704 non
441 2680 547 2714 posse
564 2670 724 2704 constat.
890 2677 931 2712 13
955 2669 1094 2703 Stultus
1110 2670 1178 2703 etc.
1195 2681 1203 2702 :
1236 2681 1267 2703 v.
1287 2668 1536 2704 Ecclesiastic-

83 2714 196 2806 ixixirgi.
206 2725 270 2798 812.
411 2726 452 2752 21
484 2717 732 2760 Quadraginta
749 2742 758 2750 .
780 2741 787 2749 .
808 2741 816 2749 .
836 2725 956 2750 eorum
968 2716 1054 2760 (420
1065 2716 1122 2760 c):
1144 2714 1274 2751 Euseb.
1292 2728 1383 2752 vers.
1402 2715 1536 2751 Ruffin.

1385 2838 1426 2875 71
