1878 3172
109 119 201 182 '413
221 140 247 171 c
591 130 851 175 IOANNis
891 129 1404 174 SARESBERIENSIS
1574 128 1692 190 [nm
1708 138 1729 172 1

263 262 526 306 processum.
585 248 700 292 Cum
721 226 904 291 fortuna
923 262 1036 305 quae
1064 247 1237 305 Frigios
1256 248 1408 291 exules
1426 248 1586 292 liuenti
1606 247 1732 292 oculo

265 319 343 361 diu
354 319 688 381 perstrinxerat,
701 318 881 361 tandem
893 317 1140 374 benignius,
1153 317 1280 374 quasi
1291 318 1347 361 de
1357 317 1536 375 specula
1549 317 1733 375 gratiae,

264 388 540 445 respexisset,

322 475 399 517 olli
429 474 628 517 ceruleus
659 487 793 530 supra
821 475 957 530 caput
986 472 1133 515 astitit
1162 472 1316 517 imber.

267 566 418 609 Venus
437 565 657 623 naufrago
682 565 775 608 filio
804 565 922 622 apud
950 565 1170 608 Didonem
1197 565 1441 622 hospitium
1465 579 1735 623 praeparans
1754 584 1773 619 5
1818 599 1821 600 γ
1874 562 1875 566 ’

267 636 455 679 eundem
494 635 583 678 fido
622 636 761 678 Aeate
799 634 1071 686 comitatum,
1105 633 1212 677 dum
1251 634 1299 676 in
1333 635 1511 692 reginae
1544 634 1737 692 gratiam

268 705 580 756 introduceret,
604 719 715 747 caua
748 704 865 747 nube
897 703 1080 747 obtexit.
1147 702 1363 747 Tonitrua
1389 718 1563 761 quoque
1588 704 1738 747 uarias

269 775 436 817 habent
455 774 809 831 significationes.
869 773 919 816 Si
940 773 1057 815 enim
1085 773 1274 816 afferant
1301 787 1623 830 quamcumque
1649 772 1736 816 ful-

223 851 253 890 d
270 844 403 887 minis
423 844 643 894 lesionem,
663 843 863 886 infausta
882 845 999 885 sunt.
1059 842 1189 885 Vnde
1209 842 1342 886 illud·

328 930 468 987 Saepe
498 930 664 972 malum
694 930 775 972 hoc
805 929 932 972 nobis
962 929 1017 988 (si
1047 944 1170 973 mens
1200 945 1289 972 non
1318 930 1419 974 leua
1449 928 1626 989 fuisset)
1759 949 1800 974 10

328 989 382 1031 de
412 988 503 1032 celo
531 991 674 1031 tactas
703 988 884 1031 memini
914 984 1165 1045 praedicere
1196 1003 1393 1045 quercus.

271 1074 327 1117 In
366 1074 436 1117 his
475 1077 625 1116 autem
665 1077 711 1116 et
749 1073 861 1116 illud
900 1073 1201 1131 perpenditur,
1241 1088 1300 1116 an
1338 1074 1497 1117 semita
1535 1088 1627 1117 una
1665 1073 1739 1116 de-

272 1142 501 1194 scenderit,
528 1157 586 1185 an
617 1142 908 1199 multipharia
931 1143 1047 1186 aeris
1077 1143 1284 1200 ruptione
1317 1143 1500 1186 diffusos
1529 1142 1742 1200 sparserit

273 1213 410 1270 ignes.
485 1211 583 1255 Hoc
623 1211 827 1268 equidem
864 1226 1038 1269 semper
1075 1213 1251 1256 tristius
1290 1215 1368 1256 est,
1443 1211 1562 1255 Dum
1603 1212 1742 1256 Gaius

274 1282 410 1326 Cesar
428 1281 550 1325 ciuili
580 1281 694 1323 bello
723 1281 895 1338 patriae
924 1281 1187 1333 immineret,
1207 1296 1341 1339 quam
1371 1281 1637 1325 fulminosus
1666 1295 1743 1324 aer
1762 1296 1802 1330 15

274 1352 487 1402 extiterit,
500 1354 609 1408 quot
628 1351 836 1394 habuerit
854 1351 1007 1408 igneos
1022 1351 1234 1402 turbines,
1247 1354 1355 1408 quot
1370 1351 1518 1395 trabes
1533 1350 1742 1403 emiserit,

276 1435 356 1464 nec
376 1422 549 1463 ueteres
569 1419 780 1462 historiae
801 1419 1025 1462 sufficiunt
1045 1434 1278 1472 enarrare;
1308 1422 1354 1463 et
1373 1423 1481 1464 tunc

507 1511 662 1568 ignota
690 1510 899 1553 obscurae
929 1510 1141 1554 uiderunt
1169 1510 1314 1555 sidera
1342 1514 1505 1555 noctes,

278 1596 329 1640 Si
355 1611 462 1640 uero
482 1595 684 1640 fulminis
703 1598 852 1640 careat
871 1599 1146 1653 tempestate,
1167 1597 1205 1640 si
1231 1595 1382 1640 leuum
1401 1600 1539 1648 sonet,
1559 1597 1742 1641 deorum

138 1687 213 1727 414
232 1685 263 1716 a
280 1665 475 1708 creditur
522 1665 730 1708 nuntiare
779 1664 991 1709 fauorem.
1080 1666 1223 1709 Eneas
1272 1666 1426 1710 Iouem
1474 1681 1503 1709 a
1550 1666 1743 1710 sinistris
1764 1682 1808 1706 20

279 1737 509 1778 tonantem
548 1735 733 1777 audiens
772 1749 818 1777 se
853 1749 954 1778 eum
987 1735 1240 1792 praemissis
1273 1735 1497 1779 sacrificiis
1536 1736 1748 1793 opinatur

279 1804 442 1847 habere
473 1804 729 1862 propitium.
805 1803 894 1847 Sed
925 1805 1304 1862 qualitercumque
1339 1805 1427 1848 ista
1459 1819 1506 1849 se
1540 1805 1747 1857 habeant,
1875 1857 1878 1860 Α

281 1874 486 1916 innatum
525 1873 729 1916 timorem
760 1873 990 1917 hominum
1024 1874 1190 1930 poterit
1222 1874 1441 1932 mitigare,
1471 1874 1589 1932 quod
1617 1889 1747 1918 nemo
1865 1875 1878 2008 ς

282 1942 444 1987 sentiet
483 1942 685 1986 fulminis
724 1943 875 1995 ictum,
909 1943 946 1986 si
986 1946 1091 1987 ante
1129 1943 1320 1987 tonitrui
1359 1958 1516 1987 sonum
1555 1943 1757 1988 audierit

283 2015 363 2056 aut
393 2012 664 2069 praeuiderit
695 2012 1085 2056 choruscationem.
1162 2012 1364 2056 Tiberius
1399 2012 1563 2058 Caesar
1595 2013 1747 2056 turba-
1767 2031 1809 2065 25
1870 2012 1871 2015 ’

283 2082 397 2125 tiore
426 2081 519 2125 celo
557 2081 753 2124 lauream
788 2096 993 2125 coronam
1033 2082 1238 2140 gestabat
1267 2082 1315 2125 in
1343 2082 1499 2140 capite,
1531 2082 1638 2140 quia
1666 2083 1750 2127 hoc

285 2165 425 2209 genus
452 2150 623 2194 frondis
650 2150 838 2194 fulmine
859 2154 1050 2209 negatur
1079 2151 1234 2196 afflari.
1291 2151 1507 2195 Tonitrua
1532 2152 1751 2209 siquidem

286 2220 565 2263 timidissime
596 2223 641 2263 et
669 2220 954 2264 uehementer
982 2235 1154 2279 semper
1185 2221 1429 2265 exhorruit.
1489 2221 1570 2264 Est
1600 2223 1752 2265 tamen

287 2290 405 2347 quod
429 2289 717 2346 proculdubio
742 2289 873 2347 longe
899 2290 1111 2333 tutiorem
1138 2290 1277 2334 faciat
1299 2290 1533 2342 hominem,
1552 2290 1592 2334 si
1618 2289 1752 2334 fidem

289 2428 615 2500 &progressum
591 2415 638 2451 Αι
619 2463 695 2500 tM
767 2416 947 2464 4ymber
963 2415 990 2453 C
1121 2418 1145 2454 6
1169 2384 1305 2453 achate
1321 2412 1395 2452 AM
1517 2423 1562 2461 27
1587 2417 1755 2463 negetur

473 2474 518 2509 29
560 2463 638 2500 acit

337 2585 361 2619 4
388 2576 460 2610 Olli
477 2576 574 2611 etc.:
603 2573 715 2621 Verg.
734 2575 824 2610 Aen.
841 2585 873 2610 v.
894 2584 948 2610 10.
1132 2581 1150 2618 5
1181 2573 1301 2608 Venus
1317 2573 1412 2609 etc.:
1438 2582 1470 2607 v.
1487 2570 1598 2618 Verg.
1617 2573 1709 2608 Aen.
1727 2571 1753 2608 i.

294 2671 411 2705 Gaius
435 2671 535 2705 etc.:
563 2679 609 2704 ex
634 2667 768 2704 Catulo
793 2667 989 2704 Parmensi
1012 2667 1174 2703 testibus
1199 2667 1305 2703 codd.
1334 2665 1399 2702 SP.
1567 2667 1609 2703 18
1633 2668 1757 2721 iqnota

292 2718 391 2752 etc.:
417 2715 557 2752 Lucan.
575 2718 706 2752 Pham.
730 2715 755 2751 i.
782 2718 860 2762 526.
1061 2725 1108 2750 20
1130 2716 1254 2750 Encas
1277 2715 1374 2751 etc.:
1398 2726 1430 2750 v.
1449 2713 1562 2760 Verg.
1589 2715 1681 2750 Aen.
1707 2713 1758 2750 ix.

293 2765 365 2809 630
376 2774 476 2808 seqq.
591 2772 633 2809 25
664 2764 829 2799 Tiberius
844 2764 938 2800 etc.·
930 2791 938 2799 .
967 2761 1069 2800 Suet.
1091 2763 1167 2798 Tib.
1184 2762 1240 2808 69.

292 2632 358 2666 411
374 2632 474 2667 seqq
669 2632 713 2657 10
736 2623 849 2666 Saepe
867 2623 962 2657 etc.:
988 2619 1401 2667 Verg.Ecl.1.16,17.
1588 2630 1631 2664 14
1656 2621 1756 2656 Dum
1858 2270 1878 2600 i

404 2836 445 2870 62
1700 2610 1878 2919 ⁴
