1878 3172
186 200 275 240 490
295 189 323 229 d

196 669 274 707 491
293 669 322 698 a

288 1558 317 1596 b

1873 106 1878 145 ἕ

664 187 924 231 IOANNIS
966 187 1478 232 SARESBERIENSIS
1612 187 1722 248 [ΗΒ.
1743 199 1803 232 ΙΙΙ
1874 172 1878 249 Ξ

339 307 574 365 prohibet2
653 307 964 365 Quaecumque
1013 308 1144 360 enim,
1185 307 1343 364 inquit,
1382 308 1546 365 scripta
1594 311 1701 351 sunt
1747 307 1805 351 ad
1870 292 1878 370 J

339 380 538 420 nostram
559 377 805 420 doctrinam
826 378 992 435 scripta
1020 381 1138 430 sunt,
1159 380 1211 420 ut
1235 390 1314 434 per
1342 378 1605 434 patientiam
1633 380 1679 420 et
1704 391 1803 421 con-
1872 372 1878 426 ἲ

341 447 602 502 solationem
622 447 941 503 scripturarum
963 462 1084 504 spem
1112 447 1363 489 habeamus.
1422 446 1542 489 Dum
1571 447 1688 490 enim
1715 461 1805 503 pax

341 516 467 559 abest
481 516 585 559 filiis
600 516 757 568 Adam,
767 517 843 572 qui
859 517 915 559 ad
930 517 1124 560 laborem
1140 517 1236 559 nati
1253 519 1368 567 sunt,
1381 517 1526 573 parati
1541 517 1599 559 ad
1617 517 1803 574 flagella,

341 585 540 642 concepti
567 586 615 627 in
644 586 845 642 peccatis,
867 586 975 628 editi
1002 586 1049 627 in
1079 586 1239 636 labore,
1260 600 1349 629 non
1369 589 1462 629 tam
1491 589 1646 629 euntes
1670 600 1802 643 quam
1821 603 1839 636 5

340 658 566 698 currentes
593 655 650 697 ad
675 657 862 697 mortem
890 670 978 711 qua
1004 655 1141 697 nichil
1164 655 1338 698 tristius
1368 658 1445 706 est,
1465 656 1710 699 necessaria
1735 657 1804 698 est

338 724 566 780 patientia,
586 724 711 767 utilis
731 725 971 767 consolatio
987 737 1099 780 quae
1114 725 1168 767 de
1183 725 1278 767 oleo
1293 725 1488 768 letitiae'
1475 741 1523 767 111
1538 725 1804 769 conscientia
1873 759 1878 775 ,

339 796 385 836 et
411 794 466 836 de
496 794 793 837 immensitate
821 794 1079 837 clementiae
1104 793 1187 836 Dei
1214 794 1564 850 praedestinatos
1583 795 1641 837 ad
1660 794 1802 837 uitam

338 877 415 919 spe
436 863 690 906 futurorum
711 862 836 906 fouet
860 866 905 905 et
924 863 1113 906 roborat.
1174 863 1212 906 Ο
1233 866 1380 906 custos
1398 864 1639 916 hominum,
1655 864 1841 920 inquit

338 933 494 976 beatus
529 933 622 983 Iob,
643 933 827 975 humani
859 933 1033 990 generis
1067 933 1341 976 calamitates
1375 933 1422 976 in
1457 948 1504 976 se
1538 933 1800 990 exprimens,
1820 950 1865 975 10

337 1016 473 1058 quare
503 1002 689 1059 posuisti
711 1017 781 1044 me
801 1002 1072 1045 contrarium
1096 1002 1192 1053 tibi,
1213 1005 1258 1045 et
1277 1002 1423 1046 factus
1450 1016 1547 1045 sum
1574 1003 1802 1046 michimet
1862 1030 1871 1057 5

335 1071 421 1127 ipsi
441 1071 622 1128 grauis?
681 1070 824 1113 Nemo
844 1071 1061 1127 siquidem
1086 1075 1153 1114 est
1179 1073 1255 1128 qui
1279 1072 1560 1129 exigentibus
1586 1072 1726 1129 culpis
1753 1072 1801 1114 in

335 1141 478 1197 seipso
498 1155 587 1183 non
606 1140 809 1183 inueniat
827 1155 980 1183 causas
1000 1141 1318 1198 materiamque
1337 1141 1512 1194 doloris,
1531 1156 1632 1184 cum
1661 1141 1801 1198 ipsius
1866 1138 1876 1195 'j

334 1210 638 1266 philosophiae
668 1210 922 1253 testimonio
953 1211 1191 1267 unicuique
1229 1211 1459 1269 contingat
1497 1211 1648 1254 adesse
1682 1211 1799 1268 quod
1864 1241 1874 1267 5.

333 1279 472 1321 nollet
499 1279 571 1321 uel
606 1279 756 1321 abesse
786 1279 904 1335 quod
933 1279 1078 1322 uellet.
1138 1279 1266 1322 Vnde
1295 1282 1341 1322 et
1368 1279 1510 1322 fidelis
1540 1279 1699 1330 anima,
1726 1279 1798 1322 cui
1817 1275 1872 1328 τε,

333 1362 465 1390 uerae
485 1347 774 1390 beatitudinis
794 1348 958 1404 gaudia
977 1348 1254 1398 differuntur,
1274 1363 1374 1391 cum
1401 1347 1602 1391 inferiori
1630 1348 1798 1405 irriguo

333 1417 552 1474 irriguum
572 1417 773 1473 superius
793 1417 918 1473 petit.
972 1418 1034 1460 Vt
1054 1432 1158 1474 ergo
1177 1417 1412 1474 gentilium
1432 1417 1655 1474 figmentis
1674 1418 1799 1474 pium
1830 1417 1837 1422 ’
1864 1427 1865 1430 ’

335 1486 708 1528 accommodemus
729 1485 943 1538 auditum,
964 1500 1111 1528 rerum
1139 1486 1335 1528 omnium
1359 1486 1555 1543 tragicus
1581 1487 1684 1529 finis
1708 1489 1775 1529 est
1787 1500 1798 1539 ;
1858 1475 1861 1481 Ι

336 1557 427 1606 aut,
443 1555 481 1597 si
501 1569 661 1597 nomen
681 1555 900 1597 comediae
920 1555 1158 1611 gratiosius
1179 1558 1257 1606 est,
1272 1570 1360 1598 non
1376 1555 1487 1598 duco
1502 1555 1797 1599 contentionis
1835 1599 1838 1603 ,
1856 1575 1858 1578 ·

334 1622 500 1674 funem,
516 1624 622 1666 dum
642 1627 812 1667 constet
832 1624 950 1666 inter
969 1639 1048 1666 nos
1069 1624 1186 1680 quod
1202 1624 1295 1667 fere
1314 1627 1435 1667 totus
1455 1625 1647 1667 mundus
1666 1625 1796 1668 iuxta

334 1692 591 1735 Petronium
616 1695 817 1735 exerceat
847 1693 1130 1745 histrionem3
1160 1693 1277 1750 quod
1305 1695 1350 1735 et
1376 1693 1556 1750 quidam
1584 1694 1796 1751 temporis
1855 1687 1859 1694 ⁹

333 1761 475 1804 nostri
501 1761 689 1818 scriptor
715 1762 918 1819 egregius
947 1762 1191 1804 infidelium
1217 1765 1366 1805 tamen
1396 1762 1544 1805 uerbis
1574 1763 1798 1820 eleganter

334 1831 574 1887 expressit:

448 1905 674 1948 Ridiculos
703 1906 931 1948 hominum
962 1909 1112 1949 uersat
1140 1921 1234 1949 sors
1263 1921 1363 1950 ceca
1390 1871 1583 1959 labores3

505 1964 652 2006 secula
682 1966 834 2006 nostra
863 1964 983 2007 iocus
1011 1964 1339 2021 ludibriumque
1369 1964 1473 2007 deis.
1813 1988 1851 2012 2

334 2041 482 2084 Huius
502 2042 652 2099 itaque
672 2045 764 2085 tam
789 2043 1028 2086 immensae
1055 2047 1148 2086 tam
1172 2044 1388 2087 mirabilis
1417 2047 1463 2087 et
1488 2044 1796 2087 inenarrabilis

332 2112 557 2168 tragediae
577 2113 649 2154 uel
669 2113 888 2155 comediae
909 2114 1135 2156 theatrum
1156 2129 1242 2170 quo
1262 2114 1414 2171 peragi
1434 2113 1583 2170 possit,
1603 2114 1644 2156 ei
1663 2114 1795 2157 mira-

332 2181 483 2223 biliter
502 2184 781 2238 coaequatur.
842 2183 986 2225 Tanta
1017 2186 1084 2225 est
1114 2197 1217 2226 area
1244 2183 1338 2226 eius
1368 2186 1562 2239 quantus
1591 2185 1637 2226 et
1665 2183 1795 2226 orbis.
1845 2176 1859 2219 Ϊ

332 2250 651 2293 Difficillimum
690 2253 757 2293 est
795 2254 848 2294 ut
896 2252 1130 2308 quisquam
1168 2252 1434 2295 admittatur
1477 2251 1680 2295 exclusus
1723 2251 1796 2295 uel
1850 2274 1852 2278 f

335 2370 350 2394 1
382 2364 466 2404 post
489 2359 666 2405 prohibet
691 2361 773 2396 add.
795 2359 932 2405 paulus
957 2359 1087 2396 dicens
1109 2359 1140 2395 P
1249 2358 1376 2406 inquit
1399 2371 1467 2396 om.
1493 2357 1527 2395 A
1673 2369 1728 2403 21,
1748 2369 1794 2396 22
1848 2381 1850 2387 ·
1872 2375 1873 2378 ¹

331 2406 451 2442 nostri
468 2406 650 2452 temporis
666 2406 700 2441 A
842 2416 886 2451 27
911 2408 1078 2443 teatrum
1096 2406 1121 2442 S
1823 2417 1825 2420 ⁴
1843 2410 1858 2418 ''

383 2503 398 2528 1
429 2495 674 2539 Quaecumque
691 2495 761 2530 etc.
777 2505 785 2529 ε
812 2492 917 2528 Rom.
936 2505 995 2528 XV.
1013 2503 1045 2537 4.
1221 2502 1243 2537 9
1271 2494 1299 2528 Ο
1315 2497 1430 2528 custos
1445 2494 1517 2529 etc.
1533 2505 1542 2528 ε
1568 2491 1635 2529 Iob
1652 2491 1716 2527 vii.
1735 2502 1793 2529 20.
1811 2471 1814 2473 >
1852 2512 1867 2519 w

336 2550 379 2583 14
403 2542 522 2575 adesse
547 2542 640 2576 etc..
665 2553 697 2576 v.
722 2540 856 2576 Boeth.
886 2541 1024 2576 Cousol.
1049 2541 1183 2575 Philos.
1207 2538 1261 2575 iii.
1286 2539 1400 2575 Prosa
1419 2541 1689 2584 3.16
1712 2551 1793 2575 eum

331 2588 503 2631 inferiori
528 2589 621 2623 etc.:
658 2587 829 2623 v.10sue
860 2599 917 2623 xv.
952 2597 1016 2631 19,
1052 2598 1164 2632 quem
1197 2586 1323 2623 locum
1353 2585 1539 2632 intelligit
1571 2586 1711 2623 Noster
1742 2587 1792 2623 ad
1838 2613 1867 2617 Η

330 2635 497 2669 mentem
517 2632 629 2679 Greg.
647 2634 776 2681 Magn.
797 2636 942 2679 Dialoy.
960 2633 1014 2669 iii.
1035 2644 1080 2678 34
1097 2633 1244 2680 (Migne
1261 2635 1301 2669 P.
1319 2635 1363 2668 L.
1376 2633 1504 2668 lxxvii.
1522 2634 1620 2678 301).
1733 2644 1789 2677 20,

330 2690 372 2716 21
400 2681 505 2715 iux-ta
518 2682 750 2717 Petronium:
776 2693 808 2716 v.
828 2693 941 2727 supra
956 2682 1076 2726 48913.
1221 2691 1265 2716 22
1285 2682 1462 2734 scriptor·
1487 2680 1511 2715 i.
1525 2692 1559 2716 e.
1584 2680 1791 2716 secundum
1834 2715 1854 2721 ,,

329 2738 448 2773 marg.
469 2727 508 2762 P.
544 2727 757 2763 Bernardus
775 2727 970 2770 Silvester;
994 2730 1123 2763 tamen
1140 2739 1264 2773 neque
1282 2727 1324 2762 in
1345 2727 1403 2764 ed.
1421 2726 1568 2780 Bai-ach
1585 2728 1618 2762 &
1635 2726 1792 2764 Wrobel
1837 2754 1842 2768 .,

328 2785 452 2819 neque
485 2773 525 2809 in
558 2776 872 2820 Experimentarii
903 2786 967 2810 seu
1001 2776 1088 2810 libri
1110 2777 1286 2820 fortunae
1318 2774 1445 2811 codice
1478 2774 1520 2810 in
1552 2773 1791 2811 Bibliotheca
1834 2777 1862 2823 ..1³

328 2820 536 2857 Bodleiana
551 2823 696 2858 servato
714 2824 866 2859 exstant
883 2833 1004 2858 versus
1021 2821 1098 2858 isti.

441 2901 503 2936 194
