1878 3172
13 118 18 122 ’
60 143 158 184 m.
171 137 285 199 xxv]
562 137 998 183 PomonATIcvs
1531 139 1612 188 456
1633 149 1658 179 c

59 273 166 316 ergo
185 265 338 316 aptare
356 260 557 316 tempora
577 261 622 301 et
641 273 787 301 rerum
806 261 1030 302 momenta
1048 258 1222 301 uariare
1242 256 1514 314 temporibus

59 327 179 370 solus
198 327 273 370 ille
292 327 370 384 qui
393 327 621 383 disposuit,
640 330 812 384 potest;
841 330 887 370 et
906 341 1004 370 cum
1025 327 1266 369 multorum
1295 326 1512 377 notitiam,
1529 325 1559 365 d

60 395 299 439 secundum
328 395 591 452 beneplaciti
615 395 683 437 sui
710 410 960 438 mensuram
989 395 1250 438 concesserit
1276 398 1514 445 creaturae,

59 463 142 507 hoc
171 464 256 507 sibi
285 464 480 507 Trinitas
508 464 794 521 singulariter
826 464 1083 507 reseruauit.
1144 464 1331 517 Quando
1365 464 1516 520 itaque

21 534 107 586 5'et
135 546 268 589 quam
296 533 374 575 diu
403 532 511 589 quid
539 531 742 575 futurum
771 532 831 575 sit
859 533 998 583 nouit,
1024 536 1070 575 et
1099 535 1239 575 etates
1268 535 1517 589 temporum

59 601 135 644 ille
166 601 403 658 dispensat,
433 616 513 658 per
546 615 676 658 quem
709 601 806 658 ipsa
838 604 1038 658 tempora
1069 601 1190 644 facta
1223 605 1341 645 sunt.
1411 602 1516 658 Ipsa

59 683 232 726 quoque
246 672 446 727 tempora
464 672 589 712 motu
608 673 653 712 et
672 670 917 713 uariatione
937 685 1084 712 rerum
1104 670 1229 727 quasi
1251 670 1515 726 quibusdam

58 737 276 781 coloribus
295 738 451 796 pingit,
464 741 509 781 et
527 738 766 781 uolubilem
781 739 990 795 temporis
1004 742 1147 782 rotam
1167 739 1305 796 iugali
1325 739 1515 795 quodam

58 820 179 848 nexu
209 821 356 849 rerum
386 821 473 863 quo
501 810 706 850 teneatur
739 807 960 864 illaqueat,
989 811 1035 851 et
1068 812 1121 851 ut
1149 823 1242 851 rem
1274 808 1515 864 incompre—

0 891 43 916 πο
59 875 319 918 hensibilem
352 875 527 933 ingerat
564 876 819 927 intellectui,
854 877 1037 920 eandem
1070 877 1334 920 mirabiliter
1367 891 1515 920 rerum

58 943 402 1000 proprietatibus
431 944 557 1000 quasi
587 945 678 987 suis
707 945 930 988 informat.
990 945 1093 988 Non
1123 949 1201 996 est,
1232 946 1379 1002 inquit
1407 945 1514 988 Ver-

57 1012 165 1054 bum
202 1012 432 1063 Altissimi‚
466 1016 664 1055 uestrum
704 1029 830 1056 nosse
863 1017 1074 1071 tempora,
1108 1018 1162 1057 ut
1199 1015 1327 1072 plene
1366 1014 1516 1058 sciatis

58 1081 234 1138 quando
263 1084 309 1124 ct
338 1096 470 1138 quam
499 1082 578 1124 diu
606 1083 714 1138 quid
743 1082 946 1126 futurum
976 1084 1058 1135 sit;
1097 1083 1170 1126 uel
1199 1089 1434 1135 momenta,
1462 1087 1516 1126 ut

57 1150 235 1207 possitis
273 1150 424 1193 modos
462 1154 508 1194 et
552 1152 792 1195 uarietates
831 1167 994 1203 eorum,
1033 1167 1145 1209 quae
1194 1153 1351 1195 futura
1398 1157 1516 1204 sunt,

0 1232 40 1266 15
58 1219 432 1275 comprehendere.
502 1219 612 1263 Ecce
646 1235 781 1276 quare
810 1222 1093 1264 temerarium
1122 1222 1182 1265 sit
1212 1222 1367 1265 futura
1395 1224 1516 1265 certo

0 1312 3 1316 -
58 1288 294 1345 subiugare
313 1289 498 1341 iudicio;
526 1289 574 1331 in
594 1289 739 1332 Patris
759 1290 974 1346 siquidem
994 1294 1214 1347 potestate
1234 1294 1339 1333 sunt
1359 1291 1515 1347 posita,
1531 1300 1608 1341 457
1628 1302 1657 1331 a

58 1370 148 1399 non
186 1357 235 1399 in
271 1357 530 1400 necessitate
573 1358 815 1400 eueniendi.
889 1358 1024 1401 Porro
1059 1373 1171 1415 quae
1211 1359 1258 1400 in
1296 1363 1516 1416 potestate

58 1425 204 1482 posita
237 1428 353 1476 sunt,
384 1426 446 1469 sic
481 1430 527 1469 et
560 1441 649 1469 non
683 1427 744 1469 sic
779 1441 871 1469 esse
905 1430 1101 1484 possunt.
1172 1428 1289 1470 Nam
1321 1443 1434 1485 quae
1468 1429 1516 1470 in

60 1494 332 1545 necessitate,
363 1494 425 1538 sic
454 1510 547 1538 esse
576 1510 749 1538 necesse
779 1499 858 1540 est.

0 1639 45 1663 ao
62 1617 167 1676 Cap.
190 1630 254 1675 25.
285 1619 412 1673 Quod
442 1624 764 1676 aryume‘ntum
797 1636 828 1664 α
866 1622 998 1677 siquo
1036 1636 1116 1665 suo
1154 1636 1250 1664 ‘mm
1283 1625 1342 1664 est
1375 1636 1515 1665 neces·

174 1687 354 1732 sarium
364 1706 383 1738 ;
419 1692 457 1731 et
490 1689 544 1732 de
571 1689 773 1740 Ezechia,
802 1689 936 1740 Acab,
962 1693 1002 1733 et
1031 1690 1259 1733 Ninivitis
1269 1709 1289 1740 ;
1329 1695 1368 1734 et
1397 1691 1518 1747 quod

174 1771 225 1799 ea
252 1770 366 1812 quae
388 1756 720 1813 sigymficantur,
738 1758 919 1801 ‘mutari
945 1763 1141 1814 possunt.

118 1847 207 1890 Sed
229 1847 346 1890 forte
365 1847 659 1891 familiaribus
684 1849 860 1892 Veritas
879 1850 1073 1906 loquens,
1094 1851 1197 1893 Non
1217 1854 1284 1894 est
1303 1855 1514 1902 uestrum,

60 1916 137 1967 ait,
169 1910 223 1959 ut
254 1919 427 1959 tantam
457 1918 811 1974 praerogatiuam
843 1919 1010 1969 alienis,
1040 1922 1150 1975 puta
1181 1921 1516 1970 mathematicis,

1 1997 43 2032 25
61 1988 315 2028 reseruaret.
374 1985 492 2036 Esto,
511 1985 549 2027 si
575 1988 724 2028 tamen
747 1986 888 2028 fidelis
915 1987 1088 2029 animus
1115 1988 1368 2043 adquiescit.
1427 1989 1516 2031 Sed

61 2056 239 2108 quanta,
270 2055 323 2095 ut
355 2053 628 2109 praedictum
660 2057 738 2104 est,
765 2057 832 2096 est
865 2055 972 2098 haec
1006 2056 1225 2098 certitudo
1255 2057 1516 2114 signorum?

60 2121 231 2178 Nempe
258 2136 359 2165 cum

907 2180 1035 2237 signa
1057 2184 1228 2224 meatus

347 2236 576 2279 deseruere
599 2250 712 2289 SUOS,
1532 2247 1561 2285 b

0 2337 45 2370 30
60 2335 226 2364 nouum
264 2322 433 2378 aliquid
480 2321 675 2364 creditur
711 2322 949 2365 imminere.
1027 2323 1130 2366 Non
1169 2325 1286 2367 enim
1325 2340 1515 2382 eousque

60 2390 287 2441 contendo,
318 2393 371 2433 ut
403 2405 473 2433 res
507 2405 690 2447 magnas
720 2391 855 2433 nullis
888 2405 1098 2448 umquam
1132 2394 1306 2436 credam
1340 2394 1515 2439 indiciis

62 2523 120 2558 12,
139 2524 183 2558 13
207 2514 252 2549 ut
268 2513 380 2558 plene
398 2512 526 2549 sciatis
543 2514 693 2558 quando
715 2515 754 2550 et
778 2525 891 2558 quam
915 2514 980 2550 diu
1004 2514 1095 2560 quid
1120 2515 1289 2552 futurum
1302 2504 1364 2554 vsit
1387 2530 1454 2555 om.
1473 2519 1514 2555 M

60 2570 108 2596 20
130 2571 196 2596 suo
224 2572 290 2596 om,
318 2559 363 2596 8²
386 2562 427 2595 in
455 2562 571 2596 indice
599 2560 644 2596 de
671 2560 830 2596 Ezechia
854 2563 912 2597 hic
936 2564 1062 2607 incipit
1084 2565 1137 2598 tit.
1163 2565 1205 2598 in
1233 2565 1332 2600 rubr.
1356 2569 1514 2612 capitulo

57 2609 175 2652 praefi
195 2609 238 2642 in
252 2609 282 2643 S
441 2618 483 2643 21
511 2607 631 2644 achab
649 2607 770 2643 CBAS
785 2621 794 2645 z
818 2608 927 2644 iacob
946 2608 970 2645 S
987 2613 1027 2644 in
1042 2611 1140 2646 rubr.
1157 2623 1233 2656 cap.
1243 2623 1306 2657 pr.

65 2759 73 2767 ⁸
111 2724 151 2751 11
178 2716 260 2751 Non
276 2720 326 2750 est
343 2717 437 2751 etc.:
462 2715 546 2751 Act.
564 2714 661 2761 App.
676 2715 701 2751 i.
715 2723 748 2759 7.
919 2717 964 2752 16
986 2718 1034 2752 In
1052 2719 1176 2755 Patris
1191 2721 1261 2756 etc.
1280 2733 1290 2758 ε
1315 2719 1398 2756 Act.
1416 2720 1514 2768 App.

61 2771 86 2797 ι.
104 2769 136 2806 7.
279 2763 323 2798 28
347 2764 451 2808 siqua
467 2765 538 2799 etc.
554 2775 562 2798 :
587 2762 675 2798 Luc.
692 2764 820 2799 Phara.
838 2762 863 2798 i.
881 2763 961 2809 663,
978 2765 1058 2811 664.
1337 2773 1341 2776 ’

1343 2841 1405 2874 135
