1878 3172
65 169 165 202 cu.
178 155 261 217 xx]
578 153 978 200 POLICRATICV
978 154 1012 199 S

65 277 138 321 Ab
165 292 217 321 eo
246 291 351 335 ergo
378 290 461 320 sua
492 278 687 333 potestas
718 274 938 318 attributa
970 277 1038 318 oet
1075 273 1263 332 singulis
1295 273 1522 324 creaturis,

66 345 115 388 in
144 346 304 404 quibus
330 360 419 388 non
438 344 637 402 oportuit
663 343 840 387 celestia
867 343 1012 387 locum
1042 346 1192 386 tenere
1221 343 1523 393 nouissimum,

66 420 113 460 et
147 430 259 472 quae
296 414 499 472 digniora.
531 416 638 456 sunt
675 412 774 455 aliis
811 412 973 455 habere
1011 412 1244 454 minimum
1277 411 1523 469 potestatis.

67 483 145 527 Eis
163 484 313 540 itaque
332 485 548 540 quantum
577 481 720 524 uoluit
748 480 938 524 contulit
956 480 1045 537 qui,
1064 480 1148 523 etsi
1177 480 1262 523 sibi
1289 480 1524 523 retinuerit

28 551 212 612 goperis
239 552 548 610 principatum,
571 550 796 608 signorum
824 549 914 592 illis
941 549 998 592 ad
1027 549 1175 592 minus
1202 548 1370 592 indixit
1398 549 1521 591 obse-

3 634 6 637 ·
66 621 233 679 quium.
309 620 436 663 Vnde
473 619 556 662 etsi
594 633 683 662 non
725 632 855 675 saepe
899 617 1067 661 faciant
1104 632 1238 674 opera
1283 617 1522 675 signorum,
1539 632 1565 662 c

66 694 214 734 tamen
232 692 409 732 auctore
435 688 530 731 Deo
554 687 766 730 exhibent
789 687 1047 730 ministeria.
1108 686 1227 730 Hinc
1246 686 1364 730 forte
1387 686 1521 729 illud:

67 758 164 802 Celi
182 760 392 801 enarrant
410 757 597 815 gloriam
616 756 711 807 Dei,
722 759 769 799 et
787 770 920 812 opera
938 770 1150 798 manuum
1170 756 1264 798 eius
1284 755 1524 798 annuntiat

47 828 404 884 firmamentum.
462 825 556 869 Nec
585 826 759 876 mirum,
786 839 886 868 cum
916 828 962 867 et
994 838 1100 867 aues
1134 828 1180 867 et
1212 824 1302 867 alia
1329 824 1524 882 plurima

10 914 52 938 10
68 895 348 938 institutione
366 894 451 937 Dei
470 898 516 936 et
541 897 727 936 naturae
746 893 955 936 beneficio
974 892 1189 949 quaedam
1209 892 1365 936 futura
1384 893 1524 951 signis

66 965 371 1022 praeueniunt.
448 963 498 1006 Si
535 963 676 1020 igitur
707 962 885 1005 celestia
917 962 1045 1019 signa
1078 965 1184 1004 sunt
1221 976 1369 1004 rerum
1408 976 1522 1018 quae

65 1033 217 1091 procul
235 1033 370 1075 dubio
388 1035 603 1075 uenturae
622 1034 728 1074 sunt
746 1031 999 1081 necessario,
1018 1045 1119 1074 cum
1139 1045 1212 1073 eas
1230 1030 1522 1074 immutabilis

66 1101 295 1159 dispositio
328 1100 613 1150 ordinauerit,
652 1099 759 1156 quid
797 1100 1003 1156 probibet
1041 1114 1093 1142 ea
1138 1113 1251 1156 quae
1295 1099 1523 1142 celestium

66 1170 438 1228 praenuntiantur
460 1169 622 1212 indicio
650 1168 751 1212 sciri
780 1169 839 1211 ab
861 1169 1037 1211 homine
1064 1172 1110 1211 et
1136 1168 1303 1210 homini
1333 1168 1523 1211 inuicem

10 1255 50 1289 15
67 1239 280 1283 indicari?
337 1239 477 1296 Signa
504 1237 721 1294 siquidem
749 1237 1001 1280 hominibus
1029 1237 1137 1279 data
1158 1240 1264 1280 sunt
1292 1237 1349 1279 ad
1379 1237 1523 1280 erudi-

66 1308 244 1359 tionem,
276 1322 366 1351 non
394 1307 484 1350 illis
522 1306 599 1363 qui
632 1306 858 1350 celestium
891 1306 1052 1350 conscii
1086 1309 1351 1349 secretorum
1390 1306 1525 1350 nullis

66 1377 267 1434 indigent.
285 1376 435 1434 signis„

68 1527 176 1586 Cap.
198 1541 266 1573 20.
304 1527 433 1582 Quod
451 1526 751 1583 prouidentia
774 1541 932 1570 remm
957 1531 1181 1570 naturam
1205 1542 1301 1571 ‘non
1319 1527 1523 1585 perimit,

182 1611 323 1653 ‘neque
350 1610 477 1639 seroes
504 1610 662 1639 rev-um
688 1596 904 1639 immutat
931 1596 1292 1652 prouidentiam,
1326 1601 1366 1641 et
1403 1597 1525 1654 quod

10 1684 55 1708 ιο
181 1665 376 1709 liberum
394 1663 645 1708 arbanuan
663 1668 817 1707 mamt
835 1679 940 1707 cum
952 1665 1267 1721 prouidentia.

126 1767 376 1822 Probabilis
398 1766 575 1824 quidem
598 1770 703 1810 sunt
725 1767 833 1810 haec
853 1782 965 1823 quae
991 1772 1255 1825 proponunt,
1274 1769 1351 1812 sed
1370 1772 1520 1812 tamen
1536 1772 1567 1812 d

67 1850 285 1879 uenenum
315 1836 387 1879 hic
415 1836 499 1878 sub
527 1836 657 1879 melle
689 1836 813 1879 latet.
872 1836 1071 1879 Fatalem
1105 1838 1268 1879 etenim
1299 1839 1522 1894 quandam

67 1905 371 1948 necessitatem
400 1904 531 1946 rebus
557 1904 791 1960 imponunt
816 1905 899 1947 sub
925 1909 1163 1960 praetextu
1192 1906 1459 1948 humilitatis
1479 1910 1526 1949 et

68 1973 340 2017 reuerentiae
374 1973 469 2024 Dei,
499 1973 706 2015 timentes
738 1987 795 2015 ne
825 1972 941 2015 forte
984 1974 1122 2030 ipsius
1160 1978 1399 2017 euacuetur
1436 1975 1523 2017 dis-

12 2062 29 2085 2
33 2063 53 2096 5
69 2042 243 2099 positio,
260 2041 347 2083 nisi
366 2055 512 2083 rerum
532 2044 717 2082 euentus
736 2042 970 2084 necessitas
989 2042 1235 2085 comitetur.
1292 2042 1525 2085 Praeterea

69 2109 352 2167 priuilegium
371 2109 549 2151 diuinae
567 2109 811 2151 maiestatis
830 2109 1094 2166 irrumpunt,
1114 2111 1342 2153 scientiam
1370 2111 1523 2153 uendi·

68 2182 220 2222 cantes
257 2191 346 2234 qua
382 2180 581 2233 tempora
614 2176 902 2232 praeuideant
935 2180 981 2219 et
1014 2182 1237 2221 momenta
1276 2193 1388 2235 quae
1420 2179 1524 2221 Filii

68 2246 321 2289 testimonio
350 2245 496 2288 Patris
524 2248 747 2287 reseruata
775 2248 881 2287 sunt
908 2247 1131 2301 potestati.
1193 2247 1317 2290 Adeo
1345 2248 1523 2304 quidem

69 2318 122 2358 ut
140 2314 396 2358 abscondita
418 2314 510 2356 sint
528 2313 585 2355 ab
610 2312 747 2356 oculis
769 2327 932 2364 eorum,
951 2314 1110 2369 quibus
1130 2314 1213 2358 Dei
1234 2316 1373 2359 Filius
1392 2331 1523 2373 quae-

9 2403 54 2436 30
68 2398 254 2440 cumque
269 2398 296 2426 a
310 2383 441 2425 Patre
455 2382 657 2424 audierat
670 2381 890 2438 patefecit.
934 2382 1104 2426 Deinde
1115 2387 1284 2427 mentes
1296 2385 1524 2428 hominum

69 2455 241 2495 tumore
260 2451 463 2495 elationis
484 2450 705 2493 extollunt
724 2453 804 2493 aut
823 2450 1139 2507 desperationis
1157 2453 1524 2510 pusillanimitate

72 2581 116 2607 12
138 2569 265 2607 nescio
282 2569 307 2606 S
448 2579 494 2615 30
516 2567 689 2605 audierat
705 2580 728 2604 a
744 2570 854 2615 patre
871 2568 911 2603 M

118 2679 140 2714 8
167 2680 243 2715 celi
258 2680 351 2715 etc:
369 2679 427 2715 Ps.
444 2677 545 2715 xviii.
558 2688 591 2714 2.
686 2687 728 2714 21
748 2678 930 2713 Probabilt'
916 2690 953 2713 ια
969 2680 1061 2715 etc:
1077 2679 1123 2715 In
1136 2691 1221 2726 capi
1207 2680 1313 2717 itulis
1330 2682 1521 2728 sequenti-

70 2725 139 2761 bus
154 2725 356 2771 Augustini
372 2727 411 2762 et
427 2724 577 2762 Boethii
593 2735 698 2770 sequi
684 2724 763 2760 itur
779 2725 922 2761 Noster.
1105 2736 1149 2771 27
1174 2735 1351 2766 momenta
1367 2733 1461 2767 etc..
1453 2744 1462 2751 ·
1486 2742 1520 2765 v.

70 2772 155 2808 Act.
172 2772 269 2819 App
288 2781 366 2817 1.7
508 2773 1283 2821 29quaecunnqueetcſtrvloannxv15.

127 2843 208 2862 vm
782 2841 807 2875 Q
1351 2848 1413 2881 113

1536 154 1669 204 4431»
