1878 3172
91 156 200 194 CAP.
215 146 316 208 m]
609 146 1042 193 POLICRATICVS
1566 156 1648 197 445
1664 146 1695 187 d

99 267 194 311 sine
231 268 529 312 mutabilitate
567 270 611 312 et
644 270 769 311 motu
802 267 864 311 sie
897 266 1179 310 uniformiter
1210 264 1552 323 comprehendit,

98 339 152 379 ut
178 337 218 380 ei
243 351 323 380 nec
348 337 588 394 praeterita
612 339 840 380 transeant
868 349 948 378 nec
974 334 1129 378 futura
1154 334 1399 378 succedant.
1458 333 1552 377 Nec

98 405 260 447 mirum
289 405 370 448 1100
395 406 443 447 111
469 405 717 448 eternitatis
741 407 875 454 statu,
901 404 987 446 nisi
1014 403 1118 460 quia
1144 403 1352 460 quicquid
1381 402 1443 444 ibi
1473 405 1552 452 est,

98 474 298 516 mirabile
324 477 402 524 est,
421 489 520 517 cum
548 477 594 517 et
619 474 666 516 in
692 474 818 516 nobis
844 472 1124 515 mutabilium
1154 475 1323 515 motum
1352 475 1398 514 et
1428 470 1551 513 festi-

42 554 79 593 ⁴5
98 542 301 584 nantium
334 557 510 586 cursum
548 542 825 599 aliquatenus
864 541 1089 598 quiescens
1126 540 1467 598 comprehendat
1506 554 1551 582 a-

97 613 282 667 spectus.
340 611 596 654 Intellectus
616 625 787 667 quoque
813 625 905 653 rem
932 624 1138 667 magnam
1162 609 1257 653 sine
1284 609 1551 652 distensione

98 683 144 722 et
177 679 271 722 sine
304 679 600 723 contractione
630 679 699 722 sui
731 694 824 722 rem
854 678 1068 722 modicam
1106 677 1440 734 contemplatur,
1472 692 1552 721 nec

98 745 191 789 loco
228 747 399 805 indiget
431 751 484 791 ut
514 748 668 791 localia
698 748 876 792 claudat
909 750 989 790 aut
1026 747 1268 803 spatiorum
1298 746 1552 789 interstitiis

98 818 151 858 ut
198 816 411 859 distantia.
457 817 782 874 complectatur,
830 817 878 858 in
929 830 1065 872 eoque
1113 819 1285 872 patrem
1333 815 1551 857 luminum

40 904 81 928 10
97 884 297 940 sequitur
325 885 401 927 sed
430 900 520 928 non
542 885 742 942 passibus
765 885 927 941 aequis,
945 899 1045 927 cum
1070 885 1142 927 hic
1168 884 1320 927 multis
1346 884 1419 926 ille
1447 898 1552 926 uero

97 953 275 996 omnino
300 953 411 995 nulli
439 954 580 997 motui
605 954 821 996 obnoxius
847 954 916 996 sit.
976 952 1089 997 Cum
1114 967 1220 996 uero
1245 953 1423 995 diuinae
1449 953 1552 995 sim-

96 1021 308 1078 plicitatis
338 1026 539 1079 aspectus
572 1022 910 1066 innumerabilia.
939 1022 1127 1072 claudat,
1156 1036 1246 1064 una
1276 1024 1453 1064 tantum
1485 1025 1552 1064 est

97 1093 143 1132 et
161 1090 393 1133 indiuidua
411 1091 661 1134 substantia
679 1091 974 1148 praescientis,
993 1091 1119 1146 eique
1139 1090 1430 1133 essentialiter
1450 1105 1550 1140 una,
1566 1098 1652 1145 446
1670 1107 1700 1136 a

96 1172 195 1202 cum
222 1159 307 1202 sibi
332 1159 393 1202 sit
418 1159 534 1202 idem
560 1174 652 1202 esse
675 1163 722 1202 et
746 1160 988 1216 sapientem
1014 1174 1117 1202 esse.
1175 1159 1385 1215 Alioquin
1412 1160 1554 1216 fingat

38 1241 78 1279 1'5
99 1227 174 1284 qui
200 1231 357 1285 potest,
377 1228 475 1284 quis
498 1229 605 1271 haec
630 1229 804 1271 diuersa
829 1228 1118 1278 coniunxerit,
1137 1242 1216 1271 nee
1243 1228 1386 1285 prima
1404 1243 1552 1270 rerum

97 1296 293 1339 omnium
322 1311 454 1340 causa
482 1297 577 1348 erit,
606 1312 729 1353 quae,
758 1300 811 1340 ut
839 1297 910 1347 sit,
939 1297 1256 1339 coniunctionis
1285 1297 1552 1339 adminiculo

95 1367 206 1421 eget,
264 1364 503 1409 Creaturae
536 1380 642 1409 uero
680 1366 863 1408 scientia
895 1365 1024 1422 longe
1062 1365 1249 1422 disparis
1287 1365 1551 1408 conditionis

95 1435 176 1476 est.
236 1432 423 1490 Spiritui
461 1434 676 1490 siquidem
715 1437 762 1476 et
799 1434 972 1476 animae
1004 1448 1094 1476 non
1127 1437 1195 1477 est
1228 1434 1344 1476 idem
1379 1449 1471 1476 esse
1505 1437 1551 1477 et

96 1501 304 1544 scientem
334 1516 438 1552 esse,
466 1517 565 1545 cum
594 1503 742 1546 anima
768 1502 909 1559 primo
938 1502 1179 1545 affectionis
1204 1505 1328 1545 motu
1355 1502 1402 1544 in
1432 1502 1550 1545 uale-

38 1591 81 1615 20
97 1583 220 1612 scens
248 1570 508 1627 disponatur
532 1571 590 1614 ad
618 1571 911 1628 cognitionem
939 1585 1098 1621 rerum,
1121 1585 1258 1628 eaque
1286 1571 1324 1614 si
1353 1571 1551 1614 radicata

96 1636 245 1690 suerit,
263 1641 316 1682 ut
335 1642 414 1682 aut
432 1639 610 1683 omnino
633 1643 712 1682 aut
734 1640 828 1682 sine
849 1639 1012 1682 iniuria
1034 1643 1220 1682 naturae
1246 1640 1433 1683 conuelli
1460 1655 1550 1683 non

96 1707 245 1763 possit,
284 1707 441 1750 habitu
478 1723 558 1751 suo
603 1708 815 1751 informat
853 1708 1046 1750 animam
1092 1707 1286 1765 facitque
1329 1708 1549 1751 scientem.

97 1774 184 1818 Hic
209 1790 312 1832 ergo
335 1776 514 1818 habitus
539 1777 777 1819 rectissime
801 1776 984 1819 scientia
1009 1777 1268 1833 appellatur,
1288 1777 1391 1820 licet
1417 1779 1462 1819 et
1482 1791 1551 1819 res

97 1843 316 1886 subiectae
344 1844 567 1887 interdum
590 1845 796 1887 scientiae
825 1845 1000 1887 nomine
1023 1848 1293 1888 censeantur.
1352 1845 1478 1887 Vnde
1506 1848 1551 1887 et

37 1931 79 1964 ²5
98 1911 291 1954 uicissim
329 1912 579 1955 nominibus
617 1913 831 1955 mutuatis
866 1913 982 1969 quod
1019 1913 1152 1955 unius
1191 1917 1258 1956 est
1296 1914 1459 1956 transit
1492 1913 1550 1955 ad

97 1979 296 2023 alterum.
355 1979 428 2023 Sic
454 1981 607 2036 utique
636 1984 682 2023 et
710 1981 892 2023 scientia
916 1981 1079 2023 dicitur
1103 1981 1256 2032 multa,
1274 1996 1374 2024 cum
1400 1985 1549 2024 tamen
1566 1989 1596 2027 b

95 2048 334 2090 multitudo
354 2063 500 2090 rerum
519 2049 666 2105 potius
686 2063 817 2105 quam
837 2049 1043 2092 scientiae
1058 2050 1127 2092 sit.
1186 2049 1235 2092 Si
1256 2065 1359 2107 ergo
1379 2050 1549 2106 sapien-

95 2117 185 2159 tiae
223 2116 307 2159 Dei
346 2117 617 2159 immensitas
655 2120 701 2159 et
738 2117 995 2174 simplicitas
1040 2118 1309 2170 attendatur,
1347 2133 1437 2160 una
1483 2122 1550 2161 est

95 2185 282 2242 simplex
302 2187 347 2227 et
366 2185 596 2227 indiuidua
608 2199 618 2237 3
648 2186 685 2228 si
711 2186 1030 2229 subiacentium
1056 2187 1296 2229 multitudo
1315 2187 1550 2244 multiplex

34 2275 79 2308 30
95 2257 163 2296 est
186 2256 231 2297 et
256 2253 554 2298 multiformis.
610 2254 683 2297 Sic
712 2254 845 2296 etiam
872 2255 909 2297 si
936 2255 1229 2297 substantiam
1254 2256 1444 2298 uolentis
1470 2260 1550 2299 aut

94 2323 287 2380 potentis
317 2337 404 2379 qua
429 2323 529 2365 uult
551 2325 630 2365 aut
656 2326 802 2379 potest
825 2323 1041 2373 attendas,
1062 2337 1152 2367 una
1181 2326 1248 2366 est
1274 2324 1480 2367 uoluntas
1504 2328 1550 2368 et

95 2394 300 2448 potestas.
360 2391 410 2434 Si
445 2406 556 2447 quae
586 2391 686 2434 uult
717 2394 762 2434 et
793 2406 904 2447 quae
938 2395 1094 2448 potest,
1123 2392 1323 2435 infinitus
1352 2394 1549 2436 omnium

95 2474 302 2502 numerus
331 2462 421 2512 est;
459 2459 587 2502 iuxta
615 2459 726 2502 illud
754 2460 1078 2517 propheticum:
1113 2461 1301 2518 Magnus
1332 2461 1548 2507 Dominus

97 2627 113 2654 1
141 2583 470 2663 motufiuexlssssffff:
496 2628 599 2654 mora
616 2615 682 2652 SM
834 2628 879 2656 10
902 2618 1007 2665 equis
1028 2618 1198 2666 passibus
1212 2619 1246 2655 A
1398 2621 1441 2658 16
1465 2633 1546 2658 am—

94 2663 274 2700 miniculo
292 2664 331 2700 M
471 2675 515 2710 23
540 2664 730 2710 apellatur
746 2663 770 2701 S

141 2778 186 2814 33
210 2770 366 2815 Μαρηιιε
381 2770 478 2806 etc.:
503 2768 562 2805 ΡΒ.
577 2767 664 2805 xlvi.
687 2777 717 2815 5.

1377 2840 1437 2877 ¹17
