1878 3172
178 105 256 155 585
272 104 301 144 d
646 101 905 147 IOANNIS
945 101 1456 146 SARESBERIENSIS
1531 146 1534 151 ,
1625 100 1733 163 [LIB.
1749 112 1780 146 v
1841 107 1843 111 '

271 223 301 264 d
317 222 574 265 innocenter
609 221 750 265 teneri
784 224 942 279 potest,
974 221 1141 265 nullius
1172 221 1446 266 difficultatis
1480 222 1693 266 irruente<
1711 237 1780 266 ar·
1829 202 1853 218 ’

316 291 454 334 ticulo
492 291 778 368 propellatur.
857 290 931 333 Sic
978 305 1082 348 ergo
1121 291 1340 334 seruanda
1384 294 1451 335 est
1497 293 1594 335 uita
1631 295 1685 336 ut
1722 293 1782 336 sit
1846 283 1855 329 ἷ

317 360 622 438 contemptui3
672 360 733 403 sic
779 359 1129 416 contempnenda
1175 362 1244 403 est
1286 363 1339 404 ut
1387 361 1589 418 proficiat
1636 361 1782 404 saluti.

319 429 407 473 Sed
441 430 540 486 quis
575 432 643 472 est
677 429 754 486 qui
789 429 919 472 11οά10
948 431 1234 486 contempnat
1269 430 1475 481 animam,
1504 445 1605 474 cum
1633 430 1784 474 nullus
1854 479 1856 483 v

318 502 400 542 aut
432 513 559 542 rarus
590 499 650 541 sit
684 499 760 555 qui
792 481 888 541 toto
926 498 1088 542 mentis
1127 498 1256 542 hiatu
1289 499 1521 556 pecuniam
1554 514 1644 543 non
1682 514 1782 543 con-
1802 513 1820 548 5

318 568 544 626 cupiscat‘l
602 568 798 621 Quidni?
862 567 977 611 Cum
1862 562 1863 565 ’

579 674 719 717 genus
749 662 794 702 et
824 658 1013 702 formam
1043 659 1197 716 regina
1227 659 1418 702 Pecunia
1447 659 1593 711 donet,
1857 650 1873 713 ,ζ

435 720 481 761 et
509 718 620 760 bene
650 720 930 760 nummatum
959 717 1134 761 decoret
1163 717 1356 761 Suadela
1384 717 1632 774 Venusque,
1860 731 1878 772 3

320 804 397 861 qui
423 804 548 847 diues
573 807 651 854 est,
679 803 756 860 qui
783 806 1070 860 prosperatur
1095 803 1143 846 in
1163 803 1250 846 uiis
1277 804 1380 856 suis,
1404 804 1579 861 sapiens
1604 806 1650 847 et
1676 802 1788 846 felix
1858 839 1862 843 .

321 873 555 918 iudicatur.
614 873 686 915 Ad
713 873 795 916 hoc
821 873 935 915 alius
959 887 1144 916 uxorem
1164 873 1298 923 ducit,
1323 873 1437 916 alius
1461 873 1656 929 quinque
1682 873 1788 930 iuga
1797 874 1861 912 ‘10¹'

321 943 455 986 boum
476 945 554 985 aut
574 941 727 984 uillam
749 942 868 994 emit,
889 944 1212 985 commutantes
1238 957 1319 999 pro
1338 941 1409 985 his
1429 942 1624 985 animam
1647 956 1786 985 suam.

323 1011 544 1068 Cecosque
577 1014 622 1054 et
653 1011 831 1054 claudos
863 1014 909 1054 et
942 1011 1107 1054 debiles
1146 1013 1368 1068 reputant,
1403 1011 1563 1068 quibus
1596 1011 1788 1054 mundus

174 1085 256 1135 586
277 1096 308 1125 a
324 1095 603 1137 nequaquam
627 1080 807 1132 arridet,
831 1095 940 1137 quos
966 1083 1116 1123 tamen
1143 1080 1293 1123 eiectis
1319 1079 1536 1123 diuitibus
1562 1080 1610 1122 in
1637 1094 1789 1123 cenam

322 1150 569 1207 nuptialem
590 1149 820 1206 Sapientia
839 1149 1093 1202 introducit,
1113 1149 1190 1192 ubi
1211 1149 1488 1192 inebriantur
1507 1149 1564 1192 ab
1586 1149 1789 1193 ubertate

323 1219 480 1262 domus
505 1219 589 1262 Dei
617 1221 663 1262 et
695 1221 892 1262 torrente
918 1218 1165 1275 uoluptatis
1201 1221 1378 1261 eternae
1404 1220 1618 1275 potantur
1650 1217 1789 1262 electi.
1810 1220 1848 1266 1⁴5

323 1289 509 1331 Interim
540 1288 805 1344 quicumque
835 1302 924 1330 non
955 1288 1090 1331 habet
1119 1287 1301 1330 diuitias
1331 1287 1496 1330 stultus
1526 1290 1604 1340 est,
1628 1286 1789 1338 asinus,
1828 1287 1834 1290 ’
1876 1292 1878 1300 “

323 1358 472 1415 stipes,
511 1357 692 1408 caudex,
730 1357 974 1414 plumbum,
1013 1360 1094 1400 aut
1141 1357 1179 1400 81
1226 1356 1333 1413 quid
1372 1356 1672 1400 insensibilius
1711 1359 1789 1399 est.

325 1428 502 1470 Stultus
541 1441 645 1484 ergo
684 1430 730 1469 et
768 1427 902 1469 miser
941 1429 1019 1478 est,
1051 1426 1089 1469 si
1120 1426 1220 1483 quis
1252 1428 1319 1468 est
1349 1440 1528 1482 pauper.
1589 1425 1677 1469 Sed
1710 1439 1791 1470 nec

325 1496 464 1539 amari
503 1498 650 1552 potest
689 1495 746 1538 ab
787 1495 947 1552 aliquo,
986 1510 1116 1552 quem
1154 1495 1272 1538 mala
1311 1493 1494 1538 fortuna
1531 1494 1705 1552 premit,
1740 1508 1791 1537 00

326 1565 444 1622 quod
578 1617 581 1619 ,
1811 1581 1852 1605 20
1876 1593 1878 1601 .

499 1649 624 1692 nulla
653 1649 761 1692 fides
791 1663 1001 1706 umquam
1030 1649 1213 1692 miseros
1242 1649 1376 1706 elegit
1405 1648 1594 1701 amicos;

328 1739 373 1780 et
393 1736 509 1778 iuste
528 1735 725 1778 creditur
745 1734 930 1791 quisque
957 1735 1075 1778 mala
1102 1734 1219 1777 ferre
1246 1748 1358 1791 quae
1385 1734 1588 1777 sustinet.
1648 1733 1791 1777 Adeo*

328 1820 413 1862 que
433 1819 619 1862 regnum
639 1804 850 1861 pecuniae
870 1804 1063 1846 inualuit
1083 1807 1136 1846 ut
1162 1804 1419 1860 desperetur
1442 1803 1496 1846 de
1521 1803 1609 1846 fide
1635 1803 1792 1846 iudicis

329 1874 406 1931 qui
436 1874 611 1930 repellit
639 1887 824 1915 munera
857 1873 1090 1916 offerentis.
1151 1872 1200 1916 Si
1230 1872 1411 1929 pascisci
1441 1872 1671 1925 detrectas,
1699 1871 1790 1929 pol—

328 1943 502 1987 licentis
541 1942 708 1985 uideris
746 1942 888 1985 odisse
935 1956 1144 1994 causam3
1194 1945 1239 1985 et
1282 1941 1471 1985 fortasse
1511 1941 1671 1985 affectu
1718 1941 1792 1984 uel
1811 1954 1853 1988 25

283 2021 312 2060 b
330 2027 511 2055 munere
547 2026 640 2055 esse
673 2011 862 2054 crederis
896 2014 1247 2068 praecorruptus,
1273 2010 1311 2053 si
1341 2024 1597 2067 permanere
1626 2010 1697 2052 uis
1725 2011 1792 2052 in·

330 2084 575 2138 corruptus.
650 2080 883 2123 Sententia
922 2080 994 2123 uel
1028 2080 1177 2137 opinio
1216 2079 1576 2136 philosophorum
1615 2079 1794 2122 omnino

330 2150 524 2201 euanuit,
555 2149 663 2191 dum
697 2149 758 2192 sic
790 2163 941 2204 omnes
974 2152 1075 2205 post
1106 2149 1288 2191 diuitias
1321 2151 1502 2191 currant
1532 2162 1584 2191 ac
1616 2147 1655 2190 si
1687 2147 1795 2190 alibi

330 2219 531 2262 laborum
551 2219 725 2275 requies
752 2218 1039 2274 dolorumque
1066 2217 1273 2261 solatium
1300 2217 1493 2260 inueniri
1520 2231 1610 2260 non
1635 2220 1793 2274 posset,
1844 2270 1846 2274 ι

336 2340 377 2376 18
403 2339 590 2384 miserque
607 2338 647 2373 M

382 2457 402 2491 7
432 2449 522 2483 Cum
536 2459 648 2493 yenus
665 2449 759 2484 etc:
785 2445 873 2482 Hor.
892 2447 964 2491 Ep.
981 2445 1005 2480 i.
1025 2445 1057 2481 6.
1077 2454 1133 2491 37,
1153 2446 1208 2490 38.
1355 2456 1398 2482 10
1423 2447 1520 2482 alius
1535 2457 1683 2482 uxorem
1699 2447 1793 2482 etc.:

334 2507 366 2530 v.
384 2495 472 2531 Luc.
490 2494 562 2531 xiv,
582 2496 705 2530 18-20.
883 2503 924 2537 14
948 2494 1136 2538 Sapientia
1151 2505 1160 2529 :
1186 2492 1240 2528 sic
1257 2492 1452 2529 dominum
1469 2493 1510 2529 in
1526 2491 1669 2529 Christi
1685 2504 1795 2539 para-

334 2542 422 2578 bola
437 2544 557 2584 vocat,
575 2552 718 2577 memor
739 2540 843 2577 Prov.
868 2540 917 2576 ix.
940 2550 954 2576 1
971 2551 1072 2585 seqq.
1119 2541 1308 2585 Sapientia
1325 2567 1333 2576 .
1352 2567 1360 2576 .
1380 2567 1388 2576 .
1405 2542 1607 2576 immolauit
1630 2542 1798 2576 uictimas

335 2601 432 2631 suas,
450 2591 593 2624 miscui-t
608 2590 747 2631 uinum,
766 2593 800 2624 et
809 2589 998 2633 proposuit
1022 2598 1181 2622 mensam
1205 2599 1335 2632 suam5
1358 2589 1457 2623 misit
1478 2589 1630 2624 ancillas
1649 2599 1735 2623 suas
1755 2592 1797 2622 ut

335 2641 505 2672 uocarent
521 2638 570 2671 ad
586 2647 702 2671 arcem
722 2637 794 2672 etc.
921 2644 963 2678 14
987 2635 1217 2669 inebriantur
1231 2636 1301 2670 etc.
1317 2647 1326 2670 :
1352 2647 1384 2670 v.
1405 2634 1462 2670 Ps.
1481 2646 1590 2671 xxxv.
1607 2644 1630 2680 9
1753 2635 1795 2670 16

337 2685 468 2718 stultus
484 2688 544 2725 est,
562 2685 690 2718 asinus
705 2683 798 2718 etc.:
823 2694 855 2718 v.
871 2681 950 2717 Ter.
966 2682 1117 2718 Hauton
1137 2682 1270 2718 Timor.
1287 2694 1319 2718 v.
1341 2692 1369 2718 1.
1387 2691 1420 2726 4.
1611 2691 1652 2718 21
1680 2682 1796 2717 Nulla

328 2732 425 2775 fides
441 2731 538 2766 01,οω
563 2729 702 2767 Lucan.
720 2730 847 2766 Phars.
864 2727 940 2765 viii.
960 2737 1037 2775 535.

448 2799 515 2844 364
