1878 3172
98 151 199 189 OAP.
214 139 317 201 xx1]
605 143 1040 189 POLICRATICVS
1564 156 1645 197 447
1663 159 1694 189 a

98 276 199 306 cum
217 263 266 305 in
284 263 498 315 omnibus,
518 278 629 320 quae
651 266 756 307 sunt
783 267 828 307 et
853 279 965 320 quae
985 278 1073 307 non
1092 267 1208 315 sunt,
1228 264 1284 307 ab
1305 264 1433 308 initio
1460 279 1552 308 esse

98 327 271 375 necesse
309 333 368 375 sit
401 333 473 375 uel
510 347 599 376 non
637 347 741 383 esse,
775 335 823 375 et
856 347 1006 375 eorum
1045 347 1157 389 quae
1190 334 1554 377 contradictoriae

97 404 382 457 opponuntur
427 402 616 445 alterum
657 416 827 458 semper
874 416 931 444 ex
978 402 1235 444 necessitate
1283 402 1343 445 sit
1386 417 1553 446 uerum.

99 467 242 512 Tanta
267 485 371 527 ergo
397 470 710 514 numerositate
738 470 871 513 semel
897 472 942 513 et
965 470 1096 513 simul
1122 485 1327 513 uerorum
1357 472 1554 514 excreuit

45 547 80 587 '⁵
98 540 178 580 aut
206 539 353 594 potius
382 539 533 582 extitit
561 554 779 590 numerus,
808 541 860 581 ut
888 539 1067 582 omnino
1093 539 1234 581 minui
1263 543 1453 596 nequeat
1481 540 1554 583 uel

97 607 262 663 augeri,
307 609 353 649 et
390 622 701 664 usquequaque
739 607 786 649 in
833 622 963 649 euum
1002 610 1180 650 maneat
1221 607 1422 650 infinitus
1467 609 1552 651 nisi

96 675 215 731 apud
249 675 470 718 infinitam
499 676 760 732 sapientiam
794 676 888 718 Dei.
946 675 1206 718 Indeficiens
1237 691 1341 733 ergo
1369 677 1553 720 scientia

97 746 164 786 est
193 744 263 786 cui
292 744 427 787 nichil
457 759 606 787 eorum
635 744 834 794 elabitur,
865 747 911 787 et
939 744 1116 787 omnino
1147 747 1434 801 augmentum
1462 760 1553 788 non

97 812 253 868 recipit
300 827 411 869 quae
457 827 508 855 ea
553 813 700 856 omnia
748 813 1087 869 comprehendit.
1165 813 1397 856 Rationem
1446 829 1552 858 uero

39 894 82 918 10
98 894 259 931 eorum,
303 895 415 937 quae
463 881 582 924 Deus
631 882 688 924 ab
736 885 886 925 eterno
933 882 981 924 in
1028 882 1254 938 sapientia,
1296 882 1343 924 id
1389 884 1456 925 est
1503 883 1551 924 in

96 949 325 1006 unigenito
354 949 510 1000 Verbo,
540 950 766 1006 disposuit,
797 964 950 993 creans
979 950 1040 992 ibi
1070 950 1217 993 omnia
1245 950 1388 1001 simul,
1418 966 1550 1007 quam
1567 956 1596 993 b

94 1017 372 1074 postmodum
420 1020 734 1074 consequenter
780 1018 984 1074 producit
1031 1018 1078 1060 in
1126 1033 1258 1075 opera
1312 1020 1551 1062 secundum

94 1085 320 1142 prouisum
354 1086 550 1128 ordinem
589 1085 764 1142 sing-ula
802 1086 1035 1129 traducens
1074 1101 1101 1129 a
1139 1088 1431 1143 generatione,
1466 1103 1553 1145 qua

94 1154 314 1210 incipiunt
346 1168 449 1204 esse,
478 1168 557 1210 per
582 1156 744 1196 sortem
774 1169 861 1210 qua
888 1155 1102 1198 fluctuare
1130 1155 1341 1198 uidentur
1369 1157 1552 1207 casibus,

38 1237 78 1271 15
96 1222 154 1265 ad
191 1223 514 1279 corruptionem
554 1237 664 1278 quae
704 1223 829 1278 quasi
868 1223 1086 1266 existendi
1120 1224 1244 1266 filum
1278 1226 1552 1281 praescidens

95 1291 286 1334 retrudit
328 1291 386 1334 ad
423 1305 512 1334 11011
551 1306 654 1341 esse,
694 1291 851 1334 Parcas
889 1292 961 1334 uel
1002 1292 1113 1335 Fata
1152 1294 1346 1349 antiquis
1384 1294 1552 1350 placuit

94 1359 318 1416 appellari,
357 1374 407 1403 eo
447 1360 563 1416 quod
596 1360 932 1403 constitutiones
971 1361 1275 1417 prouidentiae
1314 1362 1408 1412 Dei,
1443 1363 1551 1419 quin

94 1417 267 1471 effectui
292 1429 606 1485 mancipentur,
633 1429 799 1470 nemini
828 1432 1023 1485 parcant,
1050 1433 1095 1473 et
1125 1445 1152 1473 a
1176 1431 1322 1474 Verbo
1349 1431 1444 1481 Dei,
1464 1446 1551 1487 quo

95 1497 348 1540 eternaliter
377 1497 525 1540 omnia
558 1497 674 1539 dixit
708 1501 753 1540 et
787 1497 907 1540 facta
945 1502 1061 1549 sunt,
1096 1499 1365 1542 executionis
1404 1501 1550 1542 firma-

37 1578 80 1602 20
95 1567 293 1608 mentum
319 1566 548 1622 accipiant.
606 1566 734 1608 Vnde
758 1566 932 1616 Stoicus
958 1567 1105 1609 omnia
1131 1569 1374 1611 necessaria
1399 1569 1550 1619 credit,

93 1633 254 1676 timens
287 1634 491 1676 euacuari
524 1647 649 1690 posse
685 1634 911 1677 scientiam
941 1635 1271 1679 immutabilem.
1331 1636 1367 1678 Ε
1397 1640 1552 1680 contra

94 1701 308 1758 Epicurus
336 1717 486 1745 eorum
513 1717 624 1758 quae
650 1703 862 1745 eueniunt
888 1703 1024 1746 nichil
1047 1704 1350 1759 prouidentiae
1379 1706 1551 1748 ratione

91 1769 363 1826 dispositum,
383 1786 439 1813 ne
459 1770 574 1814 forte
593 1771 895 1814 necessitatem
911 1772 1198 1815 mutabilibus
1213 1773 1343 1816 rebus
1357 1762 1549 1825 inducat,

92 1837 311 1894 opinatur.
371 1838 473 1880 Pari
493 1854 596 1896 ergo
616 1853 760 1881 errore
780 1839 1014 1896 desipiunt,
1034 1855 1133 1882 cum
1157 1840 1270 1883 alter
1290 1842 1409 1884 casui
1436 1843 1550 1885 alter

34 1919 76 1953 25
93 1907 342 1949 necessitati
384 1907 592 1949 uniuersa
629 1907 828 1950 subiciat.
902 1908 1184 1951 Mutabilium
1222 1909 1362 1965 igitur
1400 1926 1547 1953 rerum
1565 1919 1589 1946 C

93 1974 320 2031 dispositio
363 1975 650 2018 immutabilis
689 1978 755 2018 est
767 1990 777 2028 3
826 1979 871 2018 et
910 1979 1085 2019 eternae
1123 1977 1428 2033 prouidentiae
1467 1978 1547 2019 im-

91 2043 317 2085 mutabilis
360 2046 503 2085 status
548 2043 743 2085 omnium
789 2044 1071 2086 mutabilium
1114 2045 1310 2088 continet
1357 2060 1546 2088 cursum.

93 2110 206 2155 Cum
225 2126 330 2154 uero
350 2112 445 2168 ipsa
464 2112 521 2153 ab
546 2112 793 2154 eternitatis
817 2127 922 2155 suae
947 2116 1069 2155 statu
1089 2113 1256 2155 moueri
1282 2127 1371 2155 non
1396 2114 1546 2169 possit,

90 2179 440 2236 contingentium
474 2180 629 2222 seriem
663 2180 719 2222 ab
748 2181 866 2222 omni
895 2195 1014 2222 nexu
1043 2181 1314 2223 necessitatis
1343 2182 1544 2224 absoluit.

30 2259 75 2292 30
93 2247 151 2290 Et
165 2247 267 2290 licet
285 2248 365 2290 lux
383 2248 690 2291 inaccessibilis
717 2249 956 2304 sapientiae
983 2249 1066 2291 Dei
1093 2250 1310 2292 humanae
1337 2250 1544 2293 scientiae

90 2315 293 2357 tenebras
338 2316 737 2372 incomparabiliter
781 2317 1021 2367 antecedat,
1062 2319 1129 2360 est
1171 2320 1319 2360 tamen
1365 2318 1412 2359 in
1457 2333 1544 2374 quo

89 2383 281 2426 claritati
320 2385 438 2427 illius
476 2385 676 2441 caliginis
711 2387 886 2428 nostrae
924 2386 1075 2428 oculus
1118 2385 1234 2442 quod
1280 2386 1337 2428 ad
1376 2386 1543 2443 aliquid

91 2511 112 2546 7
137 2502 199 2539 dei
213 2503 437 2548 sapientiam
453 2503 487 2540 A
629 2505 673 2541 16
695 2504 855 2551 parchas
872 2503 912 2539 M
1054 2515 1100 2541 20
1123 2506 1273 2551 stoycus
1289 2505 1322 2541 A

139 2611 181 2648 16
203 2613 357 2647 Parcas:
383 2625 414 2648 v.
443 2612 542 2649 Serv,
566 2612 606 2648 in
633 2612 742 2659 Verg.
771 2613 858 2649 Aen.
884 2612 908 2648 i.
935 2623 1004 2654 22;
1033 2609 1110 2649 Ecz.
1134 2612 1180 2649 iv.
1207 2622 1275 2658 473
1307 2614 1418 2651 Mart.
1448 2614 1536 2661 Cap.

88 2655 134 2693 iv.
162 2659 251 2702 3603
278 2659 363 2695 Isid.
393 2661 489 2705 Oriq.
513 2659 589 2696 viii.
614 2670 681 2705 93;
709 2659 845 2695 Donat.
873 2662 947 2695 Ars
971 2661 1131 2695 Gramm.
1158 2660 1212 2696 iii.
1238 2662 1271 2697 6.
1420 2663 1539 2698 Fata:

88 2715 120 2739 v.
140 2703 250 2741 Prisc.
275 2707 404 2742 Partit.
431 2708 487 2741 :cii
510 2719 602 2743 uers.
627 2709 718 2742 Aen.
740 2708 816 2743 116.
1051 2716 1093 2753 25
1120 2708 1354 2743 Mutabilium
1371 2711 1465 2746 etc.:
1491 2710 1539 2746 cf.

88 2749 184 2797 Aug.
202 2754 245 2787 de
265 2753 336 2789 Civ.
353 2755 431 2797 Dei,
450 2765 506 2790 xv.
527 2763 586 2801 25·
728 2764 775 2800 30
798 2755 864 2790 lux
880 2755 1150 2791 inaccessibilis:
1179 2765 1195 2792 1
1214 2755 1308 2792 Tim.
1327 2755 1374 2791 vi.
1396 2757 1450 2792 16.

1369 2836 1432 2873 119
